2397 3664
56 488 115 519 320

58 959 90 970 ἢ,

58 958 111 990 2„1

61 2507 119 2539 323

64 2766 124 2797 324

69 3110 122 3141 325

710 45 810 105 De
845 45 1078 104 Constit·
1112 64 1160 106 c.
1195 45 1291 107 Ne
1327 47 1592 108 innitarisss

139 137 250 167 dantur
259 143 369 165 contra
378 142 528 174 praecepta
537 132 613 173 legis
623 151 633 165 ‚
656 141 709 162 aut
720 141 829 161 contra
838 133 869 162 id
878 151 887 165 ‚
909 143 955 171 qu«
965 145 989 160 >u
1001 130 1121 170 publice

138 187 262 210 tenetur
277 186 328 217 per
337 175 478 209 Ecclesiae
497 174 739 208 authoritatem,
760 173 777 204 a
797 183 926 214 peccato
936 176 1047 205 erroris
1056 183 1122 205 non

139 219 282 252 excusare
291 240 299 254 ‚
311 230 343 251 ut
355 230 405 261 per
415 220 456 251 D.
466 219 582 250 Thom.
592 216 621 247 d.
631 214 757 254 quodlib.
770 225 796 256 3.
807 225 868 247 art.
883 226 928 247 10.
940 217 977 248 «ff
987 214 1085 253 quodl-
1091 219 1119 247 8.

137 272 199 295 art.
212 272 258 303 13.
281 261 377 294 Unde
399 262 489 294 fateri
497 268 620 299 oportet
641 259 719 290 lianc
743 257 921 290 dostrinam
943 269 1006 290 non
1028 260 1085 290 elle
1105 259 1123 290 a

137 306 210 338 Deo
219 325 228 340 ‚
244 304 317 337 cuni
327 315 393 337 tam
402 304 509 337 crebr'o
524 302 719 336 occasionem
731 302 860 341 praebeat
870 302 1067 333 convellendi
1077 302 1121 342 ju-

139 359 183 383 ra,
192 350 224 380 &
235 349 397 389 privilegia
407 345 547 379 Ecclefiae
555 365 563 374 .
575 345 621 375 Ad
633 344 691 375 hoc
701 345 882 378 mamilia,
893 342 988 381 §.hinc
1001 343 1120 386 17.dr'st.

137 393 245 436 c.Q2's
253 382 368 424 dubit&
375 411 385 425 ,
394 401 418 422 c.
428 390 499 421 Duo
498 387 574 429 sunt
582 407 593 422 ‚
604 385 641 419 <9-
649 398 673 420 c.
677 385 737 429 fin.
748 391 797 423 96·
808 385 876 428 dist.
887 387 925 419 (r
934 398 958 419 c.
971 396 998 419 1.
1007 389 1057 420 De
1065 390 1123 419 im-

140 438 250 466 munit.
260 433 377 472 Eccleſs
386 429 438 463 lib.
450 436 478 462 6.
489 442 554 463 cum
569 431 673 462 multis
688 428 934 462 concordantibus
944 452 951 459 .

179 474 557 518 Trigesimumseptimum
568 473 809 505 fundamentum
817 475 982 504 deducitur
990 483 1027 504 ex
1036 483 1125 505 nono

139 521 278 554 absurdo,
287 516 397 558 nempe
405 519 480 558 quia
489 516 551 548 haec
561 515 705 548 dotsttina
713 518 814 547 reddit
825 517 968 547 homines
978 515 1122 556 ignavos,

138 564 249 604 eosque
271 563 307 592 ab
320 563 409 592 omni
432 560 531 591 studio
548 560 793 600 contemplandae
816 559 955 589 veritatis
977 561 1104 590 abducit
1113 580 1121 588 .

140 606 227 639 Nam
239 605 291 636 ubi
302 604 438 644 primum
453 604 522 643 quis
533 605 565 634 in
575 602 679 642 aliqua
694 601 905 633 controversia
914 602 1124 632 moraliintel-

139 649 209 690 ligit
218 657 320 679 extare
328 648 494 686 opiniones
503 647 673 686 probabiles
680 665 692 680 ‚
700 646 733 677 &
744 643 771 674 se
781 644 891 675 habere
900 645 1074 675 libertatem
1083 643 1125 675 se-

139 690 255 732 quendi
263 699 358 731 quam
367 690 511 720 maluerit
520 708 530 723 ‚
549 687 621 722 licet
630 686 734 719 minus
745 687 935 728 probabilem
944 707 953 721 ‚
973 697 1009 719 ac
1020 686 1125 718 minus

138 743 251 767 tutam,
261 742 325 763 non
335 732 453 764 laborat
464 742 518 773 pro
524 733 653 763 veritate
663 729 790 762 ulterius
798 730 993 771 assequenda:
1004 741 1068 771 quo
1079 730 1126 764 fit,

138 787 172 808 ut
181 778 240 808 hoc
252 776 358 807 l'aeculo
368 775 458 816 pauci
468 775 670 806 inveniantur
680 772 837 814 profundae
848 773 982 805 scientiae
990 793 1001 809 ‚
1009 775 1064 814 qui
1074 783 1126 804 ve-

140 821 185 851 lut
196 819 334 860 splendor
344 818 508 859 effulgeant
520 819 710 849 firmamenti
721 837 730 850 ‚
744 819 777 849 &
788 818 871 848 velut
882 816 968 848 stellze
978 818 1013 848 in
1022 826 1127 857 perpe-

139 871 209 894 tuas
217 864 404 893 aeternitates
414 861 548 892 mansuri
559 864 597 893 ad
606 861 755 902 justitiam
765 862 887 891 valeant
898 860 1046 900 plurimos
1055 869 1125 890 eru-

139 906 224 940 dire,
243 904 410 937 secundum
418 906 502 943 quod
512 906 623 944 legitur
639 903 674 935 in
684 914 708 935 c.
718 906 816 942 Smper
830 902 997 943 speculante
1015 903 1127 941 Magi-

129 947 206 991 stris
216 971 223 978 .
246 947 315 979 Imb
324 957 357 979 ut
367 947 410 978 ait
423 947 504 977 Bald.
517 946 592 988 conſs
606 956 672 987 343.
682 958 712 977 n.
722 944 812 986 4-lrb.
830 956 853 977 1.
864 945 950 977 astus
961 955 1127 986 argumen-

141 994 227 1024 tandi
238 992 279 1023 est
288 992 370 1032 apud
380 989 523 1021 infinitos
533 1011 543 1024 ‚
551 988 921 1030 conclusiorespondendi
931 1009 941 1022 ,
956 990 988 1020 ὃς
999 988 1128 1019 medici—

141 1046 182 1067 na
193 1034 321 1066 sanandi
330 1034 408 1073 apud
422 1043 535 1074 paucos
545 1055 552 1063 .
574 1031 707 1064 Confert
717 1042 819 1064 textus
841 1034 874 1062 in
885 1042 908 1077 ς.
918 1032 988 1062 Nec
998 1033 1108 1062 mirum
1118 1051 1128 1064 ‚

143 1077 224 1118 vers.
234 1074 303 1109 Ne'c
309 1073 438 1116 potestis
447 1096 457 1110 ‚
478 1076 521 1107 ibi
532 1088 538 1106 :
548 1079 675 1115 Semper
685 1075 832 1117 discentes
842 1095 853 1108 ‚
875 1080 912 1106 (θ’
921 1075 1129 1120 numquam-ad

133 1122 299 1163 scientiam
308 1121 454 1151 veritatis
469 1122 696 1158 pervenientes,
719 1123 767 1150 26.
778 1115 871 1158 quaest.
884 1125 909 1156 5.
931 1117 1130 1162 AdditJulius

142 1165 307 1196 Mercorus
323 1161 360 1193 de
368 1160 583 1201 probabilitate
603 1163 771 1201 opinionum
789 1168 872 1201 part.
887 1169 913 1200 3.
928 1169 987 1191 art.
999 1171 1028 1200 4.
1046 1162 1129 1190 iutu—

144 1217 214 1239 rum
222 1207 278 1236 esse
289 1226 298 1239 2
321 1215 354 1236 ut
364 1206 491 1236 admiil'o
501 1206 553 1237 usu
565 1206 816 1246 probabilitatum
825 1224 835 1238 ‚
852 1204 922 1235 libri
930 1205 985 1244 qui
995 1201 1129 1234 [radiant

146 1253 182 1282 de
194 1249 305 1280 morali
315 1250 455 1282 materia,
466 1250 551 1280 brevi
561 1258 698 1289 tempore
707 1247 960 1287 contemptibiles
969 1247 1057 1291 fiant,
1065 1245 1132 1277 imo

146 1304 214 1324 tota
224 1292 351 1324 scientia
362 1292 487 1323 moralis
497 1294 691 1332 contemptui
709 1291 855 1321 habeatur
865 1301 875 1326 ·,
896 1300 970 1322 nam
980 1294 1066 1322 calus
1075 1291 1129 1330 qui

145 1336 257 1376 poterit
267 1338 435 1375 unicuique
445 1345 605 1366 occurrere
616 1355 625 1367 ,
643 1345 695 1365 aut
705 1336 761 1365 erit
772 1333 874 1365 facilis
884 1353 893 1367 ‚
915 1331 1111 1365 autd‘ifficilis
1124 1344 1131 1362 :

144 1386 164 1410 li
177 1379 276 1411 facilis
286 1399 295 1412 ,
318 1389 381 1409 non
390 1381 447 1409 erit
468 1389 545 1417 opus
556 1378 654 1409 studio
664 1398 674 1411 ‚
696 1387 753 1408 nec
765 1377 960 1408 revolutione
982 1377 1132 1407 librorum

144 1434 200 1463 pro
209 1423 273 1461 ejus
283 1422 468 1452 resolutione
481 1433 486 1450 :
504 1422 525 1452 l'i
536 1420 668 1453 difficilis
679 1440 689 1454 ‚
714 1420 774 1460 jam
785 1419 1132 1461 experimurdifficulta-

142 1475 206 1497 tem
217 1464 434 1505 propositionis
445 1474 479 1495 ex
491 1475 529 1495 eo
550 1464 712 1505 provenire
722 1484 732 1497 ,
752 1464 828 1504 quia
850 1473 995 1504 utrinque
1007 1466 1074 1494 lunt
1085 1472 1132 1494 ta-

143 1509 246 1540 tiones
255 1507 406 1539 suasibiles
418 1528 427 1542 ‚
438 1517 470 1539 ut
484 1508 610 1539 liabetur
624 1519 648 1540 1.
659 1505 802 1546 Topicor.
812 1514 907 1546 crzp.9.
919 1508 953 1536 in
958 1505 1133 1545 princ.Un-

145 1554 182 1582 de
192 1552 293 1583 statim
303 1561 394 1592 atque
412 1551 524 1591 aliquis
535 1550 738 1591 apprehendit
755 1550 860 1582 casum
871 1549 1058 1590 propositum
1077 1549 1134 1580 esse

145 1594 323 1628 difficilem,
346 1595 434 1625 simul
443 1596 540 1625 etiam
550 1594 751 1634 apprehendit
769 1594 858 1625 illum
873 1593 929 1624 esse
940 1602 994 1633 pro
1005 1602 1134 1634 utraque

146 1648 230 1678 parte
243 1637 432 1678 probabilem
443 1657 452 1672 ‚
469 1639 501 1669 δέ
511 1636 573 1668 sine
583 1638 647 1668 alio
653 1636 753 1669 studio
759 1637 796 1668 ad
807 1646 902 1676 quam
913 1636 1056 1667 maluerit
1067 1645 1134 1675 par-

145 1691 210 1712 tem
222 1691 288 1712 tuta
298 1680 491 1711 conscientia
501 1678 527 1711 se
538 1680 671 1720 applicat
680 1701 687 1709 .
702 1679 751 1711 Ad
759 1681 835 1720 quid
845 1689 921 1720 ergo
932 1689 986 1719 pro
995 1680 1133 1719 dirigen—

144 1723 403 1756 discoul'cientiis
415 1723 558 1754 desudare
568 1743 577 1757 ‚
599 1733 634 1754 ac
644 1723 736 1754 libros
748 1723 871 1754 volvere
881 1724 982 1753 labore
994 1721 1133 1763 superva—

145 1777 205 1799 cuo
216 1774 223 1797 ‘z
235 1764 353 1808 c.fin.7.
365 1775 391 1803 q.
406 1776 429 1796 1.
439 1767 512 1806 glos.
524 1767 577 1797 ult.
588 1768 620 1797 in
629 1765 848 1799 achmtatem
861 1776 906 1797 ιε.
919 1776 964 1803 qn.
978 1776 1004 1796 2.

183 1808 548 1851 Trigefimumoe‘tavum
566 1809 801 1840 fundamentum
819 1808 946 1841 sumitur
957 1818 993 1841 ex
1010 1809 1134 1842 decimo

145 1853 274 1885 absurdo
284 1873 292 1887 ‚
315 1856 399 1893 quod
409 1853 450 1883 cst
467 1853 502 1883 de
513 1854 702 1884 relaxatione
725 1852 921 1885 conscientia:
932 1874 939 1882 .
962 1851 1049 1885 Nam
1060 1851 1134 1885 cum

145 1896 245 1928 icnl‘us
256 1895 393 1927 hominis
405 1895 495 1935 proni
506 1896 564 1928 sint
575 1898 611 1927 ad
620 1897 738 1928 malum
748 1917 758 1931 ‚
767 1895 1134 1928 Gencs.8.c.0mnisaetas

151 1950 162 1971 1
172 1949 245 1976 ιαμ.
254 1948 278 1969 1.
287 1948 323 1968 ex
334 1939 472 1970 libertate
483 1940 618 1980 eligendi
627 1950 858 1982 quamcumque
868 1942 1053 1981 opinionem
1065 1949 1135 1980 pro-

148 1982 282 2014 babilem
292 1981 344 2015 fit,
367 1990 399 2012 ut
411 1984 545 2022 plerique
556 1983 673 2024 eligant
691 1985 857 2023 opiniones
869 1983 1042 2023 prurientes
1053 1985 1135 2014 auri-

144 2027 202 2057 bus
212 2045 221 2059 ‚
231 2029 262 2056 e<
273 2024 468 2065 indulgentes
478 2025 574 2057 sensui
585 2046 595 2060 ,
615 2038 640 2058 c.
651 2027 719 2057 Nec
729 2029 840 2057 mirum
850 2046 859 2060 ,
882 2024 961 2065 versss
974 2028 1044 2057 Haec
1054 2034 1135 2065 pote-

139 2066 206 2109 stas
218 2072 263 2099 26.
274 2066 366 2107 quiest-
379 2077 404 2105 5.
415 2067 511 2099 Unde
523 2071 690 2108 plurimum
710 2070 885 2101 relaxantur
895 2069 1035 2100 ridellum
1056 2079 1134 2100 com

146 2111 282 2142 i'cientiae
292 2130 302 2144 2
323 2109 519 2150 &frangitur
541 2122 652 2143 nervus
662 2112 877 2144 Ecclesiastico:
898 2110 1067 2152 disciplina:
1077 2131 1086 2145 ²
1108 2122 1132 2143 c.

145 2153 322 2193 Disciplina
332 2161 380 2192 45.
394 2152 462 2193 dist.
471 2154 554 2193 gloss.
565 2158 597 2184 in
606 2166 661 2185 c-2.
674 2155 806 2192 §.Nulla
815 2164 923 2192 quoque
937 2156 970 2185 in
980 2165 1044 2185 ver.
1054 2157 1135 2186 Con<

139 2195 298 2237 suetudine
308 2194 344 2226 dc
350 2203 456 2235 paemt.
466 2202 503 2227 θ’
510 2194 619 2236 remiffi
629 2196 714 2228 lib-6.
726 2197 764 2229 (5
772 2200 805 2228 in
814 2208 839 2228 c.
848 2195 938 2238 finan
950 2208 1016 2228 ver.
1028 2200 1135 2230 Ratio-

145 2237 390 2278 nabi'libvisprop&
405 2237 462 2279 fin.
476 2238 523 2269 De
532 2239 757 2271 consuetudine
778 2241 974 2271 observatum
983 2240 1022 2271 est
1044 2251 1134 2272 nam-

144 2293 204 2324 que
217 2284 360 2313 homines
369 2282 509 2323 alioquin
521 2285 552 2313 in
574 2282 699 2324 jejuniis
708 2283 860 2317 austeros,
881 2284 896 2314 ii
913 2284 1016 2315 lanista
1034 2283 1135 2315 obser-

147 2329 274 2357 vatione
284 2327 425 2356 destitiise
435 2345 445 2359 ‚
467 2325 583 2357 auditis
593 2328 788 2367 Scriptorum
803 2329 897 2358 nollri
906 2329 1053 2367 temporis
1062 2330 1134 2368 opi-

145 2370 293 2400 nionibus
305 2369 461 2409 jejunandi
472 2371 679 2408 obligationes
699 2371 908 2401 relaxantibus
917 2390 927 2404 ‚
950 2380 983 2401 ut
995 2370 1134 2402 dicemus

146 2412 227 2443 infra
237 2412 268 2442 'in
277 2422 326 2451 40.
340 2410 542 2443 fundamento
551 2412 602 2444 sub
611 2424 639 2444 n>
652 2418 719 2453 336.
729 2412 808 2454 verſs
819 2411 1029 2452 Obiigationes
1039 2434 1048 2447 ‚
1058 2424 1134 2444 con-

146 2465 193 2486 tra
202 2465 254 2488 ea,
275 2465 342 2494 quit
353 2454 385 2484 in
397 2455 452 2486 hac
464 2455 641 2497 ipsajejunii
653 2457 784 2489 materia
804 2457 936 2488 consulit
946 2455 1089 2488 Pontifex
1101 2459 1133 2488 in

142 2509 165 2530 c.
175 2508 198 2529 i.
209 2497 246 2528 dc
255 2495 460 2538 observ.yejun.
471 2498 509 2529 Et
519 2500 679 2534 nonnulli,
688 2503 743 2541 qui
755 2500 853 2540 parati
861 2509 949 2531 erant
958 2500 1131 2540 relinquere

146 2541 342 2573 occasionem
354 2542 526 2580 proximam
535 2545 702 2581 peccandi,
720 2545 849 2575 modum
859 2545 1046 2574 invenerunt
1055 2546 1087 2574 in
1098 2553 1135 2574 ea

148 2584 361 2625 perseverandi
371 2604 380 2617 ,
403 2582 598 2624 posteaquam
607 2586 772 2617 audierunt
790 2586 973 2618 sententiam
983 2586 1133 2618 Authoris

148 2626 329 2659 affirmantis
340 2637 404 2657 non
422 2628 519 2657 modo
529 2627 584 2657 else
601 2628 721 2660 licitum
730 2629 765 2661 in
788 2629 960 2671 hujusmodi
970 2629 1133 2661 occasione

149 2680 274 2702 manere
285 2690 293 2704 ‚
305 2669 351 2701 sed
362 2673 457 2700 etiam
468 2672 501 2700 in
512 2679 581 2700 eam
591 2670 672 2700 ultri)
682 2670 710 2701 se
718 2672 874 2712 conjicere
882 2692 891 2706 ,
907 2674 947 2704 ob
955 2672 1111 2713 spirituale
1121 2693 1132 2708 ‚

148 2723 201 2744 aut
211 2714 377 2754 temporale
388 2712 472 2744 suum
482 2733 491 2747 ,
514 2723 566 2744 aut
584 2714 717 2753 proximi
728 2715 844 2746 bonum
852 2736 861 2749 ‚
885 2725 918 2746 ut
940 2717 1055 2755 patebit
1064 2717 1132 2747 eod.

144 2766 193 2796 n.3
202 2761 247 2797 36.
258 2756 484 2799 verfTametfi
494 2778 501 2785 .
525 2756 564 2787 Et
574 2756 715 2787 similiter
724 2757 776 2787 alii
786 2777 796 2790 ‚
819 2760 874 2799 qui
884 2759 1107 2799 proposuerunt
1116 2757 1134 2790 ἐ

147 2802 242 2831 domo
251 2801 462 2831 concubinam
473 2801 601 2840 ejicere,
616 2798 632 2830 a
643 2800 797 2841 proposito
806 2801 987 2832 recesserunt
996 2822 1006 2836 ‚
1027 2802 1135 2833 audita

146 2844 272 2874 alterius
288 2841 446 2884 Theologi
457 2843 609 2874 sententia
625 2843 780 2874 afferentis
792 2844 1052 2876 concubinarium
1068 2855 1133 2876 non

147 2888 246 2917 teneri
256 2895 326 2917 eam
341 2888 504 2926 repellere,
525 2885 571 2916 sed
583 2895 708 2916 tantum
717 2886 854 2926 polliceri
873 2886 1053 2927 secumipsa
1068 2898 1133 2919 non

150 2938 348 2968 peccaturum
358 2949 369 2963 ‚
389 2931 514 2971 quando
523 2939 557 2960 ea
566 2929 686 2960 dimilsa
700 2928 815 2960 tristius
827 2931 924 2960 vitam
933 2931 1059 2960 duceret
1068 2950 1078 2964 ‚
1100 2940 1133 2962 ut

150 2974 261 3011 pariter
271 2971 402 3004 inferius
410 2972 526 3014 patebit
536 2974 603 3003 eod.
613 2981 712 3011 mmm
718 2976 764 3012 36.
774 2972 854 3013 vers.
862 2970 1113 3004 concubinarium
1123 2995 1132 3002 .

154 3015 230 3045 ltem
239 3016 312 3050 alii,
334 3017 388 3057 qui
403 3015 576 3056 (quantum
587 3015 722 3046 humana
737 3015 888 3056 fragilitas
898 3016 1033 3056 patitur)
1056 3026 1133 3047 con-

152 3057 311 3089 sueverunt
333 3069 407 3090 cum
420 3061 544 3090 interna
565 3060 740 3090 attentione
749 3058 875 3090 Mill‘am
896 3060 1020 3093 audire,
1040 3068 1132 3099 atque

148 3099 296 3132 Officium
307 3101 462 3133 Divinum
482 3103 630 3136 recitare,
652 3100 716 3133 faffi
732 3101 800 3134 funt
818 3111 947 3132 omnem
963 3101 1132 3133 solicitudi-

152 3153 224 3174 nem
244 3145 278 3175 ὃς
295 3143 470 3185 scrupulum
490 3144 658 3186 deposuiffe
667 3165 677 3179 ‚
699 3144 894 3185 posteaquam
914 3145 1132 3176 intellexerunt

151 3186 290 3217 satisfieri
300 3197 449 3228 praecepto
457 3187 598 3219 Ecclesiae
608 3188 731 3219 Miffam
742 3189 898 3219 audiendo
907 3207 917 3221 ,
938 3189 971 3219 ὅ(
980 3187 1132 3219 Officium

150 3230 312 3260 recitando
321 3230 415 3261 etiam
425 3241 497 3262 cum
507 3230 707 3262 distrastione
718 3231 892 3262 voluntaria
901 3249 911 3264 ‚
933 3231 971 3261 eo
979 3230 1062 3272 quod
1072 3230 1131 3262 Ec-

149 3273 238 3304 clesia
250 3282 313 3303 non
324 3272 409 3312 poffit
420 3274 584 3315 praecipere
595 3295 604 3309 ‚
615 3284 648 3306 ut
657 3273 787 3305 alsistant
796 3293 807 3308 ,
816 3275 848 3305 ὅ(
858 3274 989 3304 recitent
999 3283 1072 3306 cum
1084 3284 1131 3305 at-

150 3318 291 3347 tentione
300 3335 309 3349 ,
319 3318 369 3346 leu
376 3316 543 3348 devotione
554 3318 688 3352 interna,
697 3319 780 3358 quod
788 3315 978 3348 affirmarunt
987 3316 1129 3357 AEgidius

149 3357 308 3390 Coninch.
319 3357 355 3388 de
363 3360 501 3390 Sacram.
511 3362 543 3390 in
554 3364 701 3401 3¹·‘114-83·
710 3365 801 3392 art-6.
812 3369 915 3396 71.291.
926 3358 964 3391 (5⁶
972 3368 1041 3397 297-
1051 3359 1129 3391 Pau-

148 3402 192 3431 lus
206 3401 309 3442 Laym.
318 3401 441 3437 traii'bq.
452 3411 506 3440 ας.
517 3413 578 3433 n-z.
588 3404 719 3444 Henriq.
730 3406 762 3434 in
770 3400 940 3438 Sum.lib.9.
950 3407 1128 3443 c.25.n.3.i71

145 3454 174 3483 31
183 3444 220 3484 1ssss
231 3447 336 3475 littera
347 3446 382 3475 Ι).
395 3446 545 3483 ‘el-uorum
555 3454 659 3476 tamen
668 3449 852 3486 opinionem
862 3456 917 3478 nec
928 3456 1033 3478 veram
1042 3466 1051 3480 ‚
1071 3457 1127 3477 nee

232 3490 368 3526 Fugam.
381 3490 413 3518 in
422 3491 448 3519 l.
461 3486 528 3519 Lt'b.
539 3488 695 3519 Dav-emt.

1162 141 1352 172 ptoo‘iuiiem
1362 136 1416 163 elle
1426 154 1435 168 ‚
1446 131 1585 164 iatii‘lime
1592 130 1783 164 ostendimus
1793 130 1827 164 in
1835 142 1861 165 c.
1871 131 2019 164 Dolentes
2028 144 2048 164 a
2056 146 2086 164 tl·
2103 141 2149 171 17.

1162 177 1248 214 usque
1257 175 1298 206 ad
1307 179 1390 212 n.67.
1399 176 1435 207 de
1443 173 1680 217 celebr.Missar.
1690 175 1806 207 Rursus
1816 177 1921 216 paucis
1929 177 1966 207 ab
1975 176 2048 207 hinc
2058 176 2151 208 annis

1160 217 1291 258 quidem
1309 217 1481 260 Regulates
1489 221 1595 250 audita
1611 220 1761 259 opinione
1770 238 1780 253 ‚
1800 229 1895 259 quam
1913 219 2057 249 nonnulli
2082 221 2147 250 Au-

1162 261 1266 291 tliores
1288 262 1476 301 probabilem
1493 264 1602 293 dicunt
1613 282 1622 296 ‚
1643 260 1727 303 quod
1749 261 1894 293 Summus
1917 260 2061 292 Pontifex
2083 272 2147 293 non

1163 302 1250 342 poffit
1262 302 1468 345 Regularibus
1476 306 1513 335 ad
1526 303 1734 345 praescriptum
1746 305 1874 346 Regulae
1890 303 2148 336 reformationem

1163 348 1299 378 indicere
1309 356 1415 388 praeter
1422 346 1682 380 consuetudinem
1691 368 1702 382 ‚
1723 358 1791 389 quae
1801 350 1834 379 in
1845 347 2014 389 Religione
2024 350 2148 389 vigebat

1162 397 1302 429 tempore
1320 389 1512 430 profeffionis
1527 390 1636 421 emiffae
1644 410 1654 424 ‚
1675 391 1738 422 ausi
1761 392 1829 422 sunt
1838 392 1973 423 debitam
1991 392 2150 423 mandatis

1163 432 1348 471 Apostolicis
1364 434 1575 464 obedientiam
1585 435 1738 474 denegare
1747 455 1754 463 .
1779 434 1817 465 Et
1839 444 1942 466 tamen
1953 435 2068 466 nedum
2089 434 2149 466 hoc

1164 474 1254 509 casu,
1275 477 1309 505 in
1317 485 1382 516 quo
1391 475 1565 516 hujusmodi
1573 476 1685 516 opinio
1693 476 1734 507 est
1751 476 1908 508 manifeste
1918 476 1990 509 falsa
1998 498 2008 513 ,
2029 480 2062 510 δι
2072 487 2149 509 con-

1163 527 1211 548 tra
1219 518 1276 548 c.E
1279 528 1303 548 x
1309 525 1400 557 parte
1409 518 1446 548 de
1457 520 1599 556 Regulam
1609 520 1821 554 execat-emes,
1828 521 1861 552 δι
1872 523 1913 552 ibi
1923 520 1989 552 dixi
2000 530 2061 557 n.7.
2071 520 2109 552 (ῥ’
2118 531 2148 558 9.

1165 559 1201 592 (3³
1209 571 1234 592 c.
1244 558 1297 600 fin.
1305 559 1343 591 de
1346 558 1422 601 stat.
1432 563 1560 592 Monac.
1573 562 1606 592 δε
1615 571 1725 592 contra
1735 563 1852 594 Concil.
1864 563 1958 594 Tria.
1968 575 1992 595 c.
2000 574 2024 594 1.
2027 561 2096 605 seff
2101 575 2116 594 2
2120 571 2148 602 5.

1164 603 1200 634 de
1210 603 1352 642 Regular.
1363 603 1412 634 sed
1421 604 1517 635 etiam
1526 603 1548 635 si
1557 604 1628 635 esset
1639 606 1732 635 dubia
1741 624 1751 638 ‚
1762 605 1967 637 nihilominus
1978 608 2148 646 parendum

1165 646 1234 677 effet
1244 656 1366 687 propter
1374 647 1492 678 bonum
1500 646 1685 678 obedientiae
1695 667 1705 682 ,
1726 658 1750 679 c.
1753 646 1841 690 Qid
1849 649 1985 687 culpatur
1994 652 2028 681 in
2033 648 2091 690 fin.
2102 659 2151 689 23.

1166 698 1212 726 qu.
1224 699 1236 720 1
1243 710 1251 719 .
1260 689 1342 730 gloss‘.
1354 686 1407 728 fin.
1417 691 1450 720 in
1459 701 1484 722 c.
1497 701 1524 720 2.
1534 691 1584 722 De
1593 689 1700 728 major.
1710 688 1748 722 &⁰
1763 690 1844 723 obed.
1853 690 1893 722 Et
1902 692 2040 731 profecte)
2050 693 2070 723 si
2080 695 2150 733 quis

1166 733 1320 773 intelligat
1331 731 1498 764 secundum
1507 742 1603 764 unam
1611 735 1795 774 opinionem
1813 733 1840 765 se
1850 744 1914 765 non
1926 738 2024 766 teneri
2041 745 2150 767 votum

1166 774 1346 816 Religionis
1353 776 1520 816 adimplere
1529 796 1540 811 ‚
1560 786 1614 808 aut
1632 778 1782 809 damnum
1791 776 1913 809 illatum
1931 778 2054 810 reficere
2064 799 2076 813 ‚
2096 789 2150 810 aut

1167 817 1270 850 usuras
1278 828 1421 859 acceptas
1429 819 1585 851 restituere
1595 840 1606 854 ‚
1627 821 1675 850 vel
1684 821 1758 860 quid
1769 820 1866 852 simile
1875 840 1885 855 ‚
1906 822 1939 852 δε
1956 820 2085 853 liberum
2096 821 2152 853 fibi

1167 861 1224 891 effe
1241 862 1420 894 utramlibet
1433 864 1619 903 opinionem
1635 862 1783 904 amplecti
1804 874 1878 895 cuin
1895 863 2055 895 securitate
2074 874 2151 896 con·

1168 903 1304 936 scientiae
1320 925 1331 940 ‚
1351 907 1422 947 quis
1442 907 1547 937 credat
1566 915 1638 937 eum
1660 907 1737 937 velle
1760 906 1899 939 servituti
1923 906 2100 948 Religionis
2123 907 2152 938 se

1168 947 1347 988 mancipare
1355 968 1366 982 ,
1389 958 1442 980 aut
1458 959 1598 990 reputare
1617 948 1647 981 se
1655 949 1843 981 restitutioni
1863 951 2037 982 obnoxium
2047 970 2057 985 ‚
2079 948 2153 982 cum

1168 991 1206 1020 ab
1216 990 1263 1021 bis
1273 990 1361 1031 poffit
1372 990 1400 1022 se
1417 991 1552 1023 eximere
1560 993 1705 1033 eligendo
1722 993 1906 1033 opinionem
1917 991 2021 1025 minus
2043 993 2154 1034 proba-

1169 1033 1262 1064 bilem
1272 1032 1327 1064 sibi
1337 1033 1495 1066 faventem
1505 1055 1515 1070 ,
1537 1034 1644 1067 relitsta
1652 1038 1809 1067 contraria
1820 1036 2036 1076 probabiliori,
2057 1047 2092 1068 ac
2103 1045 2153 1068 tu-

1169 1076 1262 1107 tiori?
1285 1075 1454 1108 Praesertim
1476 1077 1549 1108 vero
1569 1078 1644 1118 quia
1667 1078 1758 1110 multi
1779 1078 1934 1111 affirmant
1950 1079 1985 1111 in
2004 1079 2157 1112 confflem

1168 1120 1358 1158 opinionum
1367 1120 1570 1159 probabilium
1580 1121 1660 1160 posse
1681 1124 1784 1152 virum
1793 1122 1921 1155 dostum
1930 1142 1941 1157 2
1961 1121 2070 1154 relista
2087 1124 2156 1164 opi-

1169 1163 1267 1193 nione
1282 1181 1292 1195 ‚
1320 1172 1417 1203 quam
1438 1162 1678 1203 probabiliorem
1708 1165 1807 1195 credit
1821 1184 1833 1199 ⁷
1855 1166 1938 1205 juxta
1966 1166 2156 1206 probabilem

1169 1203 1350 1239 consulere,
1369 1206 1495 1246 quando
1515 1208 1721 1247 poenitentem
1730 1208 1841 1238 eximit
1856 1209 1893 1239 ab
1900 1209 2092 1249 obligatione
2107 1218 2159 1241 re-

1170 1247 1340 1279 stitutionis
1350 1267 1360 1283 ‚
1381 1250 1414 1280 &
1423 1248 1483 1280 alia
1498 1259 1685 1291 quacunque
1707 1260 1714 1280 ε
1737 1249 1820 1281 secus
1842 1260 1946 1282 autem
1961 1253 2089 1292 quando
2110 1253 2157 1293 ip-

1171 1289 1236 1322 sum
1243 1292 1281 1322 ad
1289 1292 1453 1332 quippiam
1459 1292 1576 1332 obligat
1585 1314 1593 1321 .
1616 1293 1719 1334 Atque
1728 1291 1773 1324 ita
1784 1292 1950 1326 secundum
1962 1295 2040 1326 lianc
2051 1294 2159 1327 Theo-

1171 1335 1270 1364 ricam
1279 1333 1469 1366 consultores
1478 1355 1487 1368 ‚
1508 1334 1671 1376 &judices
1679 1338 1856 1367 animarum
1870 1336 1953 1377 sequi
1962 1347 2026 1369 non
2037 1338 2157 1378 poilunt

1171 1378 1356 1417 opinionem
1377 1376 1482 1408 minus
1496 1378 1687 1417 probabilem
1696 1398 1707 1413 ‚
1726 1380 1853 1419 quando
1874 1380 1926 1410 illa
1946 1380 1985 1411 est
2007 1379 2139 1412 striekior
2148 1401 2159 1416 ,

1171 1417 1352 1451 &securior
1371 1430 1426 1460 pro
1437 1419 1530 1451 salute
1544 1423 1659 1452 animae
1666 1424 1866 1461 poenitentis‚
1890 1421 1938 1454 sed
1954 1422 2052 1455 solum
2060 1433 2159 1464 quan-

1172 1464 1214 1493 do
1223 1461 1264 1494 est
1275 1462 1391 1497 laxior,
1405 1463 1438 1494 &
1449 1463 1619 1503 periculosa
1630 1485 1638 1493 .
1660 1463 1761 1506 Qiod
1768 1464 1961 1497 affirmarunt
1977 1466 2118 1507 Vasquez
2125 1468 2158 1499 in

1177 1514 1203 1537 1.
1213 1516 1240 1536 2.
1249 1503 1326 1547 difie-
1335 1510 1384 1536 62.
1396 1516 1454 1542 ιη.
1464 1515 1598 1546 num-47.
1609 1508 1643 1538 &
1653 1506 1738 1539 Salas
1744 1509 1779 1540 in
1791 1517 1816 1539 1.
1828 1519 1853 1540 2.
1865 1510 1986 1541 truisi-8.
1996 1509 2072 1549 disp.
2081 1511 2159 1541 unic.

1166 1548 1272 1590 [ὥς.
1284 1559 1363 1579 num.
1373 1551 1422 1588 85.
1432 1547 1613 1591 Qiinimo(
1623 1552 1707 1591 quod
1716 1550 1867 1583 haetenus
1877 1562 1942 1584 non
1951 1552 1991 1584 est
2000 1554 2141 1586 auditum
2152 1552 2162 1593 )

1173 1589 1389 1624 Confeli'orem
1406 1594 1504 1623 teneri
1512 1592 1699 1633 opinionem
1717 1594 1901 1627 liberantem
1921 1596 1956 1628 ὃ(
1976 1596 2140 1637 largiorem
2148 1617 2158 1632 ‚

1174 1634 1336 1676 minusque
1356 1643 1457 1666 tutam
1465 1636 1618 1667 declarare
1637 1638 1846 1677 poenitentide
1865 1639 1916 1669 illa
1932 1639 2160 1681 interroganti,

1174 1678 1230 1710 scri
1235 1677 1355 1719 pserunt
1365 1680 1450 1710 idem
1460 1679 1542 1710 Salas
1552 1677 1602 1710 ubi
1613 1679 1681 1720 stip.
1690 1682 1723 1712 &
1732 1680 1872 1712 Sanchez
1883 1683 1917 1712 in
1925 1682 2034 1714 Decal.
2046 1691 2118 1715 tom.
2133 1692 2158 1714 r.

1172 1719 1227 1753 lib.
1243 1731 1268 1752 1.
1286 1731 1310 1752 c.
1320 1731 1348 1757 9.
1365 1731 1503 1761 num.47.
1515 1722 1560 1753 Ac
1578 1724 1746 1754 demumin
1768 1723 1960 1757 conscientia
1981 1735 2083 1758 tutum
2104 1726 2160 1758 eise
2186 1737 2217 1749 ’ν

1175 1765 1281 1798 illum,
1302 1764 1356 1804 qui
1368 1766 1556 1805 propositum
1567 1765 1657 1796 habet
1674 1767 1777 1797 varios
1789 1766 1943 1800 Dotstores
1959 1767 2159 1806 consulendi,

1175 1811 1275 1839 donec
1286 1808 1421 1848 aliquem
1431 1807 1516 1849 juxta
1531 1807 1715 1841 desiderium
1722 1809 1809 1843 suum
1825 1810 2061 1853 respondentem
2071 1815 2159 1845 inve-

1176 1852 1258 1885 niat,
1284 1850 1396 1882 author
1417 1851 1458 1883 est
1477 1853 1562 1884 idem
1582 1851 1722 1885 Sanchez
1731 1857 1761 1886 d.
1773 1867 1797 1887 c.
1808 1865 1836 1893 9.
1846 1866 1924 1887 num.
1935 1867 1985 1893 29·
1996 1856 2068 1889 licet
2077 1857 2160 1889 hunc

1175 1896 1209 1926 in
1220 1894 1345 1936 pessimo
1354 1895 1431 1927 flatu
1452 1895 1509 1926 else
1517 1894 1632 1927 tectius
1649 1896 1779 1929 affirmet
1790 1899 1944 1930 Adrianus
1960 1900 1996 1931 in
2002 1910 2031 1940 4.
2042 1900 2079 1933 de
2090 1899 2157 1941 rest.

1175 1935 1269 1979 quest.
1279 1937 1483 1979 depraescript.
1493 1937 1592 1971 dub.1.
1605 1940 1684 1981 verſs
1695 1942 1757 1973 His
1767 1941 1935 1983 praema‘ffls,
1955 1945 1987 1974 ὃς
2000 1942 2115 1974 Navar.
2127 1944 2161 1975 in

1176 1981 1311 2012 manual.
1321 1993 1345 2013 c.
1353 1991 1398 2019 17.
1409 1985 1491 2023 n.83.
1500 1983 1596 2014 Vides
1604 1992 1680 2024 ergo
1688 1993 1740 2024 per
1749 1994 1843 2025 quam
1852 1985 1945 2017 latam
1955 1987 2038 2017 viam
2046 1988 2163 2018 ducan-

1177 2033 1227 2054 tur
1250 2025 1460 2064 poenitentesa
1479 2025 1691 2058 defensoribus
1709 2028 1961 2067 probabilitatum
1983 2039 1990 2058 ε
2011 2030 2045 2061 ὃ(
2056 2039 2160 2061 tamen

1177 2067 1336 2099 Dominus
1345 2068 1389 2099 ait
1412 2068 1528 2099 Matth.
1538 2077 1567 2106 7.
1581 2079 1627 2109 14.
1637 2069 1741 2115 Qdm
1749 2069 1873 2112 angusta
1891 2079 2000 2110 porta,
2024 2077 2061 2104 (9⁶
2076 2073 2161 2104 ανὲἶκ

1177 2121 1233 2141 wa
1242 2108 1352 2151 est‚quae
1364 2109 1446 2142 ducit
1454 2111 1496 2142 ad
1503 2114 1605 2143 vitam
1615 2132 1624 2146 ‚
1635 2113 1673 2145 (ῥ’
1678 2115 1767 2152 pauci
1768 2116 1843 2155 June
1851 2116 1901 2152 qui
1908 2117 2067 2148 inveniunt
2076 2126 2141 2147 eam
2151 2137 2160 2145 .

1177 2152 1288 2195 Qare
1306 2153 1410 2185 nostro
1419 2155 1526 2186 laeculo
1543 2156 1704 2188 verificata
1714 2156 1860 2189 videntur
1876 2159 1966 2189 verba
1976 2158 2114 2199 Apostoli
2134 2170 2160 2189 2.

1177 2199 1214 2227 ad
1231 2195 1368 2228 simotli.
1379 2207 1408 2237 4.
1422 2198 1495 2229 Erit
1511 2200 1591 2229 enim
1601 2207 1716 2239 tempus
1726 2198 1793 2231 ciam
1811 2199 1919 2242 sanam
1927 2200 2094 2233 dominam
2103 2212 2161 2233 non

1168 2240 1206 2281 su
1206 2237 1358 2278 stinebunt
1367 2260 1378 2274 ‚
1386 2238 1450 2272 ΘΥ.
1461 2239 1572 2282 Qiem
1580 2243 1684 2274 locum
1695 2242 1834 2283 praeclare
1843 2245 1881 2275 ad
1891 2254 1956 2275 rem
1966 2245 2098 2276 nostram
2110 2256 2162 2276 ex-

1176 2284 1294 2323 plicans
1304 2283 1414 2314 Beatus
1424 2283 1592 2326 Dionyfius
1600 2283 1826 2318 Carthusianus
1835 2287 1895 2318 ait:
1912 2289 1987 2319 Erit
1995 2289 2075 2319 enim
2083 2297 2160 2319 tem—

1174 2335 1227 2365 pus
1236 2345 1246 2360 ‚
1254 2324 1322 2358 ciam
1330 2324 1463 2358 homines
1463 2327 1577 2368 stanam
1586 2347 1596 2362 s
1612 2327 1646 2360 id
1655 2326 1696 2368 esI
1704 2330 1879 2361 animarum
1887 2331 2043 2370 languores
2043 2330 2160 2370 fiman-

1176 2368 1417 2404 amastrinam
1427 2369 1686 2412 nonfiastinebunt‚
1694 2371 1729 2403 id
1737 2370 1941 2413 est‚patienter
1948 2384 2005 2403 non
2012 2371 2138 2404 audient
2148 2384 2159 2404 τ

1169 2412 1224 2453 sed
1235 2412 1337 2453 adsua
1347 2411 1510 2456 defideria,
1518 2414 1553 2445 id
1560 2412 1613 2455 est,
1623 2423 1655 2446 ut
1665 2425 1700 2446 ea
1709 2414 1846 2448 audiant,
1857 2414 2030 2457 &faciann
2040 2425 2096 2452 quae
2106 2415 2158 2449 de-

1171 2454 1314 2498 siderant
1325 2456 1435 2497 vitioso
1444 2455 1560 2498 affeffhfi
1569 2454 1798 2490 coacervabunt,
1806 2455 2159 2502 idest,congregabimtfi-

1175 2497 1205 2530 bi
1214 2497 1371 2539 magistros
1380 2507 1435 2538 pro
1445 2509 1544 2529 eorum
1552 2496 1735 2538 beneplacito
1743 2498 1881 2532 docentes
1890 2520 1899 2534 ,
1922 2499 1959 2533 Θ·
1967 2509 2120 2540 operantes
2128 2524 2135 2532 .

1218 2541 1552 2583 Trigesimumnonum
1572 2539 1812 2573 fundamentum
1831 2542 1954 2575 elicitur
1974 2554 2011 2575 ex
2033 2545 2160 2577 undeci-

1175 2595 1230 2616 mo
1249 2583 1397 2618 absurdo,
1418 2585 1500 2624 quod
1522 2583 1563 2615 est
1573 2586 1610 2615 de
1631 2583 1785 2616 effraenata
1795 2586 1994 2618 multitudine
2016 2586 2156 2627 probabi-

1175 2628 1251 2660 lium
1261 2627 1449 2667 opinionum
1458 2648 1467 2656 .
1487 2624 1573 2658 Cum
1582 2628 1670 2659 enim
1679 2628 1763 2659 nulla
1773 2627 1834 2659 fere*
1843 2628 1879 2660 fit
1890 2632 2002 2661 veritas
2013 2632 2137 2663 moralis
2145 2652 2155 2665 ‚

1174 2680 1242 2712 quae
1264 2670 1413 2711 plausibi·i
1429 2671 1532 2711 aliqua
1542 2672 1662 2701 ratione
1683 2674 1855 2712 oppugnari
1864 2682 1927 2703 non
1950 2672 2037 2713 poffit
2047 2693 2057 2708 ‚
2078 2674 2155 2705 nulli

1175 2716 1304 2746 dubium
1313 2714 1353 2744 est
1364 2733 1373 2748 ,
1394 2713 1471 2754 quin
1481 2716 1586 2744 omnis
1596 2713 1701 2755 regula
1719 2723 1840 2745 morum
1851 2714 1939 2755 possit
1954 2717 2052 2748 everti
2062 2726 2099 2748 ex
2116 2717 2154 2749 li-

1177 2759 1292 2789 bertate
1301 2758 1470 2798 opinandi,
1492 2766 1556 2786 non
1578 2756 1672 2787 modo
1689 2758 1722 2788 in
1746 2758 1903 2797 praeceptis
1916 2758 2060 2791 humanis
2069 2779 2079 2794 ‚
2102 2770 2154 2791 ve-

1175 2800 1247 2832 rum
1255 2801 1391 2831 etiamin
1402 2799 1518 2830 divinis
1528 2819 1538 2833 ‚
1559 2800 1592 2830 &
1602 2800 1807 2834 naturalibus,
1829 2803 1905 2831 dum
1925 2802 1962 2833 de
1971 2801 2041 2842 ipsis
2059 2804 2154 2834 inter-

1175 2846 1250 2875 dum
1260 2852 1323 2874 non
1338 2852 1506 2874 occurrunt
1515 2843 1604 2874 nobis
1619 2844 1754 2873 rationes
1770 2843 2017 2876 demonstrativae
2027 2867 2034 2875 .
2056 2845 2154 2878 Unde

1176 2887 1224 2918 his
1234 2887 1425 2927 temporibus
1442 2886 1481 2916 eo
1491 2895 1537 2916 res
1553 2884 1697 2926 perdutsta
1705 2885 1763 2919 est,
1786 2894 1820 2917 ut
1841 2887 1940 2918 nullus
1949 2886 2011 2919 fere
2033 2888 2153 2921 sitarti-

1175 2930 1264 2962 culus
1279 2932 1313 2961 in
1322 2929 1488 2960 moralibus
1496 2949 1506 2963 ‚
1527 2929 1560 2959 in
1575 2938 1638 2969 quo
1648 2938 1711 2959 non
1732 2928 1768 2959 sit
1784 2928 1916 2961 varietas
1925 2951 1935 2965 ,
1958 2931 2004 2962 vel
2027 2942 2151 2963 contra·

1175 2976 1270 3005 rietas
1289 2974 1477 3013 opinionum
1487 2992 1497 3005 ‚
1520 2972 1598 3002 adeo
1620 2981 1653 3002 ut
1662 2973 1695 3001 in
1714 2971 1776 3003 solo
1784 2982 1874 3012 opere
1893 2976 2011 3005 nonita
2032 2977 2150 3015 pridem

1176 3016 1318 3057 impresso
1333 3013 1554 3045 rel'olutionum
1564 3014 1729 3045 moralium
1742 3014 1899 3047 Antonini
1909 3016 2021 3048 Dianae
2041 3027 2150 3048 nume-

1174 3068 1281 3090 rentur
1302 3059 1336 3088 in
1346 3067 1443 3088 unum
1460 3056 1595 3088 collectae
1602 3056 1782 3097 quaestiones
1800 3058 1887 3099 supra
1907 3069 1953 3091 ter
1974 3060 2058 3091 mille
2073 3069 2151 3091 cuin

1173 3101 1376 3142 opinionibus
1385 3121 1395 3135 ‚
1416 3103 1448 3131 δι
1459 3099 1649 3130 Autlioribus
1659 3109 1714 3139 pro
1731 3110 1859 3142 utraque
1868 3113 1951 3142 parte
1971 3103 2150 3144 plerumque

1175 3143 1398 3175 affirmantibus
1408 3163 1418 3177 ‚
1439 3152 1491 3173 aut
1500 3142 1605 3173 ambas
1620 3142 1675 3174 esse
1685 3144 1854 3183 probabiles
1863 3165 1873 3179 ,
1896 3156 1949 3177 aut
1967 3154 2060 3176 unam
2078 3154 2148 3185 pro-

1175 3188 1306 3219 babilem
1314 3206 1325 3221 ‚
1346 3188 1379 3217 ὃ(
1387 3187 1513 3217 alteram
1523 3186 1760 3224 probabiliorem
1769 3207 1779 3221 ,
1800 3190 1875 3219 &in
1883 3189 1992 3228 quibus
2010 3186 2071 3218 fere
2079 3198 2151 3219 om—

1175 3231 1264 3261 nibus
1279 3231 1381 3270 agitur
1388 3230 1424 3259 de
1445 3228 1568 3258 mortali
1586 3237 1712 3269 peccato
1720 3250 1729 3264 ‚
1752 3240 1785 3261 ut
1806 3232 1841 3261 de
1863 3231 2070 3261 Sacramentis
2080 3250 2090 3265 ‚
2112 3233 2149 3261 de

1174 3271 1322 3305 Censuris
1332 3293 1342 3307 ‚
1363 3273 1400 3303 de
1412 3271 1518 3305 Votis,
1540 3271 1720 3312 de]ejunio‚
1741 3275 1777 3304 de
1799 3273 1989 3303 restitutione
1998 3292 2017 3307 ,γ
2028 3275 2062 3305 &
2081 3274 2149 3305 aliis

1175 3316 1366 3357 hujusmodi,
1374 3323 1440 3354 quae
1449 3314 1677 3354 amplectuntur
1685 3317 1859 3347 universam
1870 3314 1930 3346 fere
1940 3318 2104 3348 materiam
2111 3319 2149 3348 ad

1174 3358 1275 3391 forum
1284 3356 1479 3388 conscientiae
1494 3359 1716 3397 pertinentem.
1739 3358 1848 3399 Qiem
1859 3357 2010 3390 scribendi
2030 3369 2148 3391 moreni

1172 3402 1278 3442 paffim
1286 3399 1445 3430 observant
1454 3401 1486 3432 &
1503 3401 1555 3432 alii
1566 3402 1665 3441 plures
1675 3410 1711 3430 ex
1726 3402 1948 3432 recentioribus
1958 3400 2146 3442 Theolog'is.

2174 181 2231 217 326

2181 1088 2238 1121 327

2185 1556 2242 1595 328

2184 2555 2242 2587 330

1172 3443 1332 3486 Qtinimo
1350 3443 1555 3483 apudmultos
1574 3453 1728 3483 receptum
1753 3446 1890 3477 videtur,
1914 3447 2153 3485 utpr-ssibabiiiris
2177 3455 2229 3486 332

1829 3489 1848 3517 l<
1899 3497 1911 3524 ς
2041 3498 2107 3527 upi-

2362 22 2371 35 ri

2306 41 2385 120 Ji
