2397 3664
271 88 363 140 ¹94

212 167 424 206 transumpta:
444 165 477 196 δέ
487 172 574 196 mens
585 160 804 192 Romanorum
817 155 893 190 Pont
901 156 1008 187 ificum
1018 155 1133 194 semper
1143 153 1204 193 fuir

213 209 389 253 hujusmodi
407 205 629 250 praejudiciales
656 199 897 232 consuetudines
925 207 1074 237 numqam
1094 207 1202 236 appro-

212 252 328 287 bandi,
348 251 397 282 scu
416 245 625 282 confirmandi
638 265 647 281 ,
669 242 725 274 nisi
744 244 782 273 de
793 241 942 281 praetensa
952 239 1198 281 approbatione,

211 295 258 325 vel
271 292 513 325 confirinAtione
528 286 704 328 Apostolica
714 284 890 317 constiterit
910 295 945 316 ex
959 282 1111 324 praedietis
1123 282 1204 322 regi-

214 335 301 375 stris,
322 345 375 366 aut
385 332 611 373 originalibus,
633 326 908 367 veltransumptis‚
929 337 963 365 ιιι
983 326 1015 358 in
1029 329 1055 359 Ε.
1067 327 1203 357 Necnon

210 380 346 416 reliquis,
368 374 526 416 &patebit
539 372 618 404 infra
629 373 661 402 in
674 369 840 411 fhmmario
850 380 928 402 num,
950 379 1002 410 73.
1024 369 1097 400 Hoc
1116 368 1204 400 enim

211 425 308 454 inodo
327 419 513 456 sufficienter
533 416 681 456 probatur
702 413 868 455 negativa,
895 422 929 445 ut
940 412 1104 453 dixisupra
1121 421 1201 442 num.

213 473 263 504 47·
275 465 307 495 δέ
322 465 372 500 48·
623 501 629 506 .
728 499 734 504 .
783 499 788 504 .
900 498 906 504 .

251 505 347 542 Ροιτὸ
358 501 431 535 cum
443 503 478 534 ad
491 501 631 533 Romam
642 499 807 532 Pontificis
824 499 962 530 officium
975 497 1085 540 spetfhtt
1096 496 1204 528 Eccle-

211 548 321 585 siarurn
336 545 539 579 indemnitati
550 544 730 579 consulere,
749 543 888 585 cap.Qae
898 544 932 573 in
945 538 1205 584 Ecclefiarumsu-

208 600 265 636 pra
278 589 314 621 de
323 587 436 630 constit.
448 597 546 629 capg.
559 585 643 627 infra*
653 585 690 618 de
697 584 987 619 arbitr.libertatem
998 607 1008 621 ‚
1021 582 1204 617 immunita-

212 642 340 675 temque
352 631 598 665 Ecclefiasticam
609 630 689 662 tueri
700 652 709 665 ‚
729 627 866 670 cap-mk
876 624 1201 665 immum't.Ecclefilib.

210 677 285 709 6.&
305 675 548 708 consuetudines
567 673 713 706 Ecclesiis
725 671 968 714 praejudiciales‚
991 681 1025 702 ac
1048 668 1204 710 pernicio-

211 719 256 752 sas
277 720 453 760 extirpare,
473 728 508 750 ut
530 728 566 749 ex
582 718 640 748 hoc
662 725 750 747 textu
771 724 884 746 norant
896 714 1031 745 Ancliar.
1055 715 1088 743 in
1105 713 1204 752 primo

146 770 185 802 59
205 761 305 794 nomb.
326 761 459 794 Cardin.
481 762 513 792 &
534 759 652 792 Decius
675 768 805 798 uterque
824 760 857 789 in
871 769 898 788 z.
918 755 1016 789 morab.
1030 755 1116 786 Hinc
1136 764 1205 794 pro-

212 805 283 837 vide
306 805 367 837 san.
380 815 473 837 mem.
494 803 646 834 Urbanus
657 801 741 832 viii.
760 800 1020 831 constitutionem
1031 797 1132 835 edidit
1151 796 1204 828 die

211 858 240 888 5.
254 849 338 889 Junii
356 852 444 888 ¹64¹-
459 847 592 887 incipit,
617 848 766 876 Romanus
778 841 943 885 Pontifex,
963 851 1058 882 quam
1079 850 1130 881 per
1139 850 1205 881 par-

212 902 259 924 tcs
271 892 404 933 singulas
415 886 638 930 compendiose
651 886 700 918 liic
713 886 851 918 referend
858 896 906 917 um
918 885 991 916 duxi
1004 907 1012 921 ‚
1023 894 1056 915 ut
1068 883 1134 914 usui
1146 883 1204 914 esse

212 936 324 976 possit,
347 933 419 966 cum
441 933 475 965 sit
487 935 525 964 de
546 931 679 964 materia
698 931 866 961 admodum
879 928 986 969 gravi,
1008 929 1040 959 &
1060 926 1204 968 quotidie

211 978 246 1012 in
258 978 344 1019 praxi
362 985 548 1009 occurrente
561 997 568 1005 .
1075 975 1077 977 ’

253 1021 418 1053 Dividitur
436 1018 585 1058 ergoliaec
606 1015 794 1047 constitutio
814 1015 847 1046 in
860 1017 891 1046 8.
910 1024 1010 1055 partes
1023 1037 1030 1044 .
1051 1013 1085 1045 In
1106 1012 1205 1052 prima

211 1074 319 1097 narrat
330 1062 451 1094 causam
464 1059 700 1092 constitutionis
713 1081 722 1094 ‚
742 1057 852 1099 nempe
865 1060 949 1098 quod
964 1057 1062 1097 aliqui
1075 1056 1205 1096 Legati,

209 1109 242 1139 &
255 1106 393 1140 Nuntii,
407 1104 523 1144 aliique
535 1102 622 1134 Sedis
633 1101 818 1142 Apostolicae
833 1101 987 1136 ministri,
1003 1101 1204 1137 Gubernato-

211 1160 258 1181 res
269 1171 279 1186 ,
291 1159 326 1180 ac
336 1147 486 1179 officiales
496 1145 637 1178 Camerae
648 1168 657 1180 ,
681 1155 807 1176 necnon
819 1144 954 1175 Batones
964 1166 973 1180 ‚
995 1145 1026 1175 ὅ(
1038 1142 1205 1174 feudatarii

210 1202 321 1234 praerei·
332 1214 342 1229 ‚
361 1191 408 1222 vel
421 1200 534 1221 contra
545 1189 710 1220 facultates
723 1188 776 1219 fibi
787 1188 945 1220 concessas
964 1187 1068 1229 aliqua
1077 1185 1150 1217 Sedi
1163 1186 1205 1216 A-

210 1235 368 1276 postolicae
379 1257 388 1276 ,
401 1243 453 1265 aut
464 1231 674 1275 jurisdiffioni
686 1254 695 1269 ‚
709 1232 757 1262 vel
770 1231 987 1267 immunitati,
1000 1230 1050 1262 seu
1064 1228 1206 1264 libertati

208 1278 429 1311 Ecclesiasticae
444 1276 588 1307 Eccleiiis
599 1297 608 1311 ,
633 1285 666 1306 ac
679 1274 816 1316 personis
829 1273 1053 1306 Ecclesiasticis
1064 1294 1074 1308 ‚
1085 1281 1206 1303 earum-

208 1332 269 1363 que
283 1320 394 1357 bonis,
416 1322 448 1352 &
467 1320 587 1361 juribus
607 1318 830 1359 pi‘aejudicialia
841 1316 1003 1352 fecerunt,
1025 1315 1075 1347 seu
1095 1316 1207 1354 tolera-

210 1375 286 1397 runt
297 1388 304 1395 .
316 1364 478 1405 Qodque
489 1363 596 1403 gratim
612 1384 621 1398 ‚
641 1363 672 1393 &
687 1361 875 1396 investiturae
887 1362 1043 1391 bonorum
1052 1358 1149 1389 etiam
1163 1359 1207 1399 ju-

210 1407 474 1441 risdiCtionalium
487 1408 523 1437 ad
538 1405 718 1435 Romanam
729 1427 738 1441 ,
750 1405 795 1435 vel
808 1403 972 1435 inferiores
983 1401 1135 1433 Ecclesias
1145 1400 1207 1440 spe-

145 1459 183 1486 61
207 1451 363 1489 <stantium
384 1451 420 1481 ad
431 1459 532 1483 certas
545 1448 643 1484 vitu,
666 1448 717 1479 seu
738 1448 836 1479 lineas
857 1446 943 1478 fasta*
955 1444 1081 1487 longius
1096 1454 1207 1486 propo-

211 1495 394 1531 nuntui·‚vel
406 1501 627 1534 perpetuantur
637 1513 647 1527 ,
667 1489 741 1522 cum
752 1500 857 1525 tamen
870 1489 1002 1530 Legati,
1022 1490 1055 1520 &
1068 1488 1121 1520 alii
1134 1498 1206 1528 prx-

209 1538 289 1570 dieti
301 1538 362 1578 sine
373 1536 498 1578 speciali
517 1534 602 1575 Papae
613 1536 764 1566 mandato
784 1530 1209 1576 nullaliujusmodipraejudi-

210 1582 309 1614 cialia
320 1590 459 1621 unquam
471 1578 588 1614 tacite,
613 1578 658 1609 vel
672 1576 808 1618 expresse
820 1577 922 1608 facere
944 1575 1108 1615 potuerint
1119 1597 1129 1610 ,
1150 1584 1208 1605 nec

213 1624 371 1657 Romanis
392 1622 600 1654 Pontificibus
624 1620 914 1655 illainnotuerint,
936 1619 1044 1651 saltem
1064 1628 1136 1649 cum
1148 1617 1209 1648 suis

146 1673 187 1708 62
210 1666 458 1701 circumstantiis
470 1689 477 1706 ·.
490 1664 691 1704 Beneplacita
702 1665 777 1695 vero
788 1663 967 1704 Apostolica
978 1685 987 1698 ‚
1007 1660 1142 1693 maxime
1155 1660 1210 1691 ubi

211 1712 318 1753 agitur
338 1713 375 1742 de
396 1708 578 1751 praejudicio
597 1717 766 1748 perpetuo,
798 1706 913 1747 semper
936 1704 1158 1737 consueverint
1178 1704 1210 1734 in

211 1755 334 1795 scriptis
346 1752 506 1794 expediri,
529 1751 644 1782 adeout
657 1750 677 1781 si
690 1751 723 1781 in
736 1749 872 1791 registris
885 1749 1073 1789 Apostolicis
1086 1758 1152 1779 non
1163 1757 1210 1778 re-

212 1799 386 1840 periantur,
400 1806 453 1828 aut
464 1804 529 1826 non
538 1794 744 1829 exhibeantur
756 1793 928 1833 originalia
938 1815 948 1828 ,
960 1793 1006 1823 vel
1018 1792 1210 1830 transumpta

215 1843 302 1883 juxta
315 1840 449 1872 formam
461 1839 589 1870 alterius
609 1837 846 1868 constitutionis
857 1836 993 1879 ejusdem
1006 1834 1136 1866 Urbani
1147 1833 1210 1864 cdi-

145 1892 184 1929 63
208 1895 241 1918 ta
252 1885 303 1916 die
320 1894 344 1915 i.
368 1883 555 1924 Junii1635.
579 1881 650 1912 iude
660 1883 834 1912 deducatur
855 1878 1020 1915 Romanos
1040 1877 1210 1911 Pontifices

213 1938 377 1968 nunquam
397 1922 539 1967 superbis
560 1923 756 1964 beneplacita
767 1923 964 1955 concessisse.
986 1921 1072 1953 Cum
1092 1920 1212 1961 praeser-

213 1973 273 2004 tim
286 1971 463 2012 publicetur
483 1967 654 2008 quOtannis
667 1967 755 1998 Bulla
774 1967 806 1998 in
819 1966 868 1998 die
888 1965 997 1997 Coenae
1009 1964 1142 2001 Domini
1156 1973 1211 2004 pro

213 2013 456 2056 impugnandis,
486 2013 519 2042 &
541 2011 699 2042 evitandis
719 2009 898 2052 hujusmodi
919 2008 1181 2050 prccjudicialibus
1202 2028 1211 2043 ,

212 2069 280 2100 quce
295 2056 457 2098 propterea
467 2053 595 2086 fuerunt
607 2076 617 2090 ,
639 2065 674 2085 ac
689 2054 759 2085 sunt
772 2052 834 2094 ipso
857 2055 921 2095 jure
933 2053 1019 2084 nulla
1031 2075 1038 2082 .

254 2103 289 2133 In
311 2101 445 2132 secunda
465 2107 550 2139 parte
563 2097 628 2133 ibi,
649 2097 865 2132 nihilominus,
887 2098 923 2126 ad
947 2094 1212 2126 abundantiorem

213 2146 371 2178 cautelam
392 2142 561 2182 reprobat,
583 2142 615 2172 &
636 2143 788 2181 damnat,
808 2142 841 2171 ὃς
862 2139 975 2179 coipso
995 2137 1150 2169 nullaes'se
1160 2139 1212 2168 de-

213 2190 313 2222 clarat
332 2187 460 2221 omnia,
481 2187 515 2216 &
536 2184 656 2225 singula
666 2183 752 2220 adia,
773 2185 920 2217 decreta,
942 2182 1085 2216 indulta,
1105 2182 1137 2212 δε
1159 2182 1212 2211 de-

214 2231 407 2271 clarationes
427 2252 438 2265 ‚
470 2228 645 2260 concordia
662 2250 671 2263 ,
701 2229 734 2259 ὃς
754 2226 842 2266 ρειᾶὲει
860 2225 956 2256 etiam
977 2225 1106 2256 nomine
1125 2223 1213 2263 Sedis

215 2274 404 2317 Apostolicae
417 2272 517 2308 inita,
538 2270 807 2310 alienationesque
826 2267 1024 2306 officiorum,
1047 2277 1082 2298 ac
1100 2267 1214 2306 jurium

215 2319 350 2361 ejusdem
361 2316 448 2348 Sedis
458 2338 468 2352 ‚
480 2314 727 2346 Ecclesiarumve
740 2312 926 2345 inferiorum
942 2334 950 2347 ,
963 2313 994 2341 &c
1003 2310 1214 2351 quascumque

217 2362 294 2402 alias
305 2359 524 2401 dispositiones
538 2357 691 2389 Romanae
702 2378 710 2392 ,
732 2357 782 2388 seu
792 2354 953 2396 quibusvis
965 2354 1035 2385 aliis
1047 2353 1192 2384 Ecclesiis
1201 2374 1211 2388 ‚

219 2411 254 2438 ac
265 2404 400 2445 personis
420 2401 643 2434 Ecclefiasticis
657 2423 665 2436 ,
687 2397 963 2442 seujurisdicstioni
975 2419 985 2433 ‚
1007 2398 1052 2427 vel
1067 2395 1215 2427 immuni-

217 2448 300 2483 tati,
320 2443 373 2478 aut
387 2445 525 2477 libertati
538 2442 756 2476 Ecclesiasticae
771 2441 1012 2483 quomodolibet
1025 2439 1214 2480 praejudicia·

219 2492 288 2524 liaa
309 2489 438 2531 legam,
461 2491 493 2520 δέ
506 2488 576 2520 aliis
587 2486 753 2518 antediCtis
771 2487 1070 2527 quomodocumque
1091 2492 1214 2513 emana-

219 2545 274 2571 ta,
292 2534 390 2565 etiam
409 2543 461 2573 per
473 2531 556 2563 viam
566 2529 810 2565 declarationis,
831 2528 878 2559 vel
898 2525 1157 2560 constitutionis,
1178 2535 1214 2556 ac

175 2593 179 2596 ·
220 2579 273 2609 sub
291 2575 522 2616 reservatione,
544 2575 591 2606 vel
611 2574 814 2615 promiinone
834 2569 1025 2611 beneplaciti
1044 2568 1217 2609 Apostolici

223 2621 319 2652 etiam
341 2618 631 2654 cumexecutione‚
652 2619 683 2648 ὃς
705 2615 884 2657 longissima
907 2612 1216 2645 observantiaiubse-

161 2667 198 2703 65
221 2674 338 2704 quuta,
358 2663 453 2694 etiam
467 2661 586 2693 intuitu
597 2660 810 2701 supremorum
829 2657 1012 2697 Principum
1022 2666 1057 2687 ex
1068 2664 1217 2696 quacum-

225 2717 284 2747 que
304 2706 413 2742 causa,
444 2705 539 2738 etiam
560 2703 798 2739 mansachonis,
828 2702 875 2733 vel
899 2701 982 2740 pacis
1001 2698 1185 2731 universalis
1207 2719 1217 2733 ,

161 2753 201 2781 66
223 2749 317 2780 etiam
336 2749 388 2780 sub
408 2758 577 2789 praeaexru,
596 2751 681 2788 quod
705 2747 798 2778 Bullae
811 2744 994 2785 Apostolicae
1007 2753 1072 2774 non
1084 2742 1142 2773 sint
1163 2751 1218 2781 pu-

229 2792 371 2828 blicant,
392 2793 438 2823 vel
459 2792 513 2823 usu
531 2800 680 2832 receptae,
703 2800 756 2821 aut
777 2787 941 2819 contrario
962 2786 1016 2817 usu
1028 2787 1181 2826 abrogatae
1203 2806 1212 2820 ,

229 2834 325 2865 etiam
338 2834 369 2865 in
380 2836 589 2875 permittendo
599 2834 774 2866 editionem
788 2832 939 2863 librorum
952 2852 962 2865 ,
981 2839 1015 2860 ut
1026 2828 1185 2869 praefertur
1207 2849 1217 2864 ‚

231 2877 508 2918 pi-aejudicialium,
529 2879 578 2910 seu
589 2875 829 2909 continentium
839 2873 1005 2915 opiniones
1024 2875 1188 2903 damnatas
1209 2893 1219 2906 ,

230 2919 559 2960 velminuslegitimas
578 2920 843 2952 constitutionum
863 2916 1220 2958 Apostolicaruminter-

231 2963 443 3005 pretationes,
463 2965 508 2994 vel
520 2975 632 2996 contra
649 2962 849 3004 disciplinam
870 2959 1132 2992 Ecclesiasticam.

272 3006 408 3038 Intertia
419 3016 502 3044 parte
514 3007 575 3043 ibi,
596 3006 760 3045 Molestius
771 3015 895 3043 quoque,
915 3005 1059 3038 damner,
1074 3003 1106 3033 δε
1118 3011 1220 3041 repro-

234 3051 285 3081 bat
294 3071 303 3086 ‚
324 3051 355 3080 &
367 3049 452 3079 nulla
462 3050 519 3079 essc
527 3051 664 3082 declarat
675 3044 707 3081 in
718 3049 815 3090 specie
827 3046 1053 3089 praejudicialia
1066 3044 1221 3076 infrascri—

233 3104 302 3133 pra.
316 3091 717 3124 Primbscilicctmolestias
728 3116 737 3129 ‚
749 3090 1018 3133 &impedimenta
1029 3088 1156 3129 Legatis
1166 3109 1176 3124 ,
1187 3089 1219 3118 &

149 510 188 548 58

147 1025 189 1054 60

166 3012 207 3046 67

231 3135 382 3168 ministris
393 3134 579 3175 Apostolicis
599 3146 648 3175 pet
658 3137 871 3176 quoscumque
890 3135 980 3165 illata
991 3133 1023 3164 in
1034 3132 1224 3172 denegando,

235 3179 404 3220 ingressum
418 3178 452 3209 in
465 3177 663 3208 Provinciam
675 3201 684 3215 ‚
696 3180 742 3210 vel
754 3189 863 3210 eorum
875 3177 1039 3208 facultates
1049 3175 1221 3215 impedien-

169 3225 208 3255 653
229 3227 271 3254 do
281 3245 290 3257 ,
302 3232 336 3253 ac
348 3232 401 3253 eos
412 3221 594 3261 expellendo
605 3243 612 3249 .
625 3221 770 3252 Secundo
781 3244 789 3256 ,
800 3220 960 3256 collectas,
972 3219 1112 3251 militum
1123 3217 1221 3257 liospi-

235 3266 383 3300 mriones,
393 3265 426 3295 &
437 3264 498 3295 alia
507 3273 604 3294 onera
616 3263 702 3304 super
714 3265 869 3300 licclesiis,
880 3267 910 3295 &
924 3263 1001 3294 locis
1013 3262 1071 3304 piis
1082 3283 1091 3297 ,
1103 3271 1137 3292 ac
1155 3270 1222 3301 per-

237 3309 317 3339 sonis
330 3306 550 3339 Ecclesiasticis
561 3328 570 3341 ,
581 3316 750 3345 earumque
761 3309 849 3338 bonis
863 3330 872 3343 ‚
884 3307 933 3338 seu
944 3305 1094 3346 studiibus
1106 3314 1157 3345 per
1169 3303 1223 3334 lai-

237 3361 289 3381 cos
302 3373 311 3386 ,
329 3352 374 3382 vel
388 3351 465 3382 alios
475 3350 687 3391 quoscumque
700 3349 760 3379 sine
773 3350 951 3389 Apollolica
961 3349 1153 3381 authoritate
1165 3347 1222 3378 im—

169 3399 208 3432 69
229 3394 326 3434 posita
337 3416 347 3430 ,
367 3396 399 3425 ὅ(
409 3394 516 3426 exacta
526 3392 622 3425 etiam
632 3393 648 3423 a
659 3391 766 3433 sponte
779 3392 1054 3425 contribuentibus
1063 3415 1082 3428 .,
1095 3389 1223 3427 Tertio,

608 57 770 133 Prosp.
790 62 1012 130 Fagnan.
1031 61 1081 115 in
1099 59 1317 114 Primum
1343 58 1543 113 Librum
1572 58 1835 113 Decretal.

1243 151 1497 188 molestationes,
1518 151 1770 188 carcerationes,
1790 153 1822 183 &
1834 154 2229 197 attentamquaecumquea

1239 194 1400 236 quibusvis
1411 194 1499 226 laicis
1511 204 1623 226 contra
1634 194 1777 235 personas
1788 194 2016 228 ecclesiasticas
2026 219 2036 234 ‚
2057 198 2104 230 vel
2125 198 2231 231 Eccle-

1241 239 1296 270 sias
1307 260 1317 273 ‚
1327 238 1374 268 vel
1386 247 1495 269 earum
1505 238 1589 274 bona
1598 259 1607 276 ,
1619 237 1678 270 five
1688 239 1754 279 jura
1763 237 1860 275 etiam
1872 247 1923 277 per
1935 248 2054 280 tempus
2066 241 2230 275 immemo-

1240 281 1338 312 rabile
1349 303 1357 315 ,
1367 280 1464 313 etiam
1474 290 1548 315 curn
1557 280 1659 312 forma
1668 280 1824 320 privilegii
1835 281 2019 318 executioni
2028 284 2213 319 demandata
2222 307 2230 315 .

1240 323 1390 364 Quini),
1412 323 1644 364 transgreffines
1654 323 1846 359 Canonum,
1866 323 2131 359 constitutionum
2149 327 2234 370 Apo-

1243 365 1422 397 stolicarum
1435 388 1444 403 ,
1463 368 1496 398 &
1515 367 1710 407 generalium
1721 365 1946 401 Conciliotum
1970 367 2003 398 in
2015 367 2231 411 praejudicium

1240 409 1328 442 Sedis
1337 408 1522 449 Apostolicae
1532 432 1542 446 ‚
1554 409 1614 441 sive
1624 408 1849 450 jurisdictionis
1860 432 1869 446 ,
1881 411 1927 442 vel
1940 409 2163 449 immunitatis,
2175 422 2229 444 aut

1241 452 1395 484 libertatis
1406 451 1625 485 Ecclesiasticae
1636 474 1644 488 ,
1654 452 1706 484 seu
1716 452 1923 484 Ecclefiarum
1931 475 1940 489 ‚
1956 463 2125 494 earumque
2136 455 2233 487 bono-

1240 505 1330 532 rum,
1341 495 1390 527 seu
1403 494 1560 535 fructuum
1570 517 1579 528 .
1590 495 1734 533 ειίειιῐι,ιιι
1745 495 1945 536 praemittitur
1956 519 1966 532 ,
1985 496 2128 528 effectum
2139 496 2232 529 sorti-

1241 549 1287 570 tas
1298 561 1305 570 .
1365 537 1458 571 uinto
1467 561 1477 575 ,
1498 539 1737 579 prorogationcs
1746 560 1756 575 ,
1775 539 1807 570 &
1827 539 2076 580 perpetuationes
2087 561 2097 576 ,
2118 539 2234 580 gratia·
2254 549 2293 579 71

1242 592 1310 613 rum
1320 604 1330 621 ,
1351 584 1384 614 &
1404 581 1658 614 investiturarum
1679 581 1716 612 ad
1733 589 1834 612 certas
1845 581 1925 614 vitas
1937 605 1947 621 ,
1969 584 2016 615 vel
2037 590 2158 623 tempus
2169 583 2232 624 jam

1241 625 1376 665 elapsum
1386 647 1396 661 ,
1418 625 1494 657 item
1505 624 1765 666 pignorationum
1775 646 1785 661 ,
1807 625 2030 663 venditionum
2049 636 2122 657 cum
2142 625 2232 666 paeto

1241 668 1438 705 redimendi,
1460 668 1654 708 aliarumque
1664 666 1900 707 dispositionum
1910 671 1947 701 de
1960 669 2050 701 bonis
2061 669 2157 701 etiam
2169 668 2233 700 feu-

1241 711 1364 742 dalibus
1373 733 1382 747 ,
1394 721 1428 743 ac
1441 711 1560 752 juribus
1572 711 1644 742 Sedi
1656 709 1840 750 Apostolicae
1849 733 1859 747 ‚
1880 722 1915 742 ac
1928 711 2116 748 inferiorum
2126 712 2233 743 Eccle-

1242 754 1354 786 siarum
1364 764 1564 795 quocumque
1577 763 1715 793 tempore
1727 753 1909 785 executioni
1925 756 2128 792 demandatus
2139 779 2146 787 .

1285 797 1321 828 In
1330 806 1441 837 quarta
1450 806 1535 837 parte
1546 797 1601 828 ibi:
1616 798 1684 827 Nec
1692 807 1748 826 non
1757 798 1886 833 reliqna,
1897 797 2087 836 generaliter
2095 800 2237 835 damnat,
2257 806 2295 836 72

1242 839 1375 872 &irrita
1391 839 1450 871 esse
1469 840 1609 871 declarat
1619 839 1729 871 omnia
1737 848 1954 880 quotcumque
1964 862 1974 877 ,
1993 842 2026 872 δε
2037 841 2234 880 qualiacum-

1241 894 1301 923 que
1319 882 1381 914 sedi
1394 882 1578 923 Apostolicae
1588 905 1598 920 ‚
1620 883 1666 914 vel
1687 881 1899 924 jurisdistioni
1909 905 1919 919 ‚
1942 883 2139 915 immunitati
2149 906 2159 920 ‚
2180 894 2235 916 aut

1244 927 1367 960 liberati
1378 925 1614 962 Ecclesiafficae,
1636 925 1687 957 seu
1698 924 1843 957 Ecclesiis
1855 947 1865 962 ,
1876 926 1924 957 vel
1936 925 2073 966 personis
2084 926 2235 960 Ecclesia·

1242 969 1326 1001 sticis
1337 992 1346 1006 ‚
1367 980 1474 1002 earum
1486 969 1607 1011 juribus
1616 991 1627 1005 ‚
1649 968 1741 1004 bonis
1750 990 1760 1005 ,
1780 970 1813 1000 &
1824 967 1975 1000 fructibus
1994 970 2237 1010 quomodolibet

1242 1012 1468 1054 praejudicialia
1478 1023 1550 1044 cum
1560 1012 1707 1043 omnibus
1718 1011 1790 1044 inde
1800 1011 1913 1044 secutis
1922 1035 1932 1048 ‚
1944 1012 2095 1054 adjiciens
2107 1012 2161 1044 illa
2171 1023 2239 1044 non

1243 1056 1330 1087 fuisse
1342 1056 1544 1093 convalidata
1553 1055 1648 1087 etiam
1659 1065 1695 1086 ex
1708 1055 1952 1088 immemorabili
1963 1066 2103 1096 tempore
2112 1066 2185 1087 cum
2196 1054 2239 1086 fa-

1243 1110 1293 1133 ma
1314 1099 1474 1140 privilegii
1493 1098 1664 1139 Apostolici
1676 1121 1685 1134 ‚
1710 1098 1814 1139 inunita
1833 1098 1930 1130 etiam
1949 1098 2081 1130 scientia
2091 1121 2100 1136 ‚
2122 1102 2154 1130 ὃ(
2174 1108 2239 1139 per·
2259 1106 2299 1140 73

1243 1142 1387 1174 missione
1401 1142 1620 1174 Romanorum
1634 1141 1823 1174 Pontificum
1835 1164 1844 1172 .
1856 1141 1927 1174 Nec
1940 1143 2012 1180 inde
2024 1142 2164 1182 aliquam
2174 1151 2239 1183 pre-

1243 1186 1454 1226 sumptionem
1475 1184 1664 1224 beneplaciti
1686 1185 1859 1226 Apoliolici
1869 1207 1879 1221 ‚
1901 1196 2001 1226 neque
2021 1186 2160 1226 aliquam
2182 1186 2239 1216 bo-

1243 1239 1316 1260 nam
1328 1229 1421 1261 fidem
1432 1251 1441 1266 2
1463 1228 1677 1270 poffeffionem
1688 1250 1698 1264 ‚
1709 1238 1761 1260 aut
1771 1227 2036 1269 praescriptionem
2048 1228 2159 1266 induci
2169 1227 2238 1269 pos-

1243 1272 1271 1303 se
1282 1294 1291 1308 ‚
1313 1272 1370 1303 nisi
1380 1275 1418 1304 de
1431 1271 1657 1313 approbatione
1669 1281 1812 1312 appareat
1823 1282 1859 1303 ex
1871 1271 2007 1312 registris
2018 1271 2207 1313 Apostolicis
2228 1282 2237 1307 ς

1242 1314 1391 1356 quinimo
1402 1315 1490 1347 fuiffe
1501 1315 1675 1355 quotannis
1686 1315 1851 1356 reprobata
1861 1315 1895 1346 in
1908 1315 1996 1347 Bulla
2005 1314 2117 1347 Coenae
2127 1313 2240 1345 Domi-

1243 1359 1295 1389 ni.
1318 1358 1356 1390 Et
1376 1361 1412 1390 ad
1425 1359 1583 1389 cautelam
1603 1358 1658 1392 illa
1676 1359 1840 1398 reprobat,
1861 1360 1894 1390 ὃς
1912 1361 2042 1396 damnat
2056 1380 2064 1394 ‚
2084 1358 2240 1389 declarat-

1242 1412 1303 1442 que
1315 1402 1511 1442 beneplacita
1525 1401 1705 1441 Apostolica
1715 1401 1832 1442 semper
1843 1401 1930 1434 fuisse
1937 1404 2093 1441 denegata
2102 1422 2111 1436 ‚
2123 1402 2155 1435 &
2166 1410 2242 1440 qua-

1244 1454 1334 1476 tenus
1345 1455 1422 1485 opus
1433 1443 1514 1477 foret
1527 1467 1535 1480 ‚
1556 1447 1664 1475 eadem
1677 1445 1902 1486 ptaejudicialia
1911 1454 2040 1476 revocat
2051 1466 2062 1480 ‚
2082 1443 2177 1479 cassat
2188 1465 2198 1480 ,
2207 1444 2242 1474 δε

1245 1489 1389 1520 annullat
1410 1498 1483 1519 cum
1494 1487 1776 1526 consuetudinibus
1785 1488 1884 1520 etiam
1904 1486 2210 1519 immemorabilibus
2231 1507 2242 1522 ‚

1245 1533 1277 1563 &
1289 1530 1389 1564 forma
1399 1530 1582 1571 privilegii,
1601 1541 1680 1571 quas
1702 1531 1832 1563 illicitas
1841 1554 1851 1568 ‚
1872 1529 2168 1570 irrationabilesque
2187 1530 2247 1560 de-'

1246 1576 1363 1606 clarat:
1386 1574 1560 1615 Sedemque
1575 1573 1785 1615 Apostolicam
1798 1596 1808 1609 ‚
1828 1577 1862 1606 &
1880 1574 2050 1606 inferiores
2069 1571 2243 1609 Ecclefias,
2263 1581 2303 1612 75

1247 1629 1283 1650 ac
1295 1617 1438 1658 personas
1450 1617 1679 1649 Ecclesiasticas
1691 1618 1724 1649 in
1737 1617 1898 1658 integrum
1917 1617 2054 1654 restituit
2063 1640 2071 1648 .

1289 1662 1324 1692 In
1335 1660 1449 1702 quinta
1461 1671 1546 1701 parte
1556 1661 1600 1692 ibi
1611 1683 1620 1697 ‚
1631 1660 1803 1702 insuperque
1812 1683 1822 1701 2
1833 1661 1910 1703 quia
1918 1662 2110 1702 quandoque
2119 1669 2174 1701 pei·
2183 1658 2243 1691 rni-
2263 1662 2305 1697 76

1246 1705 1416 1737 nistrorum
1429 1704 1586 1736 incuriam
1598 1704 1631 1735 {n
1643 1704 1873 1744 provisionibus
1892 1703 2120 1736 cathedralium
2133 1712 2242 1739 narra-

1247 1758 1298 1780 tur
1309 1771 1319 1784 ,
1340 1750 1372 1780 ἃ
1394 1747 1574 1779 admittitur
1593 1747 1790 1788 pra-scutario
1799 1770 1808 1783 ‚
1831 1747 2012 1778 nominatio
2022 1768 2031 1783 ‚
2062 1747 2109 1778 vel
2130 1745 2241 1786 suppli-

1247 1793 1355 1827 catio,
1378 1790 1454 1822 licet
1473 1793 1512 1822 de
1531 1791 1598 1833 jure
1617 1790 1717 1830 partis·
1733 1801 1798 1824 non
1817 1789 1938 1821 constet
1961 1801 1968 1820 z
1999 1791 2032 1821 &
2050 1791 2242 1830 quandoque

1247 1835 1402 1867 nonnulla
1412 1837 1538 1866 decreta
1548 1835 1580 1865 in
1592 1833 1822 1874 provisionibus
1840 1833 2050 1864 Ecclesiatum
2070 1832 2184 1874 apponi
2195 1831 2243 1863 so-

1248 1878 1326 1914 lita,
1347 1888 1517 1909 narrantur
1527 1888 1580 1917 per
1597 1877 1720 1909 obitum
1732 1877 1898 1916 expirasse,
1919 1874 1993 1915 cum
2013 1885 2120 1907 tamen
2139 1876 2248 1915 perdu-
2267 1883 2309 1913 77

1247 1932 1315 1953 rare
1328 1922 1462 1953 debeant
1475 1920 1636 1961 quousque
1647 1919 1764 1955 suerint
1776 1920 1964 1958 adimpleta:
1987 1921 2180 1960 quandoque
2190 1928 2243 1949 ve-

1248 1964 1284 1996 ro
1302 1965 1334 2006 in
1347 1964 1497 1999 indultis,
1520 1966 1551 1995 &
1570 1963 1746 2003 privilegiis
1757 1963 1954 1993 omittuntur
1968 1959 2108 1998 litterae,
2127 1961 2244 2002 quibus

1248 2008 1452 2049 impetrantes
1472 2017 1508 2045 ex
1531 2007 1606 2049 stylo
1626 2007 1653 2038 se
1664 2006 1810 2047 obligant
1831 2008 1868 2037 ad
1887 2006 2037 2041 tuendam
2061 2004 2246 2041 immunita-

1248 2062 1334 2096 rem3
1355 2061 1390 2082 ac
1404 2051 1581 2082 libertatem
1602 2049 1867 2082 Ecclesiasticam:
1889 2051 1922 2080 δέ
1941 2050 2132 2090 quandoque
2148 2047 2182 2078 in
2191 2057 2245 2078 ex-

1249 2094 1464 2136 peditionibus
1483 2094 1591 2134 gratiae
1609 2103 1777 2125 narrantur
1788 2092 1874 2124 facta:
1895 2092 1928 2126 iii
1948 2092 2012 2124 vim
2031 2093 2245 2122 concordato-

1249 2149 1319 2170 rum
1338 2148 1410 2168 cum
1422 2137 1500 2170 Sede
1519 2136 1701 2177 Apostolica
1720 2136 1897 2172 initorum,
1918 2146 1986 2176 quoe
2008 2145 2114 2166 tamen
2125 2134 2245 2174 expira-

1248 2191 1344 2213 runt:
1366 2181 1505 2212 declarat
1516 2179 1693 2222 hujusmodi
1705 2179 1903 2211 narrationes
1914 2200 1926 2220 ³,
1946 2180 1978 2210 &
1991 2177 2191 2210 adiniffiones
2198 2187 2245 2208 ei·—

1249 2234 1362 2256 roneas
1373 2246 1383 2260 ‚
1405 2233 1440 2255 ac
1452 2222 1585 2261 minime
1598 2222 1823 2263 praejudiciales
1832 2245 1841 2259 ‚

1294 2268 1330 2298 In
1349 2267 1433 2305 sexta
1451 2276 1537 2307 parte
1551 2266 1594 2296 ibi
1607 2288 1616 2300 ‚
1631 2264 1836 2306 statutumque
1854 2265 1995 2301 ultimum
2005 2286 2016 2300 ,
2036 2263 2176 2296 declarat
2185 2284 2196 2300 ,
2216 2264 2251 2295 &
2271 2267 2311 2302 78

1250 2310 1394 2342 decernit
1413 2309 1563 2341 ultimum
1573 2308 1723 2340 statutum
1743 2307 1951 2340 Ecclesiarum
1963 2330 1971 2344 ‚
1994 2308 2139 2338 locorum
2160 2306 2248 2348 juris-

1250 2352 1491 2389 didiionalium,
1514 2351 1731 2392 gratiarum&
1749 2351 2009 2387 concessionum,
2029 2350 2147 2393 jurium
2165 2350 2247 2390 Apo-

1251 2397 1365 2428 fioiicae
1382 2396 1488 2431 Sedis,
1510 2400 1542 2426 ὥς
1564 2394 1752 2426 inferiorum
1769 2394 1977 2426 Ecclesiaruni
1997 2404 2063 2425 non
2075 2393 2132 2424 effe
2141 2401 2246 2424 atten-

1250 2442 1388 2472 dendum
1398 2461 1409 2479 a
1431 2439 1484 2473 ubi
1495 2441 1532 2477 de
1543 2438 1747 2470 antecedenti
1766 2437 1931 2470 contrario
1942 2437 2041 2473 statu,
2062 2437 2178 2473 modo,
2200 2436 2248 2467 vel

1254 2483 1355 2514 forma
1367 2481 1523 2523 pre-’missis
1535 2492 1595 2512 con
1602 2482 1656 2513 slat
1668 2506 1674 2512 .

1295 2527 1332 2558 In
1342 2525 1471 2566 septima
1482 2534 1566 2566 parte
1580 2525 1623 2556 ibi
1634 2547 1644 2561 ‚
1665 2524 1703 2557 (ῥ’
1713 2534 1856 2562 quatenus
1866 2546 1876 2561 ,
1894 2523 2041 2565 prohibet
2051 2522 2252 2565 quibuscum-
2272 2531 2312 2561 79

1252 2581 1314 2611 que
1325 2569 1422 2601 etiam
1432 2569 1628 2609 regularibus
1639 2568 1935 2609 interpretationem
1955 2566 2019 2599 tam
2030 2566 2119 2607 liujus
2131 2565 2247 2596 consti-

1253 2613 1408 2648 tutionis,
1429 2613 1522 2652 quam
1534 2611 1727 2651 gratiarum,
1750 2622 1785 2643 ac
1796 2611 2036 2652 dispositionum
2053 2608 2248 2650 Apostolica-

1253 2667 1323 2694 rum
1336 2655 1366 2686 in
1379 2654 1518 2694 favorem
1529 2655 1742 2695 supremorum
1754 2654 1938 2695 Principum
1954 2653 1970 2685 s
1967 2654 2007 2684 ub
2017 2662 2110 2693 poena
2121 2662 2250 2690 excomi-

1254 2698 1483 2733 municationis
1497 2699 1564 2730 latae
1577 2698 1741 2731 sententiat
1750 2720 1760 2734 ‚
1781 2708 1816 2729 ac
1829 2696 1984 2729 nullitatis
2004 2697 2215 2736 gerendorum
2237 2717 2249 2731 ,

1253 2742 1565 2782 declarationemque
1586 2741 1640 2772 sibi
1651 2764 1660 2776 ‚
1683 2752 1718 2772 ac
1739 2740 1960 2772 succeslbribus
1979 2739 2131 2774 reservat,
2151 2740 2184 2770 ὅ(
2196 2748 2251 2770 an-

1254 2795 1286 2817 te
1305 2785 1554 2824 declarationem
1567 2786 1632 2816 vult
1654 2785 1774 2823 Bullam
1785 2785 1864 2815 lianc
1877 2784 1914 2815 ad
1935 2782 2073 2814 litteram
2083 2782 2141 2813 eise
2155 2781 2250 2813 intel-

1256 2829 1413 2869 ligendam
1425 2850 1433 2858 .

1299 2872 1335 2903 In
1345 2871 1456 2903 oCtava
1465 2881 1551 2911 parte
1564 2870 1782 2911 ibi,praesentes
1794 2879 1907 2907 quoque.
1919 2867 2013 2900 Ponit
2024 2866 2176 2900 clausulas
2188 2878 2256 2899 exe·
2275 2870 2317 2900 80

1255 2916 1424 2951 cutivasa&
1435 2924 1574 2946 removet
1584 2913 1910 2954 obstacula,derogans
1920 2911 2137 2947 contrariis‚&
2147 2911 2181 2941 in
2192 2910 2253 2952 spe-

1256 2959 1306 2990 cie
1319 2959 1431 2998 rcgulae
1441 2959 1478 2989 de
1490 2957 1556 2998 jure
1566 2957 1695 2998 qUaesito
1706 2967 1771 2988 non
1782 2957 1926 2987 tollendo
1935 2977 1945 2991 ‚
1963 2957 1997 2986 ὃ(
2007 2953 2252 2992 consuetudini,

1258 3002 1317 3033 live
1330 3000 1553 3043 praescriptioni
1566 3000 1662 3031 etiam
1674 2999 1885 3040 quadraginta
1897 3007 2052 3029 annorum
2063 3019 2073 3035 ,
2092 2998 2126 3029 δε
2138 2998 2251 3029 imme—

1257 3044 1403 3076 morabili
1415 3046 1446 3075 ὃ(
1458 3053 1530 3074 cum
1542 3042 1643 3074 forma
1656 3042 1835 3083 privilegii,
1844 3051 1917 3072 cum
1928 3040 2067 3072 clausula
2077 3041 2206 3077 sublata,
2216 3042 2251 3071 δε

1256 3092 1385 3120 decreto
1396 3085 1715 3119 irritanti.Praeservat
1726 3095 1833 3117 tamen
1843 3084 2123 3120 declarationes‚in
2135 3083 2252 3115 Roma-

1258 3142 1298 3162 na
1306 3131 1397 3162 curia
1408 3129 1502 3162 factas
1514 3140 1565 3169 per
1578 3128 1696 3160 Rotam
1705 3151 1712 3164 ,
1739 3129 1785 3159 vel
1798 3138 1956 3159 cameram
1967 3149 1977 3164 ‚
1989 3137 2042 3159 aut
2053 3127 2133 3160 alios
2143 3127 2160 3157 :¹1
2171 3126 2250 3166 Papa

1258 3174 1432 3215 specialiter
1443 3176 1606 3214 deputatos
1617 3195 1624 3202 .
1638 3172 1716 3203 Item
1727 3170 1887 3212 praeservat
1896 3170 2113 3202 centenariam
2123 3169 2256 3211 praescri-
2276 3171 2315 3201 81

1258 3217 1402 3258 ptionem
1412 3215 1679 3247 concurrentibus
1690 3216 1805 3256 dejure
1817 3213 1972 3254 requisitis
1985 3237 1993 3249 ,
2005 3215 2037 3246 &
2049 3214 2250 3245 immemora-

1259 3260 1355 3292 bilem
1366 3283 1376 3296 ,
1388 3259 1445 3291 nisi
1458 3260 1491 3290 in
1501 3258 1620 3290 casibus
1631 3279 1643 3296 2
1662 3257 1697 3291 in
1707 3257 1822 3298 quibus
1834 3268 1885 3298 per
1897 3257 1999 3288 sacros
2009 3256 2160 3288 Canones
2169 3277 2180 3290 ‚
2199 3254 2251 3285 scu

1259 3303 1375 3335 Concil
1383 3304 1411 3334 ia
1422 3302 1529 3334 univer
1537 3301 1670 3337 salia‚vel
1682 3300 1926 3332 constitutiones
1938 3299 2132 3341 Apostolicas
2141 3298 2196 3329 illa
2205 3308 2252 3328 re-

1260 3348 1409 3387 probatur
1420 3369 1429 3383 ,
1443 3346 1493 3377 seu
1507 3345 1551 3375 'illi
1562 3346 1731 3383 derogatur
1743 3366 1752 3380 ,
1775 3354 1828 3375 aut
1840 3344 1914 3376 alias
1923 3346 1962 3375 de
1975 3343 2040 3385 jure
2053 3343 2107 3374 illa
2118 3351 2183 3372 non
2194 3339 2252 3371 suf-

1260 3389 1402 3432 fragatur
1412 3411 1423 3427 ,
1446 3389 1535 3420 firma
1556 3397 1660 3420 tamen
1673 3397 1858 3420 remanente
1878 3387 1967 3419 Bulla
1976 3385 2085 3419 Coem:
2096 3383 2250 3416 Domini.

2254 336 2296 366 70

2259 1236 2302 1269 74

2138 3512 2217 3547 DE
