2397 3664
699 74 702 76 ’
752 51 836 106 De
863 45 1111 118 Rescript.
1141 62 1185 99 c.
1205 43 1486 102 Caeterum.

119 138 330 188 longinquam
341 142 482 184 corporis
496 142 710 174 valetudinem
721 142 850 174 inutiles
862 143 899 173 ab
919 139 1113 172 administra-

116 193 205 217 tione
216 195 439 218 removeantur
447 207 459 223 ,
476 186 511 218 &
520 184 591 217 vice
599 194 710 217 eorum
719 185 776 216 alii
786 185 995 225 subrogantur
1005 193 1016 212 .·
1035 182 1068 213 &
1078 180 1113 212 in

49 229 93 266 64
112 229 161 260 1.S
162 231 173 260 ι’
183 230 312 268 longius,
319 226 355 270 ff.
369 228 406 260 de
414 226 550 267 judiciis,
561 228 615 261 ubi
626 227 721 268 judex
731 228 823 259 datus
838 227 956 260 mutari
965 225 1092 269 jubetur
1102 245 1113 261 ,

116 274 139 308 fi
148 283 273 315 propter
283 272 500 304 infirmitatem
510 271 566 302 diu
576 269 674 303 fuerit
693 270 862 311 impeditus
872 294 882 302 .

154 315 240 348 Nam
251 320 288 347 ad
307 314 466 357 ptaedicstas
477 314 580 353 leges,
609 312 880 356 &consequenter
900 315 938 344 ad
954 313 1036 344 hanc
1058 311 1115 342 do-

113 359 249 392 &tinam
260 358 380 391 Alciati
391 357 492 398 primo
504 357 578 387 loco
587 356 751 397 respondet
766 356 865 398 Hugo
875 358 908 387 in
918 366 984 397 cap.
997 356 1035 386 Si
1047 356 1113 392 quis

115 399 227 436 Abbas
236 425 246 439 ,
263 406 309 434 18.
320 399 413 442 quasti
425 412 454 431 ι.
473 400 507 431 &
518 398 582 438 post
592 409 664 430 eum
677 399 859 432 Archidiac.
879 402 912 431 in
922 408 988 440 cap.
994 395 1052 439 fin.
1064 408 1115 427 nu-

116 456 190 477 mer·
202 458 232 477 2-
245 444 325 486 vers·
337 446 413 476 Item
421 451 473 483 pro
483 442 606 473 illorum
607 440 767 481 sententia
776 465 786 479 ‚
808 443 845 475 de
846 443 885 483 su
887 443 984 483 pplen.
1005 442 1114 480 neglig.

116 490 332 525 Praelatorum,
348 483 417 518 libr.
432 490 462 515 ⁶.
481 485 513 516 δε
525 484 726 517 Turrecrem.
740 489 806 518 inc.
826 486 959 529 Scripfit
974 508 983 522 ,
1002 492 1064 515 art.
1086 494 1113 516 1.

117 535 150 563 in
160 531 371 575 responstonem
383 526 427 559 ad
435 529 565 569 primum
578 551 586 565 ‚
607 525 811 569 &fta-undum
831 539 946 567 argum.
956 531 1020 561 His
1031 526 1114 558 habi-

116 578 159 606 tis
170 599 178 612 ,
202 585 230 614 7.
243 585 269 612 q.
284 584 310 605 1.
324 582 376 613 per
386 572 448 602 haec
460 571 585 611 praecisa
597 573 691 604 verba
700 572 750 608 vid
758 572 864 608 elicet,
876 571 962 613 quod
974 572 1056 611 leges
1067 579 1115 601 ta-

119 619 162 650 les
171 621 343 659 loquuntur
352 616 390 646 de
401 615 522 649 honore
534 615 701 657 temporali
714 615 896 655 3-Canones
921 613 994 647 vero
1010 615 1049 645 de
1058 613 1116 653 spi-

118 662 248 697 rituali,
268 661 300 691 &
311 667 482 700 perpetum
504 658 537 690 δε
548 658 609 689 alia
619 658 705 690 estin
716 657 912 690 saecularibus
924 658 1022 690 causis
1033 678 1042 692 ‚
1055 656 1116 688 alia

52 709 92 738 66
114 705 149 737 in
159 703 276 736 divinis
287 713 298 738 ,·
310 702 437 741 &leges
449 701 565 733 debent
581 701 700 734 imitari
711 702 862 734 Canones
871 725 880 738 ,
893 703 925 733 &
937 712 1003 733 non
1013 700 1028 732 ἐ
1040 710 1116 731 con-

116 747 204 780 verso
216 770 223 777 .
243 746 319 777 Haec
333 755 368 777 ex
382 745 444 775 illis
456 767 464 775 .
485 743 708 785 Qmmobrem
718 756 790 779 cum
809 745 950 777 officium
961 767 972 782 ‚
991 746 1029 776 de
1049 754 1116 784 quo

118 791 222 831 agitur
232 812 243 826 ,
265 789 299 820 sit
311 797 506 829 perpetuum,
518 788 886 830 administrationemque
906 788 940 820 in
961 788 1032 820 foro
1041 797 1116 819 con-

117 835 178 866 scie
184 834 270 868 ntiae‚
280 834 312 863 ὃ(
323 831 468 863 ordinem
478 830 492 861 s
491 841 598 862 acrum
608 831 720 864 habeat
730 842 888 865 annexum
904 844 910 863 ε
922 833 1116 873 consequens

117 877 159 909 est
169 899 179 913 ,
188 886 222 908 ut
233 876 267 907 in
276 874 454 907 remotione
465 874 502 904 ab
513 874 689 915 hujusmodi
699 874 807 908 officio
819 886 886 914 non
897 876 956 907 fint
967 876 1116 914 servande

118 921 179 952 illx
191 921 272 960 leges
282 918 348 956 ‚scd
361 917 439 949 saci-i
450 915 601 948 canones
611 940 622 954 ,
642 919 697 958 qui
718 919 908 953 officialibus
919 917 1055 950 infirmis
1065 920 1117 949 da-

119 963 146 994 ri
157 963 267 1004 jubent
277 961 478 1000 coadjutores
488 981 498 996 ‚
509 969 543 991 ut
552 960 590 991 de
599 961 779 1001 Clemaegrot.
787 972 841 1003 per
852 973 906 994 tot.
920 960 957 994 (θ’
967 973 991 993 c.
1003 961 1097 995 Unico
1108 983 1117 998 ‚

118 1007 182 1038 eod.
193 1009 242 1040 tit.
256 1002 309 1037 lib.
321 1008 350 1038 6.

136 1048 140 1051 '
156 1048 324 1089 l’raeterea,
342 1056 377 1078 ut
388 1044 491 1078 subdit
502 1045 651 1078 Turrecr.
665 1046 788 1090 ubifhp.
809 1048 899 1081 dieta:
910 1050 993 1089 leges
1002 1048 1117 1080 habent

120 1094 196 1127 alias
207 1090 383 1124 contrarias
394 1090 490 1137 leges,
502 1090 536 1121 in
547 1090 663 1130 quibus
671 1093 858 1124 continetur
868 1115 877 1129 ,
896 1093 981 1134 quod
994 1102 1119 1132 propter

118 1138 259 1169 furorem
270 1136 317 1167 vel
339 1141 519 1166 excitatem
540 1133 809 1174 supervenientem
827 1137 921 1178 judex
931 1159 941 1172 ,
961 1135 1009 1166 vel
1022 1135 1119 1175 magi-

118 1182 229 1214 stmtus
241 1189 307 1210 non
318 1177 411 1209 debet
423 1178 581 1209 removeri·
592 1200 601 1213 ,
622 1187 655 1208 ut
656 1176 695 1219 ff
707 1181 744 1210 de
748 1178 824 1218 stat.
836 1178 913 1210 hom.
925 1180 945 1210 l.
969 1176 1120 1221 Qifhre-

115 1237 148 1257 Ν
156 1247 166 1262 ,
177 1220 257 1264 &ff-
267 1224 304 1253 de
311 1219 414 1262 postul.
426 1220 512 1257 l=1·§-
523 1221 685 1266 Qamvis
693 1231 795 1255 autem
805 1246 815 1260 ‚
838 1220 917 1265 &ff-
928 1222 965 1254 dc
975 1222 1099 1260 judiciis
1109 1244 1119 1259 ,

119 1270 140 1301 Ι.
152 1271 250 1300 Caecus
261 1288 268 1297 .

160 1309 285 1342 Deinde
298 1307 500 1353 respondetur
511 1329 520 1342 ,
540 1305 719 1340 doctrinam
731 1308 852 1341 Alciati
866 1331 875 1345 ,
887 1311 919 1341 &
931 1319 983 1350 per
993 1319 1065 1340 eum
1077 1308 1121 1339 ci-

123 1364 205 1388 tatas
216 1354 299 1394 leges
311 1350 451 1398 intelligi
463 1350 574 1397 debere
590 1350 623 1382 in
635 1350 784 1389 officiali,
806 1354 911 1394 quiex
922 1352 1046 1394 propria
1057 1352 1121 1383 cul-

119 1410 159 1440 pa
171 1398 206 1429 in
215 1396 363 1429 morbum
373 1395 509 1441 incidit}
523 1404 589 1425 non
601 1403 706 1426 autem
719 1395 751 1427 in
763 1407 813 1433 eo,
826 1396 880 1437 qui
893 1396 955 1428 sine
967 1396 1059 1436 culpa
1070 1395 1121 1426 sua

119 1440 218 1474 faetus
229 1439 270 1471 est
281 1438 406 1470 inutilis
416 1459 426 1472 ,
437 1436 513 1477 quia
523 1437 594 1471 talis
608 1447 672 1468 non
687 1448 868 1471 removetur
879 1462 888 1475 ‚
908 1441 956 1471 sed
968 1441 1060 1470 datur
1074 1438 1120 1469 illi

116 1484 286 1526 coadjutor
297 1493 305 1519 3
317 1484 350 1514 &
360 1481 406 1513 ita
414 1481 554 1512 declarat
564 1480 692 1513 Archid.
703 1485 736 1513 in
746 1483 804 1515 d.c.
816 1482 921 1521 finan:
929 1478 1018 1523 mers.
1024 1479 1121 1523 Potest

117 1527 200 1563 dici,
211 1528 243 1558 &
253 1525 316 1566 post
327 1536 398 1557 eum
410 1523 459 1564 Jo.
472 1525 553 1555 And.
563 1523 639 1556 ibid.
650 1536 679 1555 n.
696 1527 804 1567 1.verſs
824 1526 880 1558 Ad
890 1536 946 1564 que
960 1549 968 1563 ,
990 1528 1021 1557 ὅ(
1035 1526 1119 1557 Eutr.

118 1583 148 1604 n.
161 1583 189 1603 2.
199 1573 231 1602 in
242 1568 294 1607 fin.
305 1569 384 1609 vers.
391 1569 475 1614 Qf'a
485 1566 519 1598 id
528 1578 632 1598 verum
643 1590 653 1603 ,
672 1568 814 1610 Magnes.
826 1572 859 1601 ,ἱη
868 1571 996 1601 l.Nemo
1008 1567 1100 1610 potes}
1111 1591 1121 1605 ‚

120 1627 150 1647 n.
162 1613 244 1657 80.ff.
254 1612 290 1644 de
299 1609 680 1651 reg.jur.1icetsecundum
691 1611 840 1645 canones
852 1614 1020 1645 infirmitas
1031 1623 1124 1644 excu-

120 1659 164 1690 set
176 1663 191 1688 a
201 1656 378 1699 privatione
390 1654 496 1690 tituli,
511 1656 543 1685 ὅς
554 1655 858 1693 emolumentorum,
869 1657 991 1688 etiamsi
1002 1667 1037 1688 ex
1050 1666 1120 1697 pro-

118 1702 185 1743 pria
195 1702 287 1741 culpa
296 1697 489 1739 provenerit,
501 1696 642 1729 Covar-l-
652 1701 844 1739 3.var.refic,
863 1710 908 1741 13.
922 1712 951 1732 n.
963 1704 992 1732 8.
1005 1701 1037 1731 &
1051 1699 1122 1730 scri-

125 1745 166 1786 psi
178 1745 211 1776 in
220 1755 244 1775 c.
256 1742 299 1776 Ut
310 1742 446 1774 Abbates
457 1762 468 1777 ‚
479 1752 508 1771 n.
522 1746 571 1782 36.
585 1741 621 1773 de
631 1751 709 1774 etat.
722 1741 760 1775 ὠ
769 1745 877 1782 qualit.
891 1746 923 1775 &
935 1744 968 1775 in
979 1755 1003 1775 c.
1015 1743 1104 1775 Licet
1112 1764 1122 1779 ‚

124 1801 153 1820 η.
169 1796 237 1827 147·
248 1786 283 1817 de
292 1784 377 1827 preb.

160 1830 275 1865 Tertio
289 1830 360 1860 loco
371 1827 548 1870 responderi
561 1828 657 1868 potest
667 1851 676 1864 ‚
689 1839 750 1862 tex.
762 1833 795 1862 in
805 1831 833 1863 d.
846 1831 908 1861 Asi*
919 1841 987 1868 quos
997 1829 1125 1867 judices,

122 1874 199 1908 cde
209 1870 439 1915 ffJJraeJCJJraei.
450 1873 540 1918 arip».
565 1883 628 1903 non
643 1873 728 1913 loqui
741 1877 778 1905 de
790 1876 970 1907 remotione
982 1873 1123 1915 judicum

122 1918 290 1950 inutilium
301 1917 338 1947 ab
348 1915 456 1947 officio
466 1937 477 1951 ,
486 1916 534 1946 led
547 1916 584 1946 ab
596 1916 872 1950 administratione
883 1940 892 1952 ‚
913 1928 947 1948 ut
959 1918 1050 1948 verba
1065 1915 1124 1956 'ipsa

124 1961 236 1993 sonant
249 1982 258 1995 ,
270 1962 301 1990 oc
313 1960 389 1990 dum
401 1957 562 2000 subjungit
576 1983 580 1988 .
594 1958 632 1990 ht
644 1969 754 1990 eorum
767 1961 835 1992 vice
845 1961 899 1991 alii
912 1960 1120 1999 subrogentur

122 2004 183 2036 hoe
196 2003 337 2035 similiter
346 2003 460 2042 exponi
469 2001 584 2033 debent
595 2012 720 2033 retento
731 2006 841 2035 colem
853 2003 1124 2039 tlieinate‚scilicct

125 2047 159 2080 in
173 2045 446 2078 administratione
456 2067 465 2080 ,
479 2053 534 2085 pro
541 2054 574 2075 ut
585 2044 701 2076 similia
713 2047 805 2078 verba
817 2047 849 2078 in
861 2047 907 2077 liis
920 2046 1065 2078 terminis
1076 2055 1126 2076 cx-

128 2091 220 2132 ponit
230 2090 309 2120 Abb.
321 2101 353 2120 m
363 2099 389 2120 c.
413 2089 485 2119 Tua
496 2097 548 2117 nos
558 2109 568 2123 ,
586 2100 615 2119 η.
632 2099 662 2127 4.
681 2088 716 2119 de
726 2091 808 2121 Cler.
818 2099 913 2129 egrot.
925 2091 957 2121 ὃς
968 2100 1041 2121 ante
1053 2099 1125 2119 eum

126 2134 256 2166 Areliid.
270 2135 302 2163 in
316 2131 372 2163 d.c.
383 2129 653 2171 cffin.n.2.vcrfiSi
663 2140 766 2163 tamen
776 2132 847 2165 bene
858 2135 1007 2164 advertas
1016 2131 1126 2172 defiipa

127 2176 323 2218 plemneglig,
333 2174 498 2206 Prael.11b.6
512 2171 576 2204 Tex
584 2185 606 2205 t.
620 2173 695 2206 veri)
715 2175 746 2206 in
758 2175 788 2207 d.
797 2177 818 2207 l.
840 2177 1006 2215 Sizlongms
1018 2199 1027 2211 ‚
1044 2174 1076 2216 ff.
1089 2175 1125 2206 de

123 2218 339 2260 Juddoquitur
350 2218 384 2248 in
396 2217 502 2258 judice
515 2217 663 2257 delegato
673 2240 683 2253 ,
693 2219 969 2261 cujusjurisdictio
979 2223 1016 2251 de
1038 2218 1124 2251 facili

127 2273 178 2304 per
190 2261 389 2293 ordinarium
401 2260 540 2302 judicem
552 2270 622 2291 eum
636 2260 833 2301 delegantem
846 2273 1032 2298 revocatur,
1053 2273 1125 2294 cum

127 2306 283 2350 judicium
294 2304 431 2336 solvatur
443 2312 568 2335 vetante
580 2314 637 2338 εο,
656 2304 806 2345 quijuffit
820 2307 870 2345 jud
879 2307 980 2341 icarc,
1003 2315 1036 2337 ut
1047 2307 1127 2348 [Ju-

132 2346 305 2389 dicium‚ff.
318 2345 450 2383 dejiadic.
463 2352 494 2378 ὅ(
509 2346 594 2391 quod
606 2349 643 2377 ili·
656 2347 712 2379 tali
724 2349 831 2390 judice
854 2352 1019 2390 loquatur,
1041 2348 1125 2380 clar&

129 2391 293 2432 colligitur
304 2401 339 2421 ex
352 2390 482 2421 verb.ibi
496 2392 595 2430 posito
604 2413 612 2425 ,
637 2392 738 2421 Datus
748 2414 757 2427 ,
779 2395 862 2432 quod
884 2393 1052 2434 exponitur
1062 2415 1071 2429 ,
1095 2393 1125 2424 id

130 2436 185 2471 est,
197 2437 405 2473 delegatus,ut
412 2432 603 2475 [judea-2&
615 2434 636 2464 l.
645 2437 676 2464 A
689 2433 812 2477 judiaff.
825 2435 1059 2467 codseciindum
1070 2436 1127 2467 Ar-

128 2478 262 2555 }:liidiaa
273 2477 333 2508 loco
342 2478 437 2508 citato
445 2498 457 2512 ,
466 2475 546 2516 vers.
554 2475 618 2508 Sed
626 2476 715 2517 paffet
723 2478 894 2520 responderi
904 2502 913 2516 ‚
925 2480 998 2517 quod
1009 2480 1061 2510 lcx
1072 2502 1081 2516 ,
1097 2479 1128 2522 fi

144 2533 249 2561 ongius
259 2543 267 2552 .

167 2566 297 2606 Qiarto
308 2564 380 2593 loco
392 2561 569 2602 responderi
581 2562 643 2602 post
656 2563 772 2595 Alciati
783 2565 961 2598 doctrinam
969 2565 1126 2598 confundi

132 2619 169 2640 ex
182 2606 317 2648 eo‚quod
330 2603 500 2637 secundum
510 2606 591 2643 leges
602 2615 689 2637 tutor
699 2608 818 2639 nullam
832 2609 921 2641 babet
933 2610 1127 2651 dignitatem

133 2652 182 2684 sed
193 2653 284 2682 datur
296 2649 511 2690 principaliter
522 2657 646 2688 propter
657 2650 974 2689 administrationem,
984 2653 1005 2684 Ι.
1023 2649 1128 2694 Lffide

132 2695 218 2726 rutel.
229 2692 266 2726 ά
276 2693 562 2732 administraunpcr
571 2700 623 2722 tot.
636 2693 667 2723 ὃς
680 2702 785 2724 tamen
796 2703 883 2725 tutor
894 2695 991 2727 faetus
1003 2696 1127 2727 inutilis

135 2747 260 2780 propter
273 2736 431 2768 adversam
445 2735 657 2767 valetudinem
670 2746 735 2767 non
746 2746 925 2769 removetur
935 2761 945 2774 ‚
966 2739 1013 2769 sed
1034 2742 1127 2770 datur

131 2783 162 2814 ei
174 2782 342 2822 coadjutor
354 2801 363 2816 ‚
385 2789 419 2810 ut
429 2780 450 2811 Ι.
462 2780 546 2810 Solet
557 2801 566 2814 ,
585 2776 626 2818 ff.
636 2779 673 2808 de
684 2779 768 2810 tutel.
788 2780 927 2811 &latius
945 2781 1065 2812 dic‘bum
1086 2781 1127 2813 est

72 2835 117 2866 74
137 2825 214 2864 supr.
226 2835 273 2854 nu.
282 2835 333 2863 42.
356 2825 387 2854 δέ
401 2820 570 2854 secundum
584 2822 736 2853 (junones
747 2822 842 2853 etiam
863 2822 1064 2864 Episcopatus
1075 2826 1128 2855 da-

130 2878 186 2900 tur
197 2866 415 2908 principaliter
426 2875 550 2907 propter
566 2864 753 2897 exercitium
765 2887 774 2901 ,
794 2876 865 2897 cum
879 2866 914 2896 sit
926 2877 1042 2898 nomen
1053 2878 1128 2898 onc-

133 2911 177 2943 ris
190 2933 197 2946 ‚
218 2909 443 2945 norslionori's,
467 2909 630 2940 utdicitiir
642 2908 710 2940 inc.
724 2911 789 2954 Qui
804 2909 1039 2949 Episcopatum,
1060 2913 1127 2947 3.(1.

138 2963 164 2985 1.
177 2955 209 2985 ὃς
219 2952 357 2984 officium
370 2952 500 2984 Paroclii
513 2952 655 2984 similiter
664 2953 757 2982 datur
775 2952 942 2992 principaii
963 2962 1087 2992 propter
1098 2964 1128 2983 e-

134 2998 305 3027 xercitium
314 3007 394 3026 curae
407 2997 583 3027 animarum
593 3017 603 3030 ‚
625 3007 649 3026 c.
665 2995 748 3038 Qua
757 2997 891 3026 nonnulli
899 3018 909 3031 ,
932 2995 968 3025 de
979 2996 1060 3026 cler.
1071 3006 1127 3025 non

136 3039 225 3082 reſsd.
237 3042 269 3071 ὅ(
280 3040 469 3080 generaliter
479 3062 488 3076 ‚
509 3041 732 3079 quodcumque
743 3039 930 3069 beneficium
940 3039 1032 3069 datur
1043 3038 1128 3078 prin-

68 3092 109 3123 75
133 3084 276 3123 cipalitci·
288 3092 410 3122 propter
422 3081 573 3117 officium,
585 3080 637 3121 fin.
648 3080 783 3121 derescr.
793 3080 845 3113 lib.
859 3086 887 3112 6.
899 3084 931 3113 &
946 3090 1054 3112 tamen
1069 3091 1124 3112 nec

134 3126 277 3165 Epist-:soi
295 3148 305 3161 ,
329 3135 386 3156 nec
398 3124 532 3156 Parocbi
545 3147 554 3160 ,
575 3136 632 3156 nec
646 3125 798 3164 simplices
810 3124 988 3156 beneficiati
1001 3134 1126 3163 propter

138 3169 285 3204 morbum
297 3168 506 3201 incurabilem
515 3167 539 3199 a:
548 3169 593 3199 uis
605 3168 765 3200 beneficiis
778 3168 930 3199 removeri
942 3167 1125 3206 poffunrued

136 3214 181 3247 eis
190 3215 266 3244 coad
276 3214 388 3242 'utores
399 3211 528 3252 adiungi
540 3212 654 3243 debent
666 3234 675 3247 ,
695 3222 720 3242 c.
732 3213 861 3252 Scripsit
873 3233 881 3246 ‚
901 3222 926 3241 c.
952 3212 1106 3252 Quamvis
1116 3232 1126 3246 ‚

135 3269 165 3290 c.
175 3259 262 3296 Petis)
270 3255 295 3286 li
306 3276 315 3291 ‚
338 3263 366 3291 7.
377 3264 403 3290 q.
416 3264 442 3285 ι.
452 3254 486 3285 (⁴5
498 3256 533 3285 ae
544 3255 625 3286 Cler.
638 3264 731 3292 agrot.
750 3263 800 3294 per
811 3263 862 3285 tot.
883 3252 920 3284 (ῥ’
929 3264 954 3284 c.
965 3254 1052 3286 Um'c.
1064 3252 1125 3284 cod.

140 3305 192 3333 tit.
203 3297 256 3332 hb.
268 3307 296 3329 ⁶.
321 3300 352 3329 ὅ(
365 3296 458 3329 latius
468 3297 620 3328 ostensum
633 3298 673 3329 est
684 3297 772 3338 supra
780 3308 858 3327 num.
877 3307 928 3336 44.
940 3305 991 3335 45.
1003 3295 1040 3327 (5³
1050 3295 1125 3333 feam.

137 3343 249 3386 Qarc
261 3343 343 3374 idem
354 3339 473 3380 prorsus
483 3342 652 3371 dicendum
664 3341 697 3371 in
708 3339 816 3371 officio
826 3362 834 3375 ‚
854 3342 892 3370 de
913 3349 979 3379 quo
997 3338 1101 3377 agitur
1114 3361 1124 3374 ‚

137 3388 223 3429 quod
234 3383 309 3418 cum
320 3384 353 3415 sit
367 3391 548 3424 perpetuum
559 3405 568 3418 ‚
588 3385 619 3414 ὅ(
628 3384 814 3415 collativum
826 3406 835 3418 ‚
854 3385 886 3415 δε
898 3391 1055 3413 annexum
1075 3382 1127 3412 lia-

139 3433 211 3461 beat
222 3429 366 3460 ordinem
377 3426 497 3457 sacrum
509 3447 518 3461 ‚
539 3426 698 3465 regulatur
710 3437 761 3466 per
770 3427 881 3458 omnia
892 3435 925 3457 ut
937 3424 1127 3456 beneficium

138 3471 390 3505 Ecclesiasticum
403 3491 412 3505 ,
433 3469 602 3500 secundum
612 3467 743 3500 Sat-nen.
754 3481 786 3499 in
795 3480 855 3508 reg.
867 3468 904 3502 de
913 3467 1034 3511 infirm.
1046 3477 1126 3507 ραι.

223 3513 326 3555 Prosp.
346 3515 373 3547 F
374 3522 488 3553 agrian.
507 3514 540 3544 in
559 3513 584 3544 Ι.
595 3510 665 3545 «Lib.
676 3513 831 3545 Decretal.

49 322 90 358 65

55 1315 96 1346 68

59 2229 97 2260 71

61 2274 104 2304 72

1988 57 2096 105 ἠις

1157 134 1237 175 vers.
1255 151 1279 166 Α
1286 144 1319 167 ut
1330 145 1393 171 >,squ
1408 145 1476 166 mur
1488 133 1521 162 de
1532 130 1628 173 officio
1638 153 1648 169 ‚
1667 129 1701 162 δε
1711 138 1785 162 ante
1795 137 1869 161 eum
1879 126 2018 165 Federic,
2031 129 2070 159 de
2080 127 2154 161 Sem

1154 178 1229 219 conſs
1241 191 1292 211 20.
1313 181 1347 210 in
1357 181 1489 212 civitate
1498 176 1617 219 Perusti
1626 197 1637 213 ‚
1656 183 1736 206 num.
1751 183 1777 215 3.
1785 170 1866 212 versi
1883 171 1944 204 Sed
1954 169 2028 209 quod
2044 170 2082 202 de
2091 170 2156 212 offi-
2188 178 2191 180 ’

1153 225 1199 254 cio
1210 225 1324 254 Poenit.
1880 222 1882 224 '
2137 230 2141 233 ·

1197 264 1265 297 lmo
1293 263 1455 297 difficilius
1485 270 1667 294 removetur
1687 259 1759 302 quis
1779 260 1816 291 ab
1845 257 1952 290 officio
1972 266 2122 299 perpetuo
2142 272 2158 293 ς,
2179 264 2222 295 177

1152 307 1246 349 quim
1257 308 1274 340 ὲ
1283 307 1451 343 beneficio,
1462 316 1496 339 ut
1509 305 1572 340 late
1591 305 1703 346 probat
1715 303 1846 344 Bologn.
1856 299 1887 335 d.
1898 301 1974 342 confi
1982 312 2008 343 3.
2018 312 2067 332 nu.
2084 310 2119 332 12
2126 308 2154 339 5.

1154 358 1191 384 (5
1207 362 1218 383 1
1250 361 1277 385 1.

1180 362 1312 436 Qiinto
1322 395 1395 425 loco
1406 393 1694 433 respond.eamdem
1705 389 1828 422 Alciati
1840 387 2018 422 doctrinam
2029 398 2095 421 non
2106 397 2159 428 ap·
2177 387 2218 424 78

1155 438 1267 478 plicari
1278 437 1362 469 casui
1375 436 1481 468 nostro
1494 459 1503 471 ‚
1514 435 1589 476 quia
1601 445 1637 465 ex
1649 434 1781 474 antiqua
1792 433 2013 468 observantia,
2034 433 2067 463 &
2079 430 2156 463 stvlo

1153 480 1303 512 officiales
1313 479 1454 520 Collegii
1467 501 1476 516 ,
1486 481 1525 510 de
1534 488 1598 518 quo
1612 477 1732 519 agitur,
1746 475 1887 517 legitime
1900 474 2046 517 impediti
2057 474 2157 514 etiam

1155 535 1207 565 per
1218 522 1336 555 senium
1349 545 1358 559 ,
1378 520 1659 554 &inhabilitatem
1670 518 1873 560 perpetuam,
1893 518 2074 552 officiorum
2085 517 2156 549 suo·

1155 578 1226 599 rum
1237 566 1349 598 titulos
1361 565 1577 598 indifferenter
1589 563 2011 599 retiniierunt‚inservientes
2023 572 2073 603 pei·
2083 561 2149 592 sub-

1157 611 1301 642 stitutum
1311 632 1321 646 ‚
1342 609 1459 651 sibique
1471 608 1688 641 emolumenta
1698 616 1900 647 perceperunt
1915 629 1923 637 .
1944 605 2011 647 Qii
2025 605 2157 646 quidem

1158 653 1250 695 stylus
1260 652 1302 685 est
1314 652 1489 684 conformis
1504 651 1598 682 Bullae
1620 649 1650 680 S.
1664 648 1709 680 Pii
1723 649 1761 679 V.
1782 652 1799 680 8
1809 658 1834 689 3.
1848 651 1874 685 ἕ.
1890 659 1938 680 12.
1959 650 1991 680 &
2003 647 2159 680 consonat

1157 697 1255 728 etiarn
1268 708 1341 728 cum
1351 695 1550 727 observantia
1563 692 1700 724 aliorum
1712 692 1922 730 collegiorum
1934 715 1941 722 .
1965 691 2052 723 Nam
2071 701 2105 722 ut
2124 700 2160 721 0-

1156 740 1323 772 mittamus
1332 739 1348 771 s
1347 749 1424 771 acrae
1437 738 1530 770 Rotae
1542 736 1714 772 Auditores
1725 757 1734 771 ‚
1746 734 1877 775 idipsum
1900 734 2037 765 servatur
2050 735 2083 765 in
2095 734 2158 764 Ad-

1157 784 1279 815 vocatis
1290 782 1566 815 Consistorialibus
1577 803 1587 817 ,
1608 780 1641 811 ὃς
1653 777 1892 810 inCantoribus
1903 776 2039 818 Capellae
2048 776 2159 807 Ponti-

1157 827 1236 858 ficiae
1247 827 1321 868 ‚qui
1335 825 1410 858 licet
1422 824 1656 856 constituantur
1668 821 1887 863 principaliter
1898 830 2021 861 propter
2032 819 2150 852 exerci-
2168 827 2209 858 79

1158 870 1257 906 tium,
1279 880 1385 907 tamen
1396 870 1436 900 ob
1447 867 1716 909 supervenientem
1727 864 1950 905 aegritudinem
1961 886 1970 900 ‚
1981 864 2027 894 vel
2038 862 2160 894 senium

1159 923 1224 945 non
1236 923 1439 945 removentur
1450 935 1460 948 ‚
1480 921 1515 943 ut
1528 910 1570 942 est
1579 909 1744 941 notorium
1755 931 1764 944 ,
1784 909 1817 940 &
1829 907 1863 939 in
1874 905 2074 939 Cantor-ibus
2085 915 2161 937 con-

1160 956 1216 988 stat
1227 967 1262 987 ex
1275 957 1363 987 Bulla
1374 956 1454 986 Sixti
1466 955 1503 985 V.
1520 957 1570 994 38.
1584 951 1768 992 Insuprema
1781 974 1788 982 .

1203 998 1419 1036 Ultimo,aliis
1430 997 1561 1033 omissis,
1573 999 1610 1028 ad
1623 995 1744 1027 Alciati
1755 993 1933 1030 d'offiffinam
1946 993 2161 1039 respondetur,

1160 1043 1335 1083 praecitatas
1347 1044 1428 1083 leges
1441 1051 1506 1072 non
1519 1041 1630 1072 habere
1643 1040 1749 1071 locum
1763 1038 1796 1069 in
1807 1037 1936 1069 officiali
1957 1047 2063 1073 caeco,
2084 1035 2160 1077 quia

1160 1085 1234 1117 cum
1257 1086 1447 1127 generaliter
1469 1084 1606 1116 statuant
1616 1105 1626 1119 ‚
1646 1092 1681 1114 ut
1700 1081 1850 1113 officiales
1869 1089 1994 1122 propter
2012 1080 2162 1112 morbum

1162 1129 1291 1161 inutiles
1302 1137 1524 1160 removeantur
1535 1149 1544 1162 ‚
1566 1128 1598 1158 &
1619 1126 1653 1157 in
1663 1135 1749 1157 caeco
1761 1125 1936 1165 specialiter
1956 1124 1992 1156 sit
2009 1132 2141 1155 cautum
2152 1138 2165 1158 ‚=

1161 1182 1195 1203 ιιι
1214 1172 1390 1223 judicantis
1409 1171 1515 1202 officio
1527 1169 1679 1209 fungatur
1690 1191 1700 1205 ‚
1720 1169 1919 1209 retinentque
1940 1178 1971 1198 m
1977 1166 2163 1208 agisti-atum

1160 1216 1247 1257 ptius
1257 1225 1420 1256 acceptum
1432 1237 1441 1251 ‚
1453 1225 1486 1246 ut
1498 1214 1552 1245 d.l.
1563 1215 1663 1244 Caecus
1672 1235 1682 1248 ‚
1697 1209 1732 1253 ff
1744 1209 1781 1242 de
1790 1210 1881 1249 jndic-
1893 1210 1929 1242 (θ’
1940 1211 1962 1242 Ι.
1974 1212 2085 1243 Prima
2100 1231 2110 1245 ‚
2133 1210 2161 1246 §-

1162 1259 1320 1304 Quamvis
1331 1268 1429 1289 autem
1441 1281 1450 1294 ‚
1464 1255 1501 1299 ff.
1513 1256 1549 1288 de
1558 1254 1660 1297 pastui.
1672 1254 1813 1295 intelligi
1824 1255 1940 1287 debent
1951 1255 1988 1286 de
2000 1252 2166 1287 aliisinfir-
2184 1253 2229 1284 80

1161 1305 1242 1340 mis,
1251 1314 1316 1334 non
1327 1312 1433 1334 autem
1443 1303 1480 1332 de
1493 1299 1584 1332 caecis
1596 1309 1607 1334 ‚·
1618 1298 1694 1340 quia
1703 1299 1750 1329 lex
1764 1297 1921 1338 generalis
1934 1296 2083 1337 posterior
2095 1306 2162 1327 non

1162 1348 1249 1378 tollit
1264 1348 1364 1387 legem
1375 1344 1551 1386 specialiter
1563 1343 1747 1383 loquentem
1757 1362 1767 1376 ,
1788 1340 1873 1382 Dyn.
1885 1339 1962 1380 cons.
1976 1350 2025 1378 27.
2037 1349 2117 1370 num.
2133 1349 2160 1380 3.

1163 1389 1241 1431 verſs
1261 1392 1335 1421 Item
1346 1400 1384 1420 m-
1406 1387 1457 1419 hoc
1475 1385 1618 1427 refidrat,
1645 1385 1731 1416 Barr.
1751 1384 1815 1415 inl.
1836 1383 1936 1423 Hujus
1947 1405 1957 1419 ,
1973 1386 2007 1414 in
2014 1381 2071 1424 fin.
2075 1380 2113 1423 ff
2124 1381 2167 1413 ad

1164 1434 1289 1474 Turpil.
1301 1436 1332 1464 ὅ(
1346 1432 1399 1463 alii
1412 1433 1490 1472 apud
1504 1430 1583 1461 Ant.
1596 1429 1692 1459 Gabr.
1703 1438 1846 1459 commun.
1858 1427 1949 1459 comt.
1959 1428 2013 1457 tit.
2034 1427 2085 1457 De
2094 1427 2170 1464 legi-

1162 1477 1214 1509 bus
1225 1499 1236 1513 ,
1259 1473 1383 1515 conclus.
1397 1485 1423 1506 1.
1433 1484 1513 1506 num.
1527 1478 1556 1504 6.
1568 1469 1605 1503 ὠ
1621 1482 1669 1503 io.
1690 1470 1747 1503 Sed
1759 1469 1866 1511 potius
1875 1469 2083 1510 distinguitur
2094 1490 2104 1505 ,
2131 1469 2164 1500 &

1164 1521 1323 1552 limitatur
1334 1529 1384 1558 pei·
1398 1519 1479 1557 leges
1492 1515 1638 1555 antiquas
1648 1536 1658 1550 ‚
1679 1525 1717 1545 ne
1729 1515 1873 1545 videatur
1888 1513 1957 1545 illas
1978 1512 2140 1554 corrigere
2156 1533 2167 1548 ,

1163 1563 1284 1595 Castill.
1296 1560 1371 1602 confi
1388 1572 1433 1593 ιο.
1446 1557 1568 1601 1)ιῇιῖΙο
1580 1557 1780 1598 supponitur,
1801 1568 1849 1588 nu.
1865 1566 1891 1596 5.
1910 1555 1991 1597 vers.
2011 1554 2169 1596 Adtesta-

1163 1616 1294 1639 mentum
1305 1629 1314 1643 ‚
1336 1605 1390 1637 ubi
1400 1604 1480 1636 dicit
1492 1612 1602 1634 omnes
1624 1600 1698 1632 DD.
1719 1611 1764 1632 ita
1784 1611 1891 1632 tenere
1902 1622 1912 1636 ,
1933 1601 1965 1631 &
1988 1599 2027 1631 eo
2045 1599 2166 1640 magis,

1163 1651 1238 1692 quia
1247 1648 1322 1682 cum
1333 1651 1414 1688 leges
1426 1645 1574 1688 praed'ietce
1585 1646 1757 1686 loquantur
1767 1646 1805 1675 de
1816 1643 1946 1680 officiali
1957 1643 2087 1679 inutili,
2100 1642 2165 1675 liaec

1164 1695 1258 1726 verba
1270 1703 1335 1725 non
1345 1695 1532 1732 adaptantur
1543 1699 1627 1720 caeco
1638 1710 1647 1724 ‚
1669 1690 1701 1720 δέ
1712 1687 1941 1728 consequenter
1951 1698 2009 1719 nec
2034 1687 2165 1718 illorum

1163 1737 1324 1778 dispositio
1336 1760 1343 1767 .
1365 1737 1386 1767 l.
1399 1746 1428 1774 4.
1442 1737 1468 1770 ξ.
1481 1733 1606 1768 Tarm,
1624 1729 1659 1772 ffi
1671 1732 1721 1763 De
1731 1732 1835 1762 damn.
1846 1728 1949 1771 infensi.
1970 1730 2056 1762 Nam
2068 1740 2169 1762 caecus
2189 1732 2234 1763 81'

1165 1792 1230 1813 non
1243 1780 1339 1821 potest
1349 1779 1413 1811 dici
1426 1777 1549 1809 inutilis
1562 1777 1597 1807 ad
1610 1773 1751 1806 officium
1760 1796 1771 1811 ,
1781 1775 1829 1806 vel
1840 1773 2056 1815 magistratum
2065 1784 2165 1814 quan—

1165 1827 1180 1855 d
1187 1824 1336 1864 mquidem
1358 1832 1411 1854 aut
1431 1820 1662 1852 consideramus
1682 1817 1812 1850 titulum
1823 1840 1833 1854 ‚
1853 1819 1886 1849 &
1906 1817 2050 1849 habitum
2071 1817 2164 1859 ipsius

1165 1867 1234 1899 offic
1242 1868 1263 1903 ij
1278 1879 1283 1897 :
1307 1868 1338 1899 &
1359 1866 1417 1897 lioc
1441 1862 1577 1904 respectu
1596 1863 1724 1902 plenum
1743 1860 1784 1892 est
1801 1871 1860 1893 nec
1880 1861 1915 1892 in
1934 1871 2018 1892 cerco
2028 1883 2037 1898 ‚
2059 1869 2116 1892 uec
2129 1860 2163 1892 in

1165 1911 1279 1951 quovis
1291 1911 1356 1941 alio
1378 1909 1507 1940 infirmo
1528 1906 1624 1937 ullam
1641 1904 1771 1945 reperiri
1791 1904 2046 1936 inhabilitatem.
2069 1904 2107 1935 Et
2129 1904 2164 1936 in

1166 1955 1224 1985 lioc
1238 1955 1436 1985 concordant
1448 1950 1526 1991 glosi
1540 1960 1563 1980 1.
1576 1949 1658 1980 Bart.
1671 1948 1756 1979 Bald.
1769 1948 1882 1987 Angel.
1894 1949 2043 1979 &omnes
2056 1947 2088 1978 in
2100 1946 2130 1978 d.
2142 1948 2163 1979 l.

1167 2001 1264 2029 Caecus
1276 2020 1285 2033 ‚
1300 1994 1344 2039 ff.
1353 1998 1402 2028 De
1416 1996 1505 2026 maie.
1517 1996 1549 2025 &
1560 1992 1657 2023 Gl-ois.
1675 2001 1700 2024 t.
1711 1993 1743 2022 &
1756 1991 1971 2023 communiter
1982 1990 2165 2023 Canonistae

1168 2041 1200 2072 in
1212 2052 1237 2072 c.
1250 2039 1301 2080 fin.
1313 2040 1350 2071 de
1359 2040 1442 2071 Cler.
1453 2046 1547 2076 aegrot.
1560 2037 1591 2068 δέ
1604 2034 1724 2076 optimc
1738 2035 1848 2076 probat
1867 2034 2032 2075 Bolognet.
2048 2033 2077 2065 d.
2089 2033 2164 2074 confi

1169 2094 1196 2124 3.
1207 2095 1286 2115 num.
1300 2093 1348 2124 33.
1371 2082 1436 2114 Αιιι
1457 2080 1690 2112 consideramus
1712 2078 1800 2110 usum
1812 2100 1821 2114 ‚
1842 2079 1874 2109 δέ
1895 2078 2084 2109 exercitium
2103 2077 2170 2109 offi-
2189 2081 2230 2111 82

1167 2127 1229 2158 cii:
1251 2129 1282 2159 δέ
1294 2128 1351 2157 Ιιοε
1364 2123 1500 2165 respectu
1510 2123 1652 2154 similiter
1664 2123 1790 2162 planum
1802 2121 1843 2153 est
1854 2131 1973 2152 caecum
1984 2122 2166 2153 nullatenus

1167 2171 1225 2202 else
1237 2171 1383 2202 inutilem
1394 2170 1431 2200 ad
1442 2179 1479 2201 ca
1488 2189 1498 2203 ‚
1518 2176 1586 2208 quae
1598 2165 1732 2196 consilio
1744 2165 1902 2205 implenda
1912 2165 1982 2196 sunt
1993 2187 2002 2200 ,
2013 2173 2043 2195 ut
2053 2165 2075 2196 l.
2091 2168 2165 2199 1..C.

1171 2215 1237 2258 Qyi‘
1246 2211 1378 2253 morb.se
1388 2210 1486 2251 excuſs
1498 2209 1552 2242 lib.
1570 2219 1616 2241 ιο.
1637 2210 1669 2240 &⁷
1681 2209 1715 2239 in
1727 2211 1747 2239 Ι.
1761 2219 1774 2239 2
1783 2231 1790 2239 .
1805 2214 1831 2244 §—
1842 2212 1984 2248 Corporis
1996 2206 2145 2240 debilitas
2155 2231 2166 2245 ‚

1162 2258 1203 2301 ff.v
1215 2260 1265 2290 De
1277 2265 1383 2288 vacari
1393 2265 1504 2287 muner.
1516 2255 1601 2284 unde
1609 2252 1655 2284 ait
1665 2251 1752 2291 glofl'.
1763 2254 1795 2282 in
1805 2251 1836 2282 d.
1848 2252 1869 2282 Ι.
1888 2261 1912 2282 ι.
1923 2253 1955 2282 in
1969 2251 2049 2283 verb.
2061 2252 2165 2291 Perso-

1167 2299 1283 2333 lmlmm
1295 2323 1304 2337 ,
1325 2309 1449 2331 crecusa
1463 2296 1598 2329 consilio
1609 2318 1618 2331 ,
1641 2296 1687 2326 vel
1703 2295 1884 2336 patrocinio
1905 2305 1968 2325 nou
1980 2294 2143 2326 excusatur
2154 2317 2164 2331 ,

1167 2345 1243 2386 quia
1255 2343 1386 2384 ingenio
1397 2342 1492 2382 pollet
1503 2339 1575 2377 ,cui
1586 2339 1651 2370 vim
1663 2348 1777 2370 natura
1787 2338 1915 2378 negavit
1927 2361 1936 2368 .
1956 2336 2024 2369 Iino
2037 2337 2056 2368 si
2077 2337 2112 2368 sit
2124 2336 2162 2369 sa·
2187 2340 2227 2380 83

1169 2389 1256 2430 piens
1268 2410 1277 2424 ,
1299 2385 1446 2426 compelli
1458 2384 1573 2425 poterit
1586 2383 1630 2414 ire
1641 2383 1679 2414 ad
1698 2381 1887 2413 Concilium
1898 2403 1907 2417 ‚
1927 2384 1959 2411 δε
1980 2381 2140 2412 consulere
2151 2403 2161 2416 ‚

1171 2428 1341 2463 secundum
1353 2430 1399 2470 Jo.
1410 2431 1448 2461 de
1460 2428 1564 2459 Anan.
1576 2428 1608 2457 in
1620 2437 1645 2457 c.
1656 2426 1745 2457 Licet
1755 2446 1771 2459 ‚-
1782 2436 1811 2454 n.
1824 2434 1856 2462 4.,
1864 2423 1951 2465 infra·
1964 2427 1999 2454 de
2010 2421 2140 2465 censibus
2152 2435 2160 2454 ε

1167 2477 1201 2507 &
1212 2475 1242 2507 S„
1253 2471 1474 2513 congregatio
1483 2468 1628 2503 Concilii
1640 2469 1701 2508 jain
1712 2467 1883 2498 declaravit
1894 2489 1904 2502 ‚
1915 2477 1950 2497 ex
1963 2467 2106 2498 caecitate
2118 2466 2165 2498 su-
2186 2469 2228 2508 84

1168 2518 1370 2560 perveniente
1379 2524 1472 2553 quem
1485 2523 1550 2544 non
1561 2510 1679 2551 privari
1690 2520 1765 2541 voro
1775 2531 1785 2545 ,
1806 2508 1890 2550 quod
1902 2510 1976 2541 alias
1987 2510 2125 2547 haberer,
2139 2510 2159 2542 ιὶ

1168 2572 1268 2593 εοεειιε
1280 2571 1342 2591 non
1354 2559 1427 2589 effer
1439 2581 1446 2588 .
1468 2556 1506 2587 Et
1516 2554 1660 2596 quamvis
1671 2555 1791 2585 nudum
1802 2575 1812 2588 ‚
1830 2554 1863 2585 ὅ(
1874 2554 1949 2584 rude
1958 2553 2166 2585 ministerium
2187 2557 2226 2594 85

1169 2603 1312 2646 legendi,
1324 2599 1542 2640 scribendique
1551 2620 1560 2634 ,
1570 2599 1654 2638 quod
1666 2596 1766 2637 magis
1776 2596 2020 2637 corpore,quai-n
2031 2597 2163 2637 ingenio

1168 2649 1327 2689 expletur,
1347 2653 1447 2676 circus
1456 2641 1648 2683 perseipsum
1659 2640 1790 2680 prestare
1811 2650 1945 2680 nequeat
1959 2651 1969 2675 ‚·
1990 2649 2095 2671 tamen
2106 2651 2162 2681 po-

1169 2692 1224 2724 test
1237 2691 1313 2722 illud
1326 2687 1495 2728 adimplere
1507 2695 1558 2726 per
1569 2683 1780 2719 substitutum,
1790 2684 1934 2721 exemplo
1947 2682 2061 2725 judicis
2073 2684 2161 2720 caeci,

1171 2735 1227 2776 qui
1248 2733 1402 2767 scobinae
1414 2730 1492 2770 legit
1504 2728 1627 2759 sentent
1636 2727 1699 2760 iam
1713 2736 1766 2767 pei·
1778 2726 1973 2762 alium,Bald.
1986 2726 2019 2757 in
2030 2725 2114 2769 Lfin.
2129 2737 2160 2758 n.

1168 2790 1197 2818 4.
1210 2776 1288 2816 versi
1300 2774 1362 2807 Sed
1370 2784 1440 2815 pone
1451 2796 1460 2809 ,
1471 2775 1498 2804 C
1499 2773 1561 2803 ‚De
1565 2769 1687 2811 sentaex
1698 2770 1820 2810 pericul.
1830 2769 2064 2801 recitand.Bart.
2075 2770 2160 2802 Bald.

1168 2825 1201 2853 ὅ(
1213 2821 1261 2852 An
1265 2830 1294 2859 g.
1305 2821 1336 2850 in
1346 2813 1560 2857 d.l.Caecus,ff.
1572 2812 1609 2845 dc
1619 2812 1709 2850 judic.
1724 2813 1838 2844 Luc-de
1848 2811 1922 2844 Pen.
1933 2814 1966 2844 in
1977 2810 2007 2844 d.
2019 2813 2041 2844 Ι.
2054 2823 2079 2845 1.
2089 2825 2119 2845 n.
2129 2817 2158 2846 8.

1168 2863 1206 2897 (ῥ’
1218 2863 1354 2904 9.C.Qgi
1366 2857 1496 2900 morb.se
1506 2856 1605 2898 excuſs
1615 2855 1667 2888 lib.
1682 2866 1731 2887 10.
1743 2855 1812 2887 Nec
1825 2856 1984 2896 propterea
2002 2856 2087 2893 dici,
2107 2868 2161 2889 aur

1169 2906 1286 2938 censeri
1299 2903 1395 2945 porest
1408 2902 1554 2934 inhabilis
1565 2923 1574 2937 ‚
1598 2909 1632 2931 ut
1644 2900 1675 2930 in
1685 2898 1868 2931 fortioribus
1880 2899 2023 2931 terminis
2037 2899 2098 2932 late
2110 2903 2161 2932 de-

1168 2950 1256 2981 ducit
1269 2945 1482 2987 Bolognett.d.
1493 2943 1570 2984 cons.
1584 2954 1610 2984 3.
1621 2954 1650 2974 n.
1663 2952 1711 2982 35.
1733 2942 1786 2973 ubi
1798 2942 1938 2982 pluribus
1957 2942 2094 2975 ostendit
2114 2944 2161 2975 in-

1170 2993 1289 3024 fantem
1300 3001 1357 3023 nec
1368 2988 1505 3030 respectu
1515 2985 1665 3020 exercitii
1674 2985 1755 3026 porse
1774 2985 1843 3018 dici.
1859 2985 2031 3018 inhabilem
2051 2989 2088 3018 ad
2098 2986 2161 3018 offi-

1168 3037 1253 3067 cium
1266 3035 1319 3065 sibi
1328 3033 1466 3064 delatum
1476 3054 1486 3068 ‚
1506 3042 1543 3062 ea
1551 3029 1744 3070 pouffimum
1755 3028 1880 3060 ratione
1890 3051 1900 3065 ,
1919 3029 1995 3070 quia
2004 3029 2020 3060 a
2031 3030 2096 3069 lege
2107 3032 2158 3060 da-

1169 3089 1237 3109 tum
1249 3077 1309 3108 fuit
1321 3076 1493 3107 remedium
1505 3096 1515 3110 ‚
1536 3083 1568 3104 ut
1581 3082 1633 3113 per
1645 3071 1741 3102 aliurn
1754 3071 1946 3104 administret
1957 3094 1967 3108 ‚
1985 3074 2017 3104 &
2037 3073 2091 3112 qui
2107 3083 2159 3113 per

1168 3122 1266 3152 alium
1276 3120 1417 3158 f.icit‚per
1427 3117 1554 3157 scipsum
1564 3115 1666 3146 facere
1677 3114 1850 3148 videtur-Et
1861 3114 1935 3147 ideo
1943 3125 2102 3157 tamquam
2114 3116 2160 3145 in-

1170 3164 1282 3198 habilis
1292 3173 1355 3194 non
1367 3160 1463 3201 potest
1472 3159 1580 3191 officio
1589 3157 1705 3199 privari
1714 3180 1724 3194 ‚
1735 3158 1811 3199 quia
1822 3159 1846 3189 is
1857 3180 1866 3194 ‚
1876 3159 1932 3200 qui
1942 3158 1959 3189 :l
1969 3159 2035 3198 lege
2047 3157 2159 3189 habili-

1172 3217 1254 3239 tatus
1267 3205 1307 3237 est
1319 3227 1328 3241 ,
1350 3214 1415 3235 non
1427 3203 1522 3243 potest
1533 3203 1610 3238 dici,
1621 3212 1679 3232 nec
1690 3202 1830 3242 reputuri
1840 3201 1989 3233 inhabilis
2001 3212 2006 3230 ε
2020 3209 2052 3231 ιιι
2065 3199 2158 3232 latius

1169 3260 1221 3291 per
1232 3259 1312 3281 eum.
1326 3247 1462 3279 Confert
1474 3245 1572 3277 tex.in
1584 3244 1670 3278 chd
1680 3245 1883 3280 audientiam,
1893 3246 1925 3275 ὃς
1937 3244 1980 3275 ibi
1993 3244 2075 3274 bona
2083 3243 2158 3283 glos.

1170 3296 1203 3324 in
1213 3291 1296 3324 verb.
1309 3289 1493 3332 Infirmitas,
1504 3289 1539 3320 de
1548 3290 1630 3320 Cler.
1640 3300 1696 3319 non
1705 3287 1795 3328 resid..
1807 3289 1838 3318 δι’,
1851 3286 2002 3318 (ἇΙοιῑζιιΙῑ.
2013 3288 2046 3317 in
2055 3297 2081 3317 c.
2089 3296 2098 3317 1
2106 3309 2113 3317 .
2123 3285 2159 3317 de

1167 3336 1347 3373 Cler.aegrot.
1395 3332 1455 3364 uod
1470 3332 1489 3363 si
1501 3334 1559 3363 lioc
1571 3332 1611 3364 est
1620 3331 1655 3363 in
1677 3332 1867 3369 infante,qui
1879 3329 1999 3369 prorsus
2010 3333 2096 3361 caret
2109 3329 2162 3361 usu

1169 3378 1303 3411 rationis
1325 3398 1334 3413 ‚
1346 3376 1448 3406 multo
1460 3374 1574 3407 fortius
1585 3375 1744 3406 obtinebit
1760 3372 1907 3408 in‘caeco,
1918 3371 1971 3402 cui
1982 3370 2028 3403 vis
2039 3372 2161 3403 intelle·
2184 3376 2221 3409 86

1167 3422 1233 3454 &us
1244 3424 1275 3452 δε
1296 3419 1419 3459 ingenii
1432 3419 1637 3459 perspicacior
1657 3418 1698 3450 est
1709 3439 1718 3451 ‚
1739 3425 1772 3446 ut
1782 3416 1824 3454 gl.
1845 3413 1918 3445 ind.
1929 3415 1950 3446 l.
1965 3425 1991 3445 1.
2011 3416 2086 3446 Cod.
2098 3417 2159 3447 usui

1167 3464 1290 3505 morbsc
1301 3462 1507 3503 excusdibno.
1518 3462 1589 3494 satis
1600 3461 1685 3493 enim
1694 3460 1782 3495 est,ut
1793 3458 1893 3532 Oriklis
1905 3458 2081 3490 intelleecus
2092 3467 2151 3488 cer-

2042 3510 2095 3532 nat
2106 3522 2115 3536 ,
