2397 3664
88 632 122 661 5¹

638 53 727 119 De
762 50 1052 122 obligat.ad
1083 46 1316 108 ratiocin.
1344 64 1391 101 c.
1419 42 1674 116 Magnus.·

146 144 243 189 posteri
254 142 359 187 ‚ff-De
368 143 460 182 judic.
468 144 493 177 l.
502 146 542 178 Si
553 145 619 184 quis
629 143 747 178 decurio
757 168 768 183 ,
779 148 816 178 C.
828 143 886 177 Ad
895 140 1076 175 [Carneade
1083 137 1158 181 falfi

147 188 300 232 l.fin.'§.ex
314 186 482 232 bonisffde
490 187 780 225 bomdamnatdicet
789 189 920 230 quidam
931 184 1157 218 contradicant

147 233 208 265 Sed
218 231 240 263 si
254 231 330 263 caus
329 242 347 263 a
358 232 399 265 est
410 232 602 273 criminalis,
611 233 691 264 dicit
699 243 772 269 eam
782 231 850 268 fore
861 229 1094 265 terminandam
1101 237 1159 258 co-

151 287 218 307 ram
229 268 472 318 Ecclesiastico,
492 270 568 307 esim
577 275 732 314 saecplaris
743 286 809 307 non
820 273 911 315 possit
922 273 1034 314 punire
1044 293 1054 307 ,
1070 282 1095 302 c.
1107 272 1158 310 De

144 317 271 361 persona
298 329 348 350 11.
369 329 416 356 qu.
441 328 466 350 1.
490 316 528 350 6⁰
537 327 604 359 cap.
616 319 667 349 At
670 319 701 361 st
713 319 830 357 Clerici
834 316 932 357 supra
953 315 989 347 de
1007 313 1097 353 judic.
1122 313 1158 344 In

147 362 350 400 contrarium
360 371 467 394 tamen
481 361 596 401 allegat
607 371 673 401 cap.
685 360 901 402 Epiphaniam
914 371 944 390 2.
955 369 1001 396 qu.
1020 368 1047 399 3.
1061 357 1156 393 Anth,

151 406 226 450 Qua
237 408 270 437 in
281 407 342 437 Pro
348 406 451 437 vincia
462 426 472 439 ‚
482 403 621 442 ‚Cod-Ubi
632 406 668 435 de
679 407 850 443 criminstg.
860 412 951 443 oport.
961 414 987 434 c.
1002 412 1027 433 1.
1043 411 1117 440 μμ.
1128 403 1158 430 6.

147 448 271 487 Verum
292 448 434 484 finaliter
457 447 624 484 concludit
643 447 740 479 etiam
761 447 886 480 causam
907 445 1108 478 criminalem
1127 443 1161 474 fi-

147 492 302 531 niendam
323 491 381 522 effe
402 499 512 521 coram
530 490 638 531 judice
657 491 780 522 citante
791 513 801 527 ,
822 490 871 522 sed
880 489 1082 521 mandabitur
1093 496 1161 518 exe—

155 535 283 573 cutioni
293 543 346 574 per
357 532 612 568 Ecclesiasticuin
622 555 633 570 ‚
645 544 710 575 arg.
721 543 786 574 cap.
798 531 958 575 postulasti
966 530 1002 563 de
1005 530 1128 574 for-com
1131 539 1160 571 p.

149 577 187 612 (ῥ’
196 587 266 618 cap.
282 587 308 608 1.
320 576 358 607 de
368 585 484 616 raptor,

186 621 284 659 >Sexta
295 618 560 660 deniq‘ii'e-‘opinio
570 619 611 651 est
621 620 711 660 Joan.
724 619 876 652 Andr.hic
885 615 1163 657 num.19.vers.Pu-

149 674 180 696 to
193 661 268 701 quod
278 665 311 693 in
322 663 437 699 civili,
459 663 516 703 qui
528 665 756 695 concordando
767 663 850 704 jura,
863 664 895 694 &
907 661 1076 702 opiniones
1087 669 1163 691 con-

155 706 268 745 trarias
281 717 288 736 :
300 705 378 742 Puto
389 728 398 742 ,
421 705 527 747 inquit
537 729 547 742 ‚
568 707 641 744 quod
653 709 685 738 in
697 709 809 743 civili,
831 706 881 738 vel
898 704 1057 738 criminali
1076 703 1162 734 nulla

147 748 302 790 distinHio
311 747 479 790 personalis
490 749 721 790 pet-secularem
733 749 859 789 judicem
865 747 940 792 fieri
950 749 1052 790 poffit‚
1072 755 1104 778 ut
1113 755 1162 787 po-

150 804 220 831 nere
228 796 264 841 iti
273 794 429 824 ‘autenm
440 815 450 830 ‚
470 793 521 825 vel
538 794 624 833 mala
634 793 733 834 pagha
746 817 756 830 ‚
778 794 829 825 vel
837 792 972 825 detinere
980 814 990 828 ‚
1010 791 1061 823 vel
1071 791 1162 833 fimi-

149 837 195 869 lia
209 848 217 872 ·‚
239 841 276 868 (¹7
287 838 382 867 ctiam
393 838 424 867 in
437 838 595 868 criminali
607 838 706 869 realis
717 839 853 869 executio
870 846 922 878 per
932 834 1028 877 ipsum
1041 832 1162 875 fiecula-

148 890 212 912 rem
225 881 273 917 qui
284 877 445 911 inchoavit
457 902 467 916 ,
483 878 559 921 fieri
570 883 683 925 poterit
696 892 709 917 ;
732 891 764 912 ut
768 882 814 923 fic
824 881 997 913 Clericatus
1014 878 1162 910 exemerit

148 921 306 966 personam
317 921 413 961 quoad
422 934 535 955 omnem
546 934 654 955 manus
663 925 920 960 ini-'eflionemwel
930 921 1018 963 distri
1021 921 1063 953 {bi
1066 930 1160 955 o7iem3

145 967 202 1009 sed
212 978 269 998 non
281 969 428 998 exemerit
438 968 560 1006 causam
570 965 590 998 ,ι’
608 966 816 1008 jurisdiffione
833 967 1046 1009 prevenientis
1066 961 1162 1001 quoad

151 1013 163 1042 i
165 1011 246 1053 pfius
256 1007 414 1051 proceffiam
424 1031 434 1046 ‚
456 1009 493 1042 (ῥ’
502 1008 867 1053 instantiamfiniendam
876 1033 886 1047 ,
907 1008 944 1042 ⁶&
955 1009 1083 1040 realiter
1092 1018 1162 1038 exe-

151 1056 268 1092 quenda
311 1075 322 1089 ‚
342 1053 460 1092 allegat
472 1053 579 1096 fimile
600 1057 632 1085 in
642 1064 710 1095 cap.
721 1058 803 1087 Sane
814 1055 850 1086 de
859 1054 915 1095 for.
934 1061 1055 1093 compet.
1067 1050 1116 1082 ubi
1128 1052 1162 1081 in

92 1106 128 1138 52
150 1098 232 1129 reali
250 1108 265 1127 e
308 1098 374 1134 quis
393 1096 563 1134 quandoque
580 1096 676 1135 judex
695 1100 806 1138 causae,
827 1097 864 1130 ά
883 1108 938 1127 non
959 1094 1100 1136 persone.
1123 1093 1161 1125 Et

156 1140 251 1182 paulo
265 1139 330 1180 post
341 1139 464 1171 subdit:
485 1141 558 1184 Quae
567 1141 731 1181 dic‘itzsunt
739 1142 776 1183 de
792 1140 944 1182 personali
954 1138 1140 1180 dzstrimonc
1151 1160 1161 1173 ,

152 1180 307 1226 procedere
317 1194 373 1214 non
384 1183 529 1215 videntur
539 1187 572 1215 in
582 1185 637 1215 illo
644 1207 654 1221 ‚
666 1189 715 1222 qut
726 1188 759 1216 in
768 1182 1044 1223 carcereſsecularis
1054 1180 1162 1219 judicis

156 1225 291 1274 existens
303 1225 346 1258 ibi·
355 1226 547 1258 ordinaretur
559 1251 566 1258 .
588 1229 670 1259 Tum
681 1231 751 1266 quia
764 1227 813 1260 hic
822 1236 977 1268 preventa
989 1225 1029 1267 est
1040 1223 1131 1264 causa
1153 1246 1162 1260 ‚

154 1276 192 1303 (9⁹
201 1268 325 1311 persona
338 1293 346 1301 .
369 1271 452 1301 Turn
463 1273 534 1309 quia
546 1269 631 1303 Ordo
639 1282 697 1302 non
706 1274 829 1303 invenit
839 1270 927 1312 istum
938 1269 1162 1306 liberumJum

95 1324 132 1357 53
154 1312 279 1351 denique
289 1315 360 1350 quia
371 1325 411 1345 ex
418 1317 572 1346 contrario
582 1317 710 1346 nimium
721 1316 888 1346 eluderetur
907 1313 1025 1357 justitia
1037 1336 1043 1344 .
1066 1312 1104 1343 Et
1125 1313 1162 1343 ad

155 1358 219 1399 liaec
231 1359 296 1388 duo
308 1355 385 1388 facit
396 1360 482 1398 quod
496 1368 588 1390 notat
600 1358 683 1389 idem
694 1358 784 1398 Joan.
799 1360 931 1390 Andr.in
942 1358 1053 1389 c.Sane'
1064 1357 1163 1394 ημμή

155 1407 222 1433 ver.
234 1401 269 1431 A
272 1400 332 1441 pud
341 1411 440 1431 omnes
449 1399 535 1442 infra'
543 1400 581 1432 de
589 1401 730 1433 celebrat.
746 1401 932 1443 stlifiarum,
943 1401 996 1432 ubi
1009 1399 1073 1441 post
1084 1399 1164 1431 Vin-

158 1453 245 1476 cent.
255 1445 288 1476 ὃ(
297 1443 385 1475 Host.
395 1444 440 1475 ibi
451 1466 461 1481 ,
482 1447 516 1476 &
526 1446 613 1486 gloss‘.
625 1445 715 1485 Joan.
725 1448 758 1476 in
778 1459 802 1477 c.
825 1446 990 1490 Quaefitum
1000 1446 1032 1474 in
1042 1454 1106 1475 ver.
1127 1444 1162 1474 In

156 1485 306 1530 patibulis
319 1497 366 1528 13.
380 1497 427 1525 qu.
440 1499 470 1519 2.
483 1490 649 1520 concludit
661 1491 848 1521 damnatum
863 1491 900 1520 ad
914 1497 1051 1520 mortem
1074 1486 1165 1518 susci—

161 1531 302 1573 pientem
311 1529 436 1571 Corpus
446 1529 585 1568 Christi,
609 1534 694 1573 juxta
714 1542 834 1564 teittum
846 1533 879 1563 in
900 1543 924 1564 c.
936 1531 1101 1574 Qaefitum
1117 1539 1164 1569 13.

160 1585 210 1613 qu.
222 1584 328 1606 2.non
338 1577 475 1614 gaudere
489 1576 696 1607 immunitate
708 1587 720 1611 ,-
743 1578 878 1608 reddens
891 1575 1050 1606 rationem
1062 1596 1071 1609 ,
1090 1573 1166 1613 quia

164 1617 291 1659 Corpus
310 1616 427 1649 Christi
448 1629 521 1650 eum
541 1619 703 1659 captivum
726 1619 849 1651 invenit
860 1642 870 1655 ,
890 1620 922 1651 ὅ(
944 1618 982 1649 sic
1003 1616 1167 1658 captivum

158 1661 299 1708 dimittit
309 1683 320 1697 ‚
341 1672 379 1692 ne
401 1661 546 1694 videatur
565 1661 715 1704 justitiam
734 1666 884 1695 damnare
901 1685 910 1698 ‚
943 1663 975 1693 δε
999 1661 1043 1692 ita
1064 1661 1167 1700 plures

165 1706 346 1747 judicatum
355 1704 444 1736 fuisse
456 1705 550 1737 refert
562 1706 676 1745 Igneus
689 1707 753 1738 inl.
771 1716 795 1737 1.
807 1718 839 1738 in
849 1709 946 1747 princ.
957 1714 1037 1736 num.
1050 1707 1080 1735 6.
1090 1702 1167 1745 fflad

162 1748 346 1794 Syllanian.
356 1758 450 1789 quern
462 1748 557 1780 refert
569 1748 655 1780 Cler.
667 1751 699 1780 in
712 1753 738 1785 §.
743 1748 804 1792 fin.
814 1760 840 1787 q.
853 1753 904 1785 98-
915 1748 994 1789 vers.
1005 1747 1066 1779 Sed
1076 1743 1150 1788 pone
1159 1770 1167 1778 .

162 1789 356 1831 Supradistae
376 1791 525 1831 opinioni
546 1792 637 1832 Joan.
660 1792 760 1824 Andr.
772 1792 873 1834 postea
885 1792 1077 1830 adhaeserunt
1099 1789 1170 1821 Do—

160 1833 263 1866 &ores
275 1833 486 1875 frequentiori
495 1836 621 1867 calculo
631 1857 640 1872 ‚
664 1837 696 1867 &
712 1836 745 1867 in
766 1837 865 1877 specie
888 1836 921 1868 in
934 1837 989 1867 liac
1005 1833 1166 1866 Decretal.

163 1879 251 1910 Butr.
261 1888 340 1909 num.
353 1888 381 1913 9.
393 1876 490 1924 Card.
500 1882 533 1910 in
545 1894 574 1916 9·
586 1890 614 1917 q.
626 1879 764 1911 Ancliar.
773 1877 968 1919 num.z.vers.
981 1878 1110 1913 Ultimo,
1122 1877 1168 1918 JO·

164 1922 263 1953 Andr.
275 1922 307 1953 &
319 1920 460 1952 Marian.
471 1921 579 1961 Socin.
591 1925 623 1954 in
634 1921 893 1963 diffammtuto
904 1922 1071 1964 principali
1085 1931 1133 1960 n.5
1143 1931 1168 1960 3.

164 1962 285 2005 &seqffi
297 1963 471 1995 Anchari-‚in
480 1967 600 2006 cap.Ea
612 1976 668 2003 que
679 1976 707 2004 q.
723 1976 770 2007 13.
782 1978 832 1998 nu.
847 1977 894 2004 19-
904 1966 940 1998 de
950 1964 1072 2004 reg-rur.
1084 1963 1169 1995 ΗΜ.

166 2007 314 2039 Peder.de
325 2006 850 2053 Seu-conſs97.incipien.Quoniam
861 2032 871 2047 ,
891 2020 960 2051 quae
970 2009 1010 2040 est
1022 2007 1171 2049 repetitio

164 2054 197 2083 in
209 2048 453 2097 d.c.Propoffiisti
463 2052 618 2091 num.5.Et
630 2053 710 2084 lianc
721 2053 915 2085 Tlieoricam
926 2053 1062 2094 Joannes
1072 2051 1171 2081 Andr.

164 2095 223 2127 esse
235 2104 452 2126 communiter
462 2105 620 2135 receptam
632 2095 761 2128 testatur
772 2095 971 2138 Steph.Aufi-.
984 2096 1063 2127 alios
1077 2095 1173 2125 addu-

164 2149 240 2170 cens
253 2140 285 2169 in
296 2136 425 2170 nahmi
436 2138 539 2179 potest.
548 2138 734 2180 saeculfiqer
743 2139 858 2180 person.
873 2141 957 2172 Eccl.
968 2141 1001 2170 in
1017 2148 1041 2170 i.
1052 2134 1174 2178 reg.fal-

165 2182 380 2229 lent-11.n.19.
392 2184 473 2213 inter
482 2183 572 2214 traH.
582 2193 726 2215 commun.
736 2193 776 2214 to.
791 2194 839 2223 14.
849 2181 900 2223 fhl.
916 2193 984 2224 390.
999 2183 1030 2213 8:
1043 2181 1174 2213 consen-

169 2234 256 2256 tiunt
267 2223 404 2257 Domini
413 2226 452 2256 de
465 2223 553 2257 Rota
564 2248 574 2262 ,
586 2236 619 2257 ut
630 2226 736 2258 dicam
749 2226 830 2258 infra
844 2239 874 2258 n.
890 2232 958 2259 161.
970 2228 1003 2257 in
1014 2223 1066 2264 fin.

102 2277 144 2315 54
174 2263 176 2266 ”
205 2268 251 2300 Ex
272 2267 366 2300 dietis
383 2268 474 2311 joam
486 2269 586 2301 Andr.
599 2270 631 2301 in
642 2271 699 2302 hac
719 2269 805 2302 sexta
824 2270 979 2311 opinione
1000 2268 1174 2309 eliciuntur

170 2321 310 2359 quatuor
320 2313 541 2359 conclusiones
553 2313 587 2344 in
598 2312 698 2344 causis
719 2314 870 2345 civilibus
882 2336 891 2350 ,
914 2316 945 2345 ὃς
962 2321 1100 2354 quatuor
1123 2310 1176 2341 iti-

167 2358 240 2387 dem
251 2365 285 2386 in
304 2356 524 2388 criminalibus
535 2379 543 2386 .
568 2356 604 2387 In
615 2356 713 2388 causis
733 2358 880 2388 civilibus
902 2357 1001 2398 prima
1012 2353 1176 2387 conclusio

168 2398 210 2430 est
221 2420 231 2434 ‚
252 2398 349 2438 Judex
361 2397 515 2431 saecularis
525 2399 582 2441 qui
594 2401 764 2432 verbaliter
775 2400 891 2432 citavit
905 2400 1021 2431 laicum
1032 2421 1042 2435 ‚
1059 2398 1113 2438 qui
1125 2408 1177 2438 pff

2028 51 2133 112 489

1197 150 1271 181 gere
1281 152 1291 170 :
1302 143 1502 173 concordant
1513 150 1624 172 omnes
1634 138 1802 181 opiniones
1810 160 1821 177 ,
1838 138 1872 172 &
1891 135 1992 170 solum
2001 137 2104 179 prima
2114 136 2199 169 vide-

1197 194 1249 215 tur
1259 184 1432 225 discrepare
1444 194 1568 221 attenta
1576 183 1622 215 sui
1632 184 1838 224 generalitate
1847 206 1856 214 .

1238 226 1368 267 Quarta
1386 227 1567 259 conclusio.
1589 226 1687 267 Judex
1698 226 1873 263 saecularis,
1892 224 1949 266 qui
1963 233 2019 265 pto
2029 222 2197 255 criminali

1196 271 1289 302 causa
1307 271 1433 306 realiter
1445 292 1454 306 ,
1475 270 1507 301 id
1527 269 1588 306 est,
1608 280 1660 310 per
1678 280 1844 311 ,capturam
1862 268 1998 310 personae
2016 265 2199 298 citavitlai-

1196 323 1270 344 cum
1281 336 1291 349 ,
1309 314 1365 354 qui
1376 315 1452 345 dum
1460 312 1670 349 detineretur,
1682 312 1780 345 faesus
1791 313 1832 344 est
1844 312 2002 347 Clericus,
2014 309 2114 351 potest
2126 319 2199 341 eum

1197 356 1408 397 distringere,
1429 357 1462 387 &
1481 356 1592 396 punire
1613 356 1712 387 etiam
1730 357 1764 387 in
1776 357 1926 397 persona:
1947 355 2127 386 concordat
2138 352 2198 394 pri-

1197 409 1267 435 ma,
1288 401 1445 439 &quarta
1454 397 1584 438 opinio.
1605 397 1643 429 Et
1662 400 1837 439 probantur
1858 397 2078 434 conclusiones
2096 396 2199 436 supra-

1198 442 1439 482 scriptxiisdem
1451 441 1651 477 rationibus,
1669 444 1702 473 δεῖ
1722 442 1969 474 authoritatibus
1981 463 1991 478 ‚
2012 440 2129 482 quibus
2148 439 2197 471 ni·
2229 439 2236 445 “

1199 495 1310 517 tuntur
1331 485 1499 525 opiniones
1518 494 1592 515 cum
1615 484 1661 515 eis
1681 488 1912 518 concordantes
1932 497 1943 514 .-
1972 494 2050 526 quas
2070 483 2200 525 quidem

1199 527 1420 560 conclusiones
1430 529 1555 559 videtur
1568 526 1663 558 etiam
1674 529 1832 569 collegisse
1845 529 1968 560 Anton.
1977 530 2014 560 de
2028 528 2198 559 Buff-num,

1205 581 1252 603 12.
1263 570 1556 612 verfiConcludendo
1566 591 1576 606 ,
1586 570 1643 610 qui
1655 571 1815 611 explicans
1834 582 1974 604 mentem
1989 571 2080 612 Joan.
2100 570 2201 601 Andr.

1199 615 1367 655 distinguit
1379 614 1418 646 sic
1433 626 1440 645 :
1463 611 1652 654 Quandoque
1659 616 1798 651 queritur
1808 637 1817 651 ‚
1837 626 1878 646 an
1887 616 2052 646 mutatione
2051 613 2155 655 status
2163 613 2201 644 de

1198 659 1277 690 laico
1284 661 1316 689 in
1325 661 1352 691 C
1353 656 1476 690 [ericum
1488 665 1619 688 mutetur
1628 656 1796 696 jurisdiffio
1807 668 1816 692 ς
1838 657 2009 696 quandoque
2019 669 2060 688 an
2068 664 2200 689 mutetur

1201 704 1339 733 executio
1349 724 1360 738 ‚
1379 702 1433 733 vel
1445 698 1610 738 exequendi
1618 698 1748 740 potestas
1759 723 1766 731 .
1786 702 1824 731 Si
1837 703 1991 738 queritur,
2012 712 2052 732 an
2069 708 2201 731 mutetur

1197 744 1368 786 jurisdisiio
1380 767 1388 781 ‚
1399 754 1468 775 tunc
1479 753 1545 775 tene
1556 765 1565 779 ‚
1586 752 1640 774 aut
1651 742 1690 783 est
1701 752 1852 784 preventa
1863 742 2044 789 jurisdic‘iio,
2055 741 2092 775 (ῥ’
2102 741 2200 783 perso·
2236 746 2241 754 ¹

1198 800 1237 820 na
1249 811 1258 825 ,
1274 787 1328 829 seu
1339 790 1475 820 executio
1487 810 1496 824 ,
1506 789 1577 825 quia
1588 788 1653 817 iam
1663 795 1766 827 captus
1777 785 1817 827 cst
1827 809 1837 823 ‚
1856 793 1893 819 (θ’
1903 787 2030 828 efficitur
2049 786 2091 817 iln·
2101 787 2201 818 Cleri-

1198 843 1248 863 cus
1261 843 1270 868 3
1281 836 1318 863 G*
1328 843 1385 863 non
1395 829 1502 873 profici
1506 840 1518 861 t
1529 832 1659 861 mutatio
1669 853 1678 866 ,
1699 840 1752 861 aut
1763 841 1820 861 non
1830 829 1871 871 est
1886 838 2039 871 preventa
2055 828 2179 870 persona
2188 851 2199 866 ‚

1191 874 1245 915 seu
1256 878 1394 907 executio
1404 897 1413 912 ‚
1434 877 1503 913 quia
1512 885 1568 905 non
1578 882 1668 914 capta
1679 872 1822 913 ‚sedsola
1833 872 1924 914 musa
1935 895 1945 910 ‚
1955 873 2008 905 vel
2019 871 2199 913 jurisdiftio,

1198 928 1230 950 ut
1237 922 1308 957 quia
1320 918 1360 960 est
1369 921 1483 955 citatus
1492 940 1501 953 ‚
1523 918 1576 948 vel
1584 918 1625 948 lis
1635 915 1674 957 est
1685 926 1790 949 contra
1800 927 1864 948 eum
1875 917 2042 960 contestata
2056 925 2067 951 ‚·
2079 913 2116 946 (9'
2125 924 2195 946 tunc

1197 974 1254 994 non
1264 962 1430 1004 impeditur
1438 962 1499 999 juri
1500 959 1608 1003 [disiio
1618 959 1715 998 quoad
1724 959 1882 1001 processum
1893 983 1902 997 ‚
1911 958 1948 992 ὠ
1958 957 2200 1000 causamfinien-

1199 1005 1271 1037 dam
1283 1028 1293 1042 ‚
1304 1006 1392 1049 &sic
1401 1004 1456 1046 iste
1465 1013 1601 1036 remanet
1611 1002 1705 1043 judex
1716 1003 1806 1044 causae
1816 1026 1826 1041 ,
1837 1003 1875 1036 θ’
1884 1015 1940 1036 non
1948 1002 2082 1044 persone.
2094 1002 2201 1044 Qan-

1197 1048 1288 1088 doque
1298 1051 1436 1087 queritur
1446 1071 1456 1085 ‚
1477 1060 1518 1079 an
1528 1057 1657 1078 mutetur
1664 1049 1800 1078 executio
1811 1069 1820 1084 ‚
1843 1046 1879 1079 &⁵⁸
1891 1056 1961 1078 tunc
1981 1056 2036 1077 aut
2054 1046 2178 1086 persona
2190 1067 2200 1081 ‚

1199 1102 1252 1124 aut
1263 1091 1356 1132 causa
1365 1092 1432 1133 ‚seu
1445 1095 1598 1123 executuio
1608 1089 1649 1131 est
1658 1094 1891 1130 preventafluta
1902 1092 1966 1121 iam
1976 1088 2061 1130 estin
2072 1090 2202 1120 carceri-

1197 1136 1249 1169 bus
1266 1137 1377 1179 pofitus
1390 1147 1401 1172 ‚·
1423 1132 1460 1168 (ῤ’
1476 1147 1533 1166 non
1553 1133 1674 1175 proficit
1693 1137 1788 1165 etiam
1807 1133 1903 1172 quoad
1921 1142 2123 1165 executionem
2132 1154 2142 1168 ,
2165 1132 2203 1164 (θ’

1199 1182 1294 1211 etiam
1312 1178 1408 1217 quoad
1425 1178 1590 1217 exequendi
1609 1178 1727 1209 modum
1746 1179 1874 1208 mutatio
1888 1176 1952 1218 fori
1964 1200 1972 1208 .
1995 1178 2064 1207 Aut
2082 1186 2139 1207 non
2161 1172 2202 1215 eff

1199 1233 1349 1264 preventa
1359 1222 1483 1264 persona
1495 1244 1504 1259 ‚
1518 1221 1571 1262 seu
1584 1224 1719 1252 executio
1730 1242 1740 1257 ‚
1753 1218 1916 1260 sedsoliem
1927 1218 2017 1260 causa
2028 1241 2038 1256 ‚
2059 1221 2128 1256 quin
2134 1216 2202 1260 fuit

1201 1270 1316 1300 citatus
1327 1289 1336 1303 ,
1347 1268 1449 1298 vellis
1460 1263 1624 1306 contestata
1636 1276 1644 1301 3
1667 1269 1703 1295 ΕΤ
1714 1274 1784 1295 tunc
1793 1267 1923 1302 quiedam
1933 1262 1974 1304 est
1984 1264 2121 1294 executio
2130 1271 2202 1302 pm·-

1200 1313 1361 1352 paratoria
1372 1332 1382 1347 ,
1392 1308 1430 1342 (ῤ’
1438 1307 1614 1349 distrisii'vtz
1628 1306 1751 1348 persone
1763 1329 1772 1343 ‚
1785 1317 1816 1338 ut
1827 1316 1930 1347 ponere
1940 1305 1982 1337 ad
1992 1316 2127 1338 carceres
2138 1303 2201 1345 post

1199 1357 1227 1387 C
1228 1355 1387 1386 [ericaeum
1398 1376 1407 1389 ,
1429 1353 1481 1385 vel
1490 1351 1573 1384 alia's
1593 1350 1773 1392 distringere
1790 1349 1947 1390 personam
1965 1361 2000 1381 ne
2021 1347 2118 1388 fugiat
2130 1360 2141 1383 ,·
2165 1347 2203 1380 (ῥ’

1201 1399 1239 1430 ab
1251 1397 1302 1429 hoc
1313 1399 1477 1428 eximitur.
1503 1394 1647 1439 Quaedtim
1658 1392 1697 1434 est
1709 1392 1862 1434 districiiio
1871 1394 1968 1425 realis
1977 1415 1988 1429 ‚
2007 1391 2044 1424 Θ·
2063 1391 2140 1423 haine
2149 1390 2204 1422 ad-

1202 1440 1255 1473 huc
1267 1441 1367 1481 facere
1388 1439 1477 1480 posset
1494 1439 1588 1479 judex
1599 1438 1774 1478 secularis,
1795 1448 1848 1469 nec
1862 1435 1979 1478 prodest
1998 1436 2128 1467 mutatio
2139 1432 2206 1476 sta-

1200 1494 1248 1516 tus
1258 1507 1265 1515 .
1289 1481 1435 1527 Qaedam
1448 1481 1489 1522 est
1499 1483 1634 1514 executio
1645 1479 1781 1524 decifiva
1792 1502 1802 1517 ,
1822 1479 1859 1512 ὦ*
1869 1479 2031 1521 hancficut
2050 1477 2134 1510 alids
2145 1500 2154 1514 ‚
2172 1477 2204 1521 fi

1201 1527 1242 1571 est
1252 1525 1532 1568 personalisfizcere
1541 1537 1598 1557 non
1605 1524 1697 1565 potest
1707 1546 1716 1560 ‚
1722 1523 1755 1566 fi
1763 1525 1860 1555 realis
1864 1524 1911 1567 fit
1922 1547 1930 1554 .
1952 1523 2028 1555 Haec
2040 1521 2166 1554 Butrius
2177 1543 2185 1553 .

1244 1570 1429 1612 Supradiista
1439 1569 1548 1601 omnia
1559 1568 1729 1611 prseliringi
1740 1567 1864 1608 possunt
1876 1567 1934 1599 hac
1955 1576 2019 1598 una
2036 1564 2211 1597 conclusio·
2233 1570 2269 1604 55

1202 1626 1242 1648 ne
1253 1637 1262 1652 ,
1283 1614 1436 1646 videlicet
1446 1635 1456 1649 ,
1470 1614 1561 1654 judex
1575 1611 1730 1644 stcularis
1740 1633 1750 1647 ,
1764 1611 1866 1652 quiin
1877 1610 1972 1642 causa
1979 1609 2134 1646 civili,vel
2144 1608 2208 1640 cri-

1203 1659 1338 1695 minali,
1360 1657 1420 1688 sive
1432 1657 1702 1697 percinuionem,
1727 1654 1787 1686 five
1808 1664 1861 1695 per
1880 1663 2044 1695 capturam
2056 1651 2207 1693 praevenit

1204 1712 1320 1734 contra
1331 1701 1446 1733 laicum
1458 1723 1468 1736 ,
1488 1701 1544 1741 qui
1557 1699 1657 1740 posteri
1667 1697 1766 1730 faetus
1778 1697 1820 1729 est
1841 1696 1989 1729 Clericus
1999 1719 2009 1733 ‚
2028 1695 2126 1737 potest
2135 1705 2209 1727 cau-

1203 1746 1268 1778 sam
1281 1746 1368 1778 illam
1380 1743 1542 1784 prosequi,
1552 1754 1588 1775 ac
1599 1741 1748 1778 diffinire,
1758 1742 1791 1773 &
1801 1740 1915 1782 exequi
1926 1740 2055 1772 realiter
2063 1761 2074 1776 ,
2083 1739 2132 1771 vel
2144 1748 2211 1780 per·
2250 1757 2252 1759 >

1212 1789 1364 1822 sonaliter
1376 1789 1411 1820 ad
1425 1787 1542 1818 limites
1552 1784 1778 1828 praeventionis
1790 1785 2003 1821 dumtaxat‚&
2014 1792 2081 1815 non
2091 1782 2173 1814 ultra
2182 1805 2191 1814 .

1249 1832 1327 1864 Non
1348 1831 1471 1862 obstant
1494 1832 1559 1862 duo
1577 1829 1701 1862 motiva
1719 1823 1848 1860 Bellam.
1867 1829 1906 1860 de
1925 1827 2041 1869 quibus
2061 1825 2151 1868 supra
2173 1825 2209 1859 in
2233 1827 2274 1864 56

1207 1876 1303 1907 tertia
1315 1874 1468 1916 opinione
1481 1883 1568 1905 num.
1580 1877 1631 1913 48.
1643 1872 1792 1906 videlicet
1804 1871 1998 1912 incapacitas
2013 1869 2135 1906 laici‚&
2152 1869 2214 1911 pri-

1208 1919 1364 1959 vilegium
1375 1917 1484 1948 ordini
1507 1917 1709 1948 conceffum:
1732 1925 1807 1947 nam
1818 1915 1997 1955 responderi
2015 1913 2114 1954 potest
2124 1912 2214 1955 juris-

1210 1962 1385 1994 diCtionem
1397 1960 1511 2003 judicis
1523 1961 1597 2000 laici
1609 1961 1643 1992 in
1652 1957 1744 1991 causa
1754 1968 1827 1990 ante
1846 1957 2047 1990 Clericatum
2057 1965 2216 1996 praeventa

1211 2005 1388 2047 perpetuari
1410 2004 1444 2036 in
1464 2002 1630 2035 Clericum
1645 2011 1769 2044 propter
1789 2001 1983 2042 principium
1993 1999 2096 2032 habile
2105 2022 2114 2036 ‚
2136 1998 2215 2031 licet

1210 2049 1310 2091 postea
1318 2047 1482 2080 devenerit
1495 2049 1531 2078 ad
1545 2047 1651 2079 casum
1662 2047 1752 2086 aquo
1762 2055 1828 2076 non
1842 2044 1947 2085 potuit
1958 2043 2104 2076 inchoari
2115 2065 2124 2079 ‚
2135 2053 2171 2077 ut
2181 2043 2216 2074 in

1212 2090 1458 2133 d.c.Proposuzsti
1472 2088 1576 2132 defor.
1588 2099 1711 2131 compet.
1723 2091 1755 2121 ὅ(
1769 2089 1810 2120 ibi
1823 2088 1957 2126 dixi‚nu.
1973 2097 2020 2128 13.
2030 2098 2094 2118 cum
2102 2097 2217 2118 concor-

1216 2134 1400 2176 damsuprd
1410 2136 1597 2175 allegat.pro
1608 2134 1709 2174 prima
1719 2131 1975 2173 opinione.Facit
1985 2131 2081 2163 l.Nec
2089 2127 2216 2171 enim,ff.

1211 2181 1262 2212 De
1272 2182 1282 2210 i
1286 2178 1403 2210 tin-agl.
1407 2174 1871 2220 privat.cap.Confi‹lmtionibus
1882 2173 1919 2206 de
1925 2173 1987 2213 jure
1989 2173 2218 2215 patr.cap.Pla-

1213 2232 1259 2255 cet
1277 2221 1314 2254 de
1333 2219 1468 2260 convers.
1489 2222 1602 2260 coniug.
1612 2230 1679 2262 cap.
1691 2218 1915 2261 Dtfiretioncm
1925 2218 1962 2249 de
1972 2230 2003 2249 eo
2013 2220 2062 2256 qui
2080 2218 2218 2256 cognovit

1211 2265 1460 2306 consanguineam
1472 2267 1578 2295 uxoris
1578 2263 1637 2305 fiiae
1648 2287 1657 2300 ,
1669 2262 1706 2296 (J
1715 2273 1779 2304 cap.
1790 2265 1818 2294 F
1819 2263 1917 2293 astum
1927 2260 1964 2293 de
1981 2273 2044 2300 reg.
2051 2261 2108 2299 jur.
2120 2258 2174 2291 lib.
2186 2264 2215 2292 6.

1213 2310 1253 2342 Et
1264 2309 1305 2341 est
1317 2309 1415 2340 ssmile
1427 2308 1459 2340 in
1480 2306 1611 2339 Clerico
1630 2307 1778 2348 litigante
1803 2315 1912 2337 coram
1933 2305 2040 2348 Judice
2059 2302 2197 2336 saeculari
2212 2314 2218 2334 :

1214 2364 1288 2385 nam
1300 2352 1375 2384 cum
1386 2352 1485 2383 laicus
1497 2350 1533 2384 sit
1544 2352 1636 2393 judex
1650 2360 1837 2390 competens
1849 2371 1858 2385 ‚
1877 2347 1954 2389 quia
1975 2347 2060 2388 actor
2077 2345 2218 2387 sequitur

1215 2396 1319 2428 forum
1332 2395 1396 2431 rei,
1417 2405 1483 2435 cap.
1494 2397 1532 2426 Si
1541 2394 1677 2426 Clericus
1687 2395 1799 2425 laicum
1811 2415 1821 2429 ,
1832 2390 1870 2424 (ῤ’
1882 2399 1946 2431 cap.
1958 2391 2038 2427 Ciam
2047 2391 2087 2433 sit
2095 2400 2221 2429 genera-

173 2441 235 2472 θεὰ.
253 2440 353 2472 fastus
375 2442 417 2473 est
426 2441 584 2479 *Clericus
595 2465 604 2479 ‚
625 2443 722 2484 potest
733 2443 857 2485 causam
870 2443 1035 2484 prosequi,
1056 2444 1087 2473 &
1096 2440 1178 2488 diffi-
1200 2441 1242 2477 je
1253 2438 1363 2482 defore
1375 2448 1495 2478 compet.
1508 2447 1633 2485 propter
1644 2436 1838 2478 principium
1850 2435 1953 2466 habile
1965 2434 2006 2466 est
2018 2435 2114 2465 etiam
2126 2433 2222 2474 Judex

171 2483 277 2516 nitiva
287 2482 444 2525 sententia
454 2486 644 2523 terminare3
668 2489 700 2519 &
714 2488 745 2519 in
757 2488 816 2518 lioc
841 2489 1040 2519 concordant
1050 2494 1177 2525 opinio-

173 2538 229 2560 nes
239 2537 350 2559 omnes
360 2548 370 2563 ‚
382 2529 420 2559 de
432 2527 646 2569 quibussupra'
656 2530 676 2561 α’
686 2542 715 2561 n.
727 2540 779 2568 41.
790 2540 921 2572 excepta
932 2530 1028 2562 tertia
1037 2553 1045 2559 .

216 2570 370 2617 Secunda·
381 2570 546 2603 conclusio
555 2593 564 2602 .
587 2572 673 2603 Idem
691 2574 783 2613 judex
797 2575 894 2613 potest
916 2572 1105 2605 sententiam
1116 2581 1180 2602 rea-

173 2615 248 2663 liter
259 2623 374 2662 exequi
385 2614 420 2646 in
432 2613 524 2646 bonis
535 2613 677 2651 Clerici,
690 2616 724 2646 in
743 2615 962 2656 qqusimiliter
981 2625 1110 2656 excepta
1121 2624 1181 2646 ter-

176 2668 223 2690 tia
234 2667 388 2698 opinione
399 2667 510 2689 omnes
521 2661 722 2691 concordant
735 2682 742 2689 .

218 2699 334 2732 Tertia
344 2700 507 2733 conclusio
519 2724 527 2731 .
548 2701 634 2733 Idem
647 2703 739 2744 judex
752 2711 817 2732 non
837 2701 934 2742 potest
949 2700 1114 2734 Clericum
1125 2711 1182 2741 pto

175 2744 233 2786 illa
243 2743 336 2776 causa
345 2744 549 2784 personaliter
560 2745 862 2785 distringere‚velriti
873 2755 988 2785 ponere
1000 2746 1033 2776 in
1042 2754 1180 2779 carcere,

175 2789 224 2820 vel
236 2787 320 2820 mala
330 2788 430 2829 paglia
440 2810 448 2818 .
472 2786 663 2820 Discordare
675 2789 800 2820 videtur
812 2788 913 2828 prima
931 2789 1041 2829 opinio
1059 2789 1181 2819 dumta-

178 2841 231 2864 xat
244 2829 380 2872 inspecta
390 2830 436 2862 sui
445 2831 654 2872 generalitate
666 2856 673 2863 .

220 2873 349 2915 Qiarta
359 2874 524 2907 conclusio
536 2897 543 2906 .
566 2875 663 2915 Judcx
684 2875 840 2907 saecularis
852 2873 873 2906 si
884 2884 940 2915 pro
961 2874 1071 2906 debito
1092 2873 1184 2905 civili

180 2919 326 2966 realiter,
347 2918 431 2950 idest
442 2940 452 2955 ‚
472 2928 525 2960 per
534 2929 697 2959 capturam
710 2918 846 2959 persona:
865 2918 1012 2949 citaverit
1035 2917 1154 2949 laicum
1176 2939 1184 2952 ,

179 2971 236 3002 qui
255 2962 387 2993 existens
406 2961 441 2993 in
460 2972 586 2994 carcere
603 2962 770 2995 ordinatus
789 2961 828 2994 sit
839 2960 988 2994 Clericus
998 2983 1008 2997 ,
1029 2960 1126 3001 porest
1151 2960 1184 2991 in

181 3003 274 3036 causa
283 3006 451 3045 procedere
461 3027 472 3042 ‚
491 3016 625 3054 euinque
637 3006 671 3038 in
681 3006 864 3037 carceribus
889 3003 1186 3044 detinere.Opinio-

183 3057 238 3079 nes
254 3058 364 3080 omnes
375 3059 574 3081 conveniunt
585 3072 594 3086 ‚
608 3059 715 3090 praeter
726 3049 855 3081 tertiam
869 3071 877 3079 .

226 3090 264 3137 In
274 3091 372 3127 causis
382 3093 603 3128 criminalibus
615 3093 716 3134 prima
727 3091 890 3124 conclusio
901 3091 944 3123 est
955 3115 963 3122 .
983 3090 1081 3131 Judex
1093 3090 1188 3122 saecu-

186 3133 280 3182 laris,
298 3134 355 3174 qui
365 3135 532 3168 verbaliter
544 3136 658 3170 citavit
672 3137 789 3168 laicum
802 3158 811 3172 ‚
824 3135 882 3176 qui
902 3134 966 3176 post
986 3133 1188 3166 commissum

185 3175 336 3208 delic'tum
346 3175 444 3209 factus
453 3178 495 3210 est
505 3178 652 3212 Clericus
662 3201 672 3216 ‚
691 3179 789 3220 potest
811 3180 846 3210 in
855 3178 947 3211 causa
957 3178 1012 3209 illa
1021 3179 1188 3218 procedere

185 3222 219 3252 ὅ(
239 3221 450 3261 pronunciare
461 3244 470 3253 .
491 3222 568 3255 Haec
592 3222 756 3255 conclusio
775 3223 952 3254 concordat
972 3231 1047 3252 curn
1059 3220 1160 3261 prima
1179 3241 1189 3255 ‚

185 3273 298 3305 quarta
309 3285 320 3300 ‚
342 3265 376 3296 &
386 3264 500 3306 quinta
510 3266 664 3307 opinione
673 3290 681 3297 .

230 3307 376 3355 Secunda
387 3308 554 3343 conclusio
563 3332 571 3340 .
593 3310 681 3342 Idem
691 3310 786 3352 judex
798 3308 897 3350 potest
905 3307 1094 3341 sententiam
1107 3307 1192 3338 suain

186 3360 301 3398 exequi
309 3351 436 3399 realiter
448 3350 483 3383 in
494 3351 586 3384 bonis
595 3352 738 3390 Clerici,
753 3355 932 3385 concordat
944 3352 1092 3393 prima,&
1102 3359 1193 3392 quar—

190 3404 224 3426 ta
234 3404 346 3435 opinio
356 3419 364 3426 .

205 3480 212 3486 .
231 3437 344 3470 Tertia
363 3437 530 3470 conclusio
539 3461 547 3469 .
569 3438 650 3479 Non
671 3449 779 3478 tamen
796 3439 894 3480 potest
904 3439 1049 3470 eamdem
1069 3436 1193 3469 senten-

187 3490 268 3514 tiam
277 3482 389 3523 exequi
401 3480 596 3523 infetsona,
606 3492 664 3515 nec
675 3482 842 3516 Clericum
854 3481 1059 3524 personaliter
1069 3479 1196 3512 dimin<

1217 2485 1252 2515 in
1274 2483 1367 2515 causa
1387 2480 1670 2516 reconventionis,
1689 2488 1756 2520 cap.
1779 2477 1852 2511 1.de
1872 2486 1945 2508 mut.
1965 2486 2025 2518 pet.
2047 2474 2222 2508 secundum

1216 2527 1424 2568 opinionem,
1443 2534 1539 2565 quam
1558 2524 1639 2555 dicit
1649 2532 1874 2557 communem,
1896 2522 1929 2552 &
1949 2520 2014 2562 late
2025 2529 2133 2552 tuetur
2152 2518 2219 2551 De-

1217 2572 1285 2602 cius
1297 2573 1330 2601 in
1341 2578 1407 2609 cap.
1417 2568 1501 2611 Atfi
1514 2566 1656 2599 Clericia'
1666 2577 1746 2597 num.
1764 2563 2011 2605 156.dejudic.,&
2022 2563 2122 2604 magis
2134 2573 2222 2594 corn-

1217 2624 1346 2646 rnunein
1358 2635 1367 2649 ,
1388 2614 1420 2644 δι
1431 2613 1472 2642 de
1482 2610 1710 2641 consuetudine
1721 2609 1917 2642 observatam
1927 2631 1937 2644 ,
1957 2606 2106 2648 Steplian.
2131 2605 2223 2637 Aufr.

1217 2658 1253 2689 de
1265 2655 1365 2697 potest.
1371 2654 1507 2695 saecular.
1512 2652 1550 2694 su
1552 2662 1606 2694 per
1617 2654 1702 2685 Eccl.
1713 2652 1827 2693 person.
1838 2655 1872 2683 in
1882 2662 1911 2683 2.
1923 2651 2017 2690 regul.
2036 2662 2085 2689 nu.
2107 2660 2138 2689 4.
2150 2651 2183 2681 in
2195 2659 2223 2690 3.

1219 2701 1383 2741 fallenda.
1406 2698 1492 2729 Idem
1513 2696 1555 2728 est
1575 2697 1718 2728 similein
1739 2695 1888 2730 Clerico,
1909 2695 1966 2735 qui
1984 2693 2226 2734 efficiturhaeres

1220 2743 1294 2775 laici
1307 2744 1368 2785 jam
1391 2741 1543 2775 conventi
1564 2739 1788 2782 corainjudice
1800 2738 1938 2771 saeculari
1951 2759 1960 2774 ,
1979 2737 2057 2778 quia
2068 2735 2223 2779 instantia

1222 2787 1300 2819 iicut
1312 2785 1512 2827 praemitrirur
1522 2783 1597 2815 cuin
1609 2784 1694 2814 laico
1708 2782 1859 2814 inchoata
1868 2781 1978 2814 transit
1995 2781 2030 2813 in
2040 2778 2225 2820 Clerict1n13

1221 2828 1393 2862 secundum
1410 2837 1506 2859 unam
1516 2827 1719 2868 opinionem,
1740 2836 1843 2867 quam
1858 2826 2032 2865 sequuntur
2052 2823 2225 2865 Baldrcons.

1224 2884 1295 2915 340.
1307 2870 1479 2911 Triafimt‚
1492 2870 1570 2910 versi
1582 2872 1657 2901 Item
1668 2872 1739 2908 quia
1749 2869 1848 2901 disi-us
1859 2869 1997 2901 Clericus
2007 2861 2227 2906 lib-2Jrnol.in

1221 2918 1283 2949 l.Si
1293 2926 1358 2948 cum
1369 2912 1561 2955 homincmff.
1576 2915 1624 2945 De
1628 2911 1798 2956 fidejussor.
1813 2914 1847 2944 &
1857 2912 1926 2948 alii,
1936 2921 2017 2952 quos
2028 2909 2134 2946 refert,
2145 2911 2177 2941 &
2187 2910 2229 2940 se—

1221 2961 1332 3001 quitur
1343 2957 1434 2990 Aufr.
1444 2957 1594 2998 ubisupra'
1603 2957 1623 2988 a*
1633 2968 1683 2988 nu.
1694 2965 1723 2995 7.
1734 2958 1767 2987 in
1787 2956 1977 2998 6.fallentia
1989 2977 1999 2991 ,
2019 2954 2128 2986 dicens
2138 2954 2227 2984 illam

1223 3003 1363 3035 maxima
1382 3001 1531 3043 :equitate
1553 3000 1660 3031 fulciri
1679 3022 1690 3036 ‚
1718 3001 1752 3031 &
1771 3001 1929 3031 adducens
1948 2997 2107 3030 rationem
2127 3018 2137 3032 ,
2160 3005 2228 3036 quae

1224 3047 1301 3078 facit
1315 3047 1352 3078 ad
1363 3044 1555 3085 propositum
1567 3043 1705 3074 nostruin
1715 3065 1726 3080 ‚
1747 3043 1897 3075 videlicet
1909 3064 1919 3078 ,
1938 3041 2014 3083 quia
2025 3041 2098 3072 alitis
2112 3038 2226 3070 tertius

1226 3091 1383 3131 lederetur
1395 3088 1458 3119 sine
1469 3088 1561 3126 culpa
1571 3109 1580 3123 ,
1603 3087 1658 3127 qui
1674 3085 1839 3124 inchoavit
1849 3086 1939 3118 litem
1950 3095 2023 3116 cum
2033 3081 2193 3116 defrrncsto,
2207 3080 2227 3110 si

1226 3142 1394 3173 cogeretur
1413 3130 1551 3162 deserere
1571 3130 1726 3171 judicium
1737 3129 1821 3170 prius
1831 3139 1970 3170 coeptum
1982 3136 2090 3158 coram
2109 3124 2230 3155 saecula-

1227 3178 1254 3208 ti
1264 3176 1370 3220 judice
1381 3197 1391 3211 ‚
1414 3176 1446 3206 &
1459 3173 1545 3205 aliud
1558 3173 1709 3205 inchoare
1720 3183 1826 3205 coram
1838 3169 2055 3204 Ecclesiastico
2076 3190 2085 3204 ‚
2112 3167 2229 3205 &lites

1227 3231 1262 3252 ex
1276 3219 1386 3250 litibus
1397 3217 1558 3249 orirentur
1569 3238 1578 3253 ,
1590 3226 1704 3248 contra
1714 3225 1837 3248 textum
1848 3218 1881 3247 in
1889 3222 1953 3254 cap.
1967 3210 2136 3251 pastoralis
2146 3209 2232 3250 ἔκβητ’

1226 3262 1262 3295 de
1269 3260 1349 3302 caufi
1360 3260 1486 3302 possess.
1495 3257 1532 3292 (ῥ’
1542 3268 1641 3301 propr.
1654 3258 1729 3292 licet
1739 3260 1794 3291 alii
1805 3268 1919 3290 contra
1929 3280 1938 3292 ‚
1959 3265 1993 3286 ut
2004 3264 2058 3295 per
2069 3263 2154 3293 eum‚
2165 3252 2229 3284 Ne-

1227 3317 1289 3348 que
1300 3305 1377 3340 vero,
1387 3305 1445 3335 lioc
1457 3304 1622 3344 contingit
1633 3313 1670 3335 ex
1682 3302 1765 3336 fac‘to
1778 3325 1787 3338 ,
1806 3303 1853 3332 vel
1865 3298 2040 3331 ministerio
2051 3295 2172 3329 Clerici
2184 3306 2229 3327 re-

1231 3348 1419 3387 nunciantis
1440 3346 1503 3378 fori
1522 3347 1709 3387 privilegio,
1732 3346 1780 3386 sed
1799 3355 1836 3375 ex
1846 3342 2033 3375 austoritare
2056 3339 2200 3372 Ecclesiae
2220 3361 2230 3376 ,

1229 3402 1298 3433 quce
1310 3390 1430 3433 justitia
1442 3390 1486 3422 ita
1496 3385 1745 3431 exigente‘jubet
1758 3387 1932 3427 perpetuari
1952 3383 2200 3426 jurisdictionem
2222 3404 2232 3418 ‚

1231 3436 1286 3467 ubi
1310 3434 1402 3467 semel
1425 3443 1566 3474 coeptum
1585 3433 1626 3464 est
1636 3431 1792 3475 judicium
1813 3439 1879 3460 non
1890 3428 2032 3459 obstante
2052 3427 2232 3459 mutatione

1231 3479 1294 3512 fori
1305 3501 1315 3516 ‚
1337 3477 1417 3511 utin
1429 3476 1575 3519 praedich
1585 3474 1745 3507 Decretal.
1757 3471 1956 3514 Proposuisti.
1976 3471 2128 3542 Praeteter}
2139 3468 2159 3499 fi
2182 3477 2234 3498 va-

2127 3521 2171 3542 Ck'„
2179 3519 2191 3540 t

2244 2310 2283 2342 57
