2397 3664
269 82 364 130 ²40

235 164 275 195 49
295 152 439 187 Abbatia
450 154 483 185 ιή
494 153 523 184 Ε
525 150 630 193 cclesta
642 150 826 186 Collegima,
838 150 884 180 cui
893 149 978 178 nulla
989 149 1129 179 imminet
1138 159 1209 180 cura

339 207 392 229 nec
403 193 624 237 pa’m'temialis
635 215 644 228 ,
653 203 706 223 nec
715 187 1110 231 jumydtthonalis,obtineri
1118 191 1211 232 potest

340 242 374 271 in
385 241 455 277 vigc
450 239 528 281 simo
531 233 663 276 secundo
672 245 750 265 anno
759 231 892 274 abfhluto
902 255 910 264 .

295 282 430 314 AEratem
449 280 563 318 viginti
579 276 703 308 duorum
721 288 867 309 annorum
885 279 914 309 C
913 275 1210 319 onc.Trid.prafixit

338 322 382 355 ad
390 320 565 356 obtinendas
575 319 743 358 dignitates
751 330 876 351 curatas
885 319 1068 362 inEcclesiis
1076 320 1141 351 ta'm
1150 323 1178 352 C
1178 332 1211 351 a-

339 363 539 399 thedralibus,
552 363 639 400 quam
649 363 842 402 collegiatis,
855 362 928 395 ibid.
942 362 979 394 Φ*
988 374 1035 394 nu.
1042 361 1126 403 βας.

232 421 269 451 50
291 411 333 441 Et
370 406 521 449 refellitur
541 408 695 438 contraria
715 405 885 438 declaratio
906 415 1062 444 tamquam
1082 415 1210 450 apocry-

338 450 398 491 pha
410 474 416 480 .

230 505 266 535 31
291 493 380 525 AEtas
399 494 538 531 legitima
548 514 558 528 ,
580 502 638 530 qua·
648 491 770 525 dicatur
781 491 825 524 ad
833 493 1057 529 Canonicatus,
1080 489 1211 526 Praeben-

336 535 393 567 das
403 558 412 571 ‚
435 534 472 567 0)·
482 537 638 567 Portiones
648 538 681 568 in
693 536 840 580 Ecclesiis
858 533 1095 569 Cathedralibus
1105 558 1115 573 ‚
1135 533 1208 567 (Tn.

332 578 414 619 seqq.
426 577 511 618 uſsque
521 578 562 609 ad
572 590 651 611 num.
663 582 713 618 78.
952 590 956 600 ¹

226 633 261 663 52
286 622 373 665 Quid
386 620 421 653 de
432 622 495 661 jure
504 625 650 654 communi
662 644 673 660 ‚
691 622 756 654 late
772 620 933 664 discutitur
943 645 953 659 ,
972 621 1059 662 usque
1077 619 1120 652 ad
1129 630 1209 653 num.

232 717 270 751 53
293 708 469 741 Intellcc‘lus
480 719 507 740 c.
518 708 561 740 Ex
572 719 612 740 eo
624 732 634 748 ‚
654 710 692 740 de
704 708 792 740 cle&
806 708 859 740 lib.
872 713 900 739 6.
913 710 946 739 &
956 718 1042 740 num.
1056 711 1104 746 56.

228 763 268 793 54
290 751 461 784 Intelltt‘lus
483 762 549 792 cap.
569 752 604 784 Si
627 752 770 784 animum
782 773 792 788 ‚
812 753 849 783 de
861 751 958 794 judic.
981 751 1034 782 lib.
1056 754 1086 782 6.
1107 751 1140 782 &
1152 760 1209 782 nu-

335 806 411 826 mcr.
426 804 473 834 57.

228 848 265 879 55
288 842 315 871 C
317 841 493 870 manicatus
515 849 572 869 non
591 839 721 876 requirit
739 836 776 868 de
790 835 964 876 substantia
993 838 1209 868 maturitatem

340 882 460 924 confilii
470 904 479 918 ,
499 886 536 913 (θ’
547 892 650 913 vocem
659 884 692 912 in
702 881 846 921 Capitulo
858 904 865 911 .

230 928 267 964 58
289 927 494 958 Canonicatus
503 926 536 955 in
546 923 732 955 Cathedrali
742 935 783 954 an
792 925 896 961 vigore
914 921 1132 963 conflictudinis
1140 934 1208 955 con—

328 968 410 1009 ferri
419 968 501 1008 poffit
512 967 623 1005 majori
627 966 785 1008 septennio
806 975 929 1007 propter
947 976 1059 998 certum
1078 960 1210 1008 ministe-

332 1013 411 1041 rium
420 1011 473 1041 illi
484 1020 638 1040 annexum
649 1033 656 1040 .

228 1062 243 1094 5
248 1065 266 1091 9
288 1055 493 1085 Canonicatur
522 1051 665 1084 habentes
686 1051 835 1085 Ordinem
845 1051 967 1092 sacrum
987 1063 1138 1084 annexum
1161 1064 1208 1083 re-

333 1104 454 1134 quirunt
464 1117 473 1132 ,
483 1104 514 1125 ut
524 1095 714 1139 provtfiisfit
724 1098 756 1127 in
766 1105 853 1127 aetate
862 1094 907 1127 ad
915 1097 1008 1127 talem
1018 1095 1152 1127 ordinem
1161 1107 1208 1126 re-

333 1139 444 1182 quifita
458 1161 466 1175 ‚
487 1139 524 1170 (ῥ’
533 1149 613 1169 num.
626 1143 642 1170 6
651 1149 676 1179 ᾖ.

221 1187 263 1215 60
284 1182 383 1215 Alias
402 1184 491 1223 provi
494 1181 536 1223 fio
554 1184 648 1214 etiam
663 1183 752 1225 fiu‘la
763 1194 802 1214 ex
814 1181 906 1223 causa
915 1184 1147 1224 permutationis
1167 1181 1208 1223 est

332 1226 418 1257 nulla
430 1248 437 1256 .

223 1274 261 1301 61
287 1268 376 1313 Quod
387 1268 519 1310 procedit
530 1292 540 1305 ‚
557 1269 589 1312 fi
594 1280 629 1301 ve
638 1269 705 1301 illis
709 1270 755 1312 sit
766 1280 903 1301 annexus
913 1267 998 1302 Ordo
1008 1267 1208 1311 Presbytcra-

334 1322 381 1343 tus
392 1335 401 1349 ‚
418 1313 489 1355 five
502 1314 692 1344 Dan-onasus
703 1335 713 1350 ,
727 1314 798 1355 five
816 1316 841 1345 S
843 1311 1009 1345 ubdiacona
1015 1323 1062 1344 tus
1073 1335 1082 1349 ,
1100 1310 1207 1344 *contra

335 1356 557 1398 opinionemJO.
568 1355 672 1387 Andr.

223 1403 264 1432 62
289 1401 364 1431 Item
387 1408 459 1430 aetas
478 1398 594 1430 ordinis
613 1402 776 1437 requiritur
794 1398 1208 1440 temporedatae[mpetratio-

332 1444 381 1477 nis
392 1464 401 1478 ,
421 1442 481 1486 nisi
490 1443 534 1486 fit
543 1441 664 1475 adnata
670 1452 739 1474 tura
750 1446 783 1474 in
790 1455 896 1482 genere
907 1466 915 1474 .
1106 1482 1111 1487 ¹

225 1491 266 1528 6-3
287 1484 351 1520 Sed
363 1485 450 1517 hodie
460 1483 626 1518 obtinentes
635 1488 817 1525 Dignitates
827 1509 837 1522 ,
858 1487 1076 1522 Canonicatus,
1085 1490 1123 1517 <⁷9⁴
1134 1487 1208 1517 Por-

331 1531 427 1561 tiones
444 1551 454 1566 ,
486 1527 590 1568 quibus
610 1531 749 1561 Ordines
772 1529 861 1569 sacri
887 1531 1002 1560 annexi
1022 1551 1031 1565 ‚
1053 1527 1138 1568 satis
1169 1526 1209 1568 cst

333 1582 366 1604 ut
381 1573 447 1616 fint
467 1574 499 1604 in
520 1573 581 1604 tali
600 1582 689 1604 aetate
709 1595 719 1609 ,
750 1582 781 1604 ut
801 1571 886 1616 infra
905 1583 1016 1604 annum
1038 1573 1208 1613 promoveri

328 1618 459 1648 valeant
473 1639 480 1647 .

290 1662 373 1692 Sive
384 1657 520 1691 Ordines
533 1659 600 1702 sint
619 1662 736 1692 annexi
744 1660 835 1691 certis
843 1657 1012 1692 Praebendis
1023 1681 1032 1696 ,
1037 1659 1108 1702 five
1115 1660 1208 1690 incer-

336 1704 399 1739 tis,
421 1713 500 1733 num.
515 1706 566 1734 66.

223 1751 267 1788 64
287 1742 453 1780 Praebenda
475 1748 500 1777 S
501 1743 687 1777 acerdotalis
713 1745 753 1778 ab
771 1744 943 1777 Ordinario
969 1743 1097 1787 conferri
1116 1743 1208 1786 potest

289 1787 436 1831 existente
447 1791 480 1820 in
493 1789 743 1831 vigestmoquarto
755 1791 856 1820 atatis
866 1800 944 1820 anno
953 1811 960 1820 .

220 1838 260 1874 65
284 1832 437 1866 Ordinum
467 1834 600 1864 annexio
627 1832 758 1873 respeflu
790 1832 976 1872 aptitudinis
1003 1843 1061 1864 non
1080 1833 1207 1870 requirit

332 1884 450 1907 atatem
479 1874 596 1907 ordinis
624 1885 683 1906 tem
685 1885 755 1916 pore
775 1876 949 1907 collationis
967 1885 1072 1907 contra
1094 1887 1108 1905 o
1110 1877 1176 1916 pini
1180 1886 1210 1904 o-

331 1930 401 1951 nem
413 1916 552 1951 Abbatis
563 1941 572 1956 ‚
587 1916 645 1960 fid
654 1918 783 1960 respet‘tu
802 1919 885 1951 altus
904 1919 1090 1955 dumtaxat,
1111 1918 1148 1951 (ἰ
1158 1930 1207 1949 nu.

329 1963 414 2004 seqq-

232 2011 272 2040 66
296 2005 453 2039 ordinum
467 2007 599 2037 annexio
608 2004 721 2047 duplex
730 2029 738 2037 .

223 2058 265 2091 67
286 2048 471 2093 Beneficium
481 2061 517 2080 ea
526 2050 588 2088 lege
593 2048 761 2092 fundatum
772 2071 782 2086 ‚
803 2059 835 2081 ut
846 2048 975 2090 conferri
985 2049 1092 2082 debeat
1101 2052 1209 2082 Sacer-

332 2092 398 2124 doti
412 2115 421 2129 ,
438 2091 491 2133 seu
502 2091 659 2134 constituto
669 2095 702 2125 in
714 2091 831 2125 Ordine
840 2096 866 2125 S
868 2092 1038 2125 acerdotali
1046 2116 1055 2129 ,
1079 2095 1208 2131 requirit

334 2135 483 2169 Ordinem
494 2134 729 2180 Presbyteratus
739 2145 869 2177 tempore
888 2138 1059 2168 collationis
1070 2160 1077 2167 .

225 2185 267 2214 68
290 2178 453 2213 Praebendtz
467 2177 702 2211 Subdiaconalis
713 2178 800 2210 hodie
811 2177 939 2211 obtineri
950 2180 1043 2220 potest
1051 2183 1086 2211 in
1097 2180 1207 2256 ὐῐὲἳή-
1250 2175 1254 2178 ’

333 2234 380 2254 mo
381 2226 432 2264 pri
436 2234 480 2254 mo
493 2245 502 2259 ‚
522 2223 709 2255 Diaconalis
717 2225 751 2254 in
771 2223 1039 2267 vz‘gestmofi’cundo
1050 2245 1059 2260 ,
1079 2226 1154 2256 Pres
1172 2235 1209 2269 y-

339 2268 434 2298 terat'i
437 2279 451 2297 s
462 2268 495 2297 in
503 2266 754 2309 vigestmoquarto
763 2277 841 2297 anno
851 2265 1001 2297 inchoatis
1013 2289 1022 2302 ,
1031 2277 1136 2298 contra
1148 2269 1209 2308 opi-

338 2312 455 2341 nionem
465 2308 656 2347 quorumdam
664 2312 860 2342 recentiorum
873 2333 880 2340 .

225 2360 266 2394 69
288 2352 449 2388 Praebenda
459 2356 485 2385 S
486 2352 696 2385 ubdiaconalis
709 2353 838 2395 conferri
856 2351 948 2396 potest
968 2349 1091 2384 habenti
1108 2355 1209 2392 vigin-

336 2399 363 2428 ti
375 2408 469 2428 annos
479 2397 637 2437 completos
649 2421 656 2428 .

232 2451 275 2481 70
297 2439 459 2475 Praebendae
479 2463 488 2476 ,
510 2438 547 2471 &²
568 2442 724 2472 Portiones
742 2442 775 2470 in
795 2442 823 2471 C
823 2437 981 2471 athcdrali
1011 2440 1149 2481 Ecclefia
1169 2451 1208 2471 ex

337 2483 473 2516 Concilio
494 2481 680 2515 Tridentino
706 2494 763 2514 non
784 2481 893 2515 habent
922 2481 1055 2522 abfhlute
1075 2481 1209 2514 Ordines

327 2527 432 2569 steros
442 2536 576 2558 annexos
588 2537 599 2562 ,·
612 2525 670 2567 sed
691 2525 857 2567 Episcopus
875 2536 939 2558 cum
949 2525 1070 2569 confilio
1079 2528 1209 2566 Capitu-

337 2572 362 2603 li
371 2569 547 2611 distribuere
557 2566 643 2602 debet
654 2591 662 2606 ,
684 2568 787 2608 quibus
797 2567 916 2611 quisque
928 2570 1013 2601 Ordo
1022 2580 1159 2601 annexus
1169 2568 1209 2609 eſs

325 2614 365 2656 se
374 2612 484 2646 debeat
494 2637 502 2645 .

227 2667 264 2697 71
287 2661 313 2691 C
316 2660 491 2690 anonicatus
521 2658 554 2688 in
583 2655 767 2689 Cathedrali
795 2656 934 2699 Ecclesia
964 2653 1093 2697 conferri
1113 2655 1207 2697 potest

334 2704 430 2734 etiam
439 2712 496 2733 non
506 2699 648 2740 existenti
657 2702 690 2731 in
697 2701 758 2731 tali
768 2709 854 2731 atate
863 2722 873 2736 ‚
897 2709 930 2731 ut
940 2698 1026 2739 infra
1037 2710 1152 2730 annum
1161 2698 1205 2730 ad

337 2748 361 2776 S
363 2743 591 2777 ubdt'aconatum
601 2746 770 2784 promoveri
780 2743 889 2775 valeat
899 2765 909 2779 ‚
923 2742 956 2785 si
971 2740 1098 2774 nondum
1112 2740 1204 2785 faeta

332 2788 377 2831 fit
388 2787 539 2819 Ordinum
551 2785 724 2827 distributio
733 2809 743 2823 ,
765 2785 802 2819 ὠ·
811 2797 891 2818 num.
903 2795 954 2826 74.

233 2838 271 2866 72
294 2832 320 2861 C
321 2833 496 2863 anonicatus
516 2831 644 2871 conferri
663 2829 755 2871 potest
772 2839 843 2861 ante
862 2838 978 2861 atatem
988 2828 1008 2860 α’
1017 2829 1081 2868 jure
1089 2850 1098 2865 ‚
1119 2829 1172 2861 vel
1190 2827 1210 2860 a'

341 2873 524 2906 Tridentino
534 2874 670 2906 Concilio
680 2873 798 2914 praescri
799 2882 899 2914 ptam,
925 2885 934 2905 ι
946 2874 993 2904 ita
1003 2875 1037 2904 in
1048 2873 1135 2904 illius
1138 2872 1210 2915 fien-

341 2914 460 2948 datione
460 2918 505 2961 sit
514 2927 635 2949 cautum
646 2940 654 2948 .

234 2968 255 2998 7
261 2968 274 3000 3
299 2958 457 2999 Episcopus
471 2961 562 3001 potest
573 2964 606 2992 in
617 2960 760 2992 eret‘lione
770 2961 889 2992 Canoni
891 2968 975 2991 catus
993 2960 1026 2990 in
1035 2961 1063 2991 C
1063 2957 1208 2990 athedra-

342 3001 367 3032 li
384 3000 547 3034 admittere
557 3002 754 3035 conditionem
764 3025 774 3040 ,
793 3012 825 3034 ut
836 3002 1013 3044 inssituatur
1022 3003 1208 3039 Cleritus‚li-

342 3045 387 3076 cet
396 3043 658 3086 decimumsexttem
669 3049 767 3078 atatis
783 3057 895 3078 annum
904 3057 960 3078 non
971 3048 1105 3084 exegerit
1114 3068 1122 3076 .

234 3097 276 3128 74
295 3089 463 3120 Canonicus
480 3092 600 3120 noviter
618 3091 727 3122 ererftus
744 3093 776 3121 in
786 3087 972 3122 Cathedrali
986 3089 1140 3131 Bausta,
1162 3090 1208 3120 cui

343 3129 472 3162 nondum
477 3130 564 3170 sacer
575 3132 660 3164 Ordo
669 3134 709 3175 fit
719 3145 857 3165 annexm
865 3155 876 3171 ,
895 3135 992 3165 etiam
1003 3130 1090 3164 hod1e
1099 3130 1210 3174 confer-

342 3176 371 3205 ri
380 3172 471 3214 potest
481 3176 513 3204 in
523 3184 608 3206 aetate
617 3175 636 3206 a*
653 3176 716 3214 jure
726 3179 871 3208 communi
890 3175 1062 3218 prescripta
1074 3199 1081 3207 .

239 3227 276 3257 75
300 3219 470 3249 Canonicus
490 3219 744 3250 Poenitentiarius
763 3219 849 3252 debet
868 3219 922 3261 esJe
942 3219 1098 3260 Aiagister
1116 3240 1126 3255 ‚
1159 3218 1210 3250 vel

342 3261 454 3293 Donor
463 3283 473 3297 ,
495 3269 549 3291 aut
561 3262 749 3293 L1centiatus
759 3265 791 3293 in
803 3262 970 3302 Theologia
982 3285 991 3299 ,
1012 3263 1065 3294 vel
1075 3261 1137 3300 jure
1146 3264 1210 3294 Ca-

340 3306 444 3336 nonico
455 3325 464 3340 ‚
486 3306 523 3336 (9‘
533 3314 675 3334 annorum
687 3304 888 3344 quadraginta
901 3330 909 3337 .

235 3350 274 3384 76
298 3349 341 3377 Et
351 3358 446 3378 annus
457 3344 698 3390 quadragesimus
709 3344 794 3379 debet
813 3348 867 3389 effe
884 3349 1044 3390 completus
1053 3374 1059 3380 .

201 3399 205 3404 ’
236 3398 278 3428 77
298 3389 439 3429 Defeflus
450 3400 554 3421 tamen
563 3392 661 3420 aetatis
672 3401 728 3421 non
747 3388 861 3430 obstat,
880 3390 929 3424 ubi
948 3392 1032 3424 alias
1040 3393 1138 3433 optior
1157 3399 1210 3432 pro

341 3434 397 3464 loci
409 3434 559 3470 qual1tate
568 3445 624 3464 non
633 3434 781 3473 reperitur
791 3455 798 3463 .

235 3478 276 3515 '78
297 3474 386 3508 AEtas
407 3485 462 3514 ‹111ae
482 3479 655 3515 requiratur
675 3474 719 3508 ad
745 3479 956 3510 canonicatus
976 3501 986 3515 ‚
1017 3476 1055 3512 ἐξ·
1077 3476 1209 3513 Praebcn-

622 59 788 129 Prosp.
806 55 1026 127 Fagnan.
1053 55 1102 112 in
1116 54 1335 112 Primum
1360 53 1571 113 Librum
1588 54 1856 115 Decreta!-

1373 145 1432 176 das
1459 148 1494 177 in
1517 144 1689 184 collegiata
1709 147 1848 190 Ecclesia
1866 138 1892 184 {¹
1908 145 2042 183 &mum
2055 151 2138 194 seqq.
2158 153 2244 194 usque

1375 186 1420 220 ad
1438 198 1520 225 num,
1540 191 1591 226 87.
1839 192 1843 196 ‘
1907 200 1973 219 mv·

1263 241 1305 270 79
1327 229 1413 274 Quid
1432 230 1469 263 de
1477 229 1543 270 jure
1559 234 1725 264 communi.
1900 261 1902 264 ,

1332 277 1377 306 Et
1394 272 1468 313 quid
1477 285 1515 306 ex
1525 275 1627 314 regula
1638 275 1839 308 Cancellariae
1849 297 1860 314 ,
1871 285 1960 310 num.
1970 280 1989 311 8
1994 286 2022 318 5.

1264 321 1306 351 80
1326 319 1354 350 C
1354 317 1428 358 ausae
1448 316 1488 350 ab
1512 317 1687 360 Apollolica
1705 317 1784 351 Sede
1811 318 1947 359 delegari
1963 319 2086 363 “leffium
2112 327 2247 358 Canoni-

1373 363 1418 393 cis
1438 358 1672 401 Cathedralium
1690 384 1700 399 ‚
1719 373 1776 394 non
1803 372 1906 396 autem
1924 364 2166 405 collegiatarum
2185 370 2246 401 Ec-

1373 403 1534 446 clefiarum
1544 427 1552 435 .
1968 439 1972 444 ,

1265 449 1304 479 82
1328 445 1464 479 Ordines
1468 445 1556 491 sacri
1575 458 1616 479 ex
1634 448 1772 480 Concilio
1790 447 1976 482 Tridentino
1983 452 2106 484 annet'li
2123 463 2180 485 non
2195 453 2244 486 dc-

1373 488 1443 522 bent
1453 489 1711 528 canonicatibus,
1731 489 1769 523 69·
1787 492 1980 526 portionibus
1998 496 2243 536 collegiatarum

1373 532 1582 576 Ecclefiarum
1593 555 1602 570 ,
1612 544 1666 565 nec
1675 531 1888 573 dignitatibus,
1896 534 1934 569 (ῥ’
1942 536 2086 570 dimidiis
2095 541 2243 580 portioni-

1372 573 1424 609 bus
1436 598 1446 613 ,
1461 575 1517 617 sed
1526 575 1765 609 Canonicatibus
1775 578 1899 612 tantiam
1907 592 1923 618 ,⁴
1930 579 1969 613 (θ’
1979 580 2170 614 Portionibus
2180 584 2243 615 Ca·-

1374 618 1562 652 thedralium
1572 643 1582 657 ‚
1602 619 1640 652 ά*
1648 630 1726 652 num.
1739 623 1757 652 8
1761 629 1790 660 5.

1264 666 1303 704 33
1326 666 1534 695 Canonicatus
1544 686 1553 699 ,
1565 663 1602 695 Θ·
1610 661 1764 704 praebenda
1772 663 1938 698 includitur
1945 669 2150 709 appellatione
2158 666 2244 700 bene-

1366 703 1489 747 ficii,de
1498 716 1550 745 quo
1560 707 1693 744 loquitur
1703 708 1890 740 Concffrid,
1901 711 1934 741 in
1944 721 1969 742 c.
1988 715 2016 744 6.
2021 710 2091 753 fiff
2105 723 2121 743 2
2129 722 2156 752 3.

1267 752 1310 789 84
1329 751 1478 781 Canonici
1488 752 1521 781 in
1531 750 1707 787 Collegiata
1718 772 1728 787 ‚
1747 750 1795 781 ubi
1806 751 2026 792 vigorestatuti
2044 755 2164 797 provisi
2173 762 2245 786 ante

1372 792 1487 823 realem
1496 790 1688 835 poffi’ffionem
1699 802 1835 825 tenentur
1843 795 2003 835 expellare
2008 805 2060 837 per
2070 795 2223 830 biennium
2232 820 2244 835 ‚

1374 834 1412 866 ὠ·
1421 845 1462 866 an
1470 833 1559 876 obstet
1568 834 1718 867 decretum
1728 845 1795 877 cap.
1807 840 1837 868 6.
1837 835 1907 878 sess.
1919 849 1934 869 2
1944 848 1971 879 3.

1263 880 1302 910 86
1327 877 1416 909 AEtas
1427 888 1484 916 quae
1494 881 1657 916 requiritur
1666 877 1710 910 ad
1718 880 1840 911 titulum
1851 877 1988 923 beneficii
1997 903 2007 919 ,
2027 884 2190 921 requiritur
2199 882 2244 916 ad

1374 919 1541 961 coadjutori
1543 933 1594 953 am
1605 945 1614 954 .

1264 968 1305 1004 87
1327 964 1416 1008 AEtas
1427 974 1483 1003 qua
1492 967 1664 1004 requiratur
1673 963 1718 998 ad
1725 965 1901 999 obtinendas
1919 969 2054 1009 capellas
2063 990 2073 1006 ,
2092 967 2130 1002 Φ
2139 968 2245 1013 benefi-

1373 1008 1584 1050 ciafimplicia
1596 1007 1632 1040 de
1640 1007 1704 1047 jure
1714 1012 1880 1048 communi,
1900 1009 1938 1044 ὠ
1948 1022 2027 1043 num.
2032 1010 2115 1053 seqq.

1263 1054 1303 1083 38
1329 1052 1373 1082 Et
1384 1054 1456 1089 quid
1469 1054 1497 1082 E
1500 1063 1523 1082 x
1534 1053 1671 1084 Concilio
1684 1051 1869 1085 Tridentino
1878 1077 1885 1085 .

1263 1097 1304 1131 89
1325 1094 1414 1127 AEtas
1425 1105 1481 1133 quae
1489 1098 1665 1133 requiratur
1675 1095 1716 1127 ad
1725 1097 1875 1141 pensiones
1896 1097 2075 1130 obtinendas
2085 1121 2096 1137 ‚
2115 1097 2154 1131 ῤ’
2161 1108 2243 1130 num.

1365 1137 1446 1183 seffl-
1459 1137 1544 1179 uflJue
1553 1137 1681 1170 adetum.
1698 1149 1766 1178 107.

1262 1192 1303 1219 90
1326 1181 1415 1225 Qgsid
1417 1182 1450 1225 fi
1458 1191 1514 1222 pen
1514 1182 1558 1224 fio
1566 1182 1725 1223 affignetur
1734 1192 1787 1224 pro
1805 1186 1876 1215 vitae
1879 1183 2098 1226 sustentatione
2109 1208 2117 1217 .

1261 1235 1299 1262 91
1321 1224 1409 1300 Qlid
1431 1226 1465 1269 si
1491 1234 1543 1266 pro
1573 1225 1669 1266 officio
1707 1229 1875 1265 requirente
1901 1231 2117 1261 maturitatem
2142 1227 2246 1271 Confi-

1385 1281 1408 1299 n
1420 1291 1428 1299 ο
1479 1296 1482 1299 ⁴

1265 1322 1302 1349 92
1327 1312 1373 1343 Et
1382 1309 1453 1349 quid
1456 1312 1489 1354 st
1497 1320 1549 1351 pro
1554 1310 1688 1352 servitio
1699 1314 1840 1357 Ecclesiae
1858 1314 2053 1357 impendendo
2064 1340 2072 1348 .

1263 1364 1302 1395 93
1327 1356 1357 1386 E
1360 1364 1372 1385 t
1383 1354 1491 1397 quidsi
1499 1366 1539 1385 ex
1549 1354 1639 1395 causa
1649 1359 1902 1389 remunerationis
1911 1381 1920 1389 .

1261 1409 1305 1438 94
1324 1397 1482 1439 Penstones
1496 1396 1588 1438 super
1602 1397 1755 1441 fructibus
1785 1399 1992 1442 beneficiorum
2020 1399 2246 1445 Ecclefiastico-

1370 1451 1448 1491 rum·
1466 1438 1552 1491 hodie
1579 1453 1636 1474 non
1664 1443 1860 1484 reservantur
1878 1467 1889 1481 ‚
1920 1445 1982 1486 nist
1999 1447 2100 1486 prima
2121 1444 2243 1485 tonsura

1372 1492 1513 1515 mittatis
1524 1507 1533 1516 .

1265 1535 1304 1566 95
1328 1527 1489 1568 Penfiones
1510 1525 1674 1560 obtinentes
1694 1530 1776 1562 ultra'
1788 1530 1959 1571 sexaginta
1982 1528 2105 1563 ducatos
2125 1534 2197 1563 auri
2207 1529 2244 1562 de

1370 1573 1398 1602 C
1400 1581 1504 1602 amera
1525 1582 1565 1602 ex
1586 1573 1681 1604 Bulla
1701 1575 1794 1605 Sixti
1814 1577 1851 1606 12:
1871 1583 2009 1606 tenentur
2028 1572 2165 1607 habitum
2176 1575 2245 1606 Cle-

1370 1614 1499 1646 ricalem
1517 1636 1527 1651 ,
1548 1612 1586 1646 &³
1606 1614 1760 1656 tonsuram
1781 1615 1928 1660 deferre„
1956 1617 2041 1650 alias
2057 1617 2244 1662 pensionibus

1365 1657 1439 1698 fient
1459 1656 1523 1698 ipso
1537 1656 1621 1699 fatto
1642 1662 1785 1699 privati.

1263 1704 1303 1738 96
1329 1702 1408 1732 Item
1434 1709 1572 1732 tenentur
1597 1700 1697 1734 dicere
1726 1703 1856 1744 officium
1885 1707 1924 1737 B.
1952 1707 2007 1738 M.
2040 1706 2180 1744 Wrginis
2201 1715 2241 1737 ex

1370 1744 1467 1776 Bulla
1486 1747 1596 1784 SsPii
1617 1748 1652 1777 V.

1263 1796 1304 1826 97
1324 1787 1431 1837 Pensio
1466 1786 1553 1820 hodie
1587 1787 1680 1821 datur
1717 1798 1839 1831 propter
1872 1790 2002 1831 officium
2033 1791 2116 1835 ficut
2136 1789 2243 1833 benefi-

1373 1841 1450 1862 Cium
1474 1854 1481 1862 .

1266 1877 1306 1910 98
1326 1876 1371 1905 Et
1381 1876 1492 1905 minori
1495 1874 1655 1915 septennio
1663 1874 1818 1916 reservari
1829 1887 1885 1907 non
1901 1875 1992 1917 potest
2004 1877 2073 1920 sine
2087 1874 2243 1917 dispensa-

1373 1919 1453 1948 tione
1464 1916 1639 1958 Apostolica
1650 1941 1660 1955 ‚
1680 1917 1718 1951 (ᾗ
1728 1930 1807 1950 num.
1824 1929 1891 1950 100.

1263 1971 1304 1999 99
1325 1961 1432 2003 Penfio
1450 1959 1486 1991 de
1505 1960 1569 1999 jure
1587 1964 1735 1993 communi
1745 1961 1785 2002 est
1793 1960 2144 2003 qxidmeretemporale,
2164 1962 2245 1996 nihil

1373 2002 1727 2044 habensspiritualitatis
1737 2015 1891 2038 annexum
1902 2028 1911 2042 ,
1933 2003 1971 2037 (ῥ’
1989 2004 2143 2046 reservari
2151 2006 2245 2049 potest

1373 2049 1467 2078 etiam
1480 2047 1597 2089 infanti
1608 2071 1615 2079 .

1250 2101 1306 2122 101>
1327 2091 1501 2133 Pensiones,
1525 2101 1582 2128 qua¹
1594 2090 1680 2123 hodie
1689 2090 1827 2134 beneficii
1835 2092 1896 2125 loco
1906 2092 2108 2135 assignantur,
2129 2102 2162 2125 ut
2170 2103 2246 2126 com-

1372 2132 1492 2165 modiits
1501 2136 1567 2171 quis
1571 2133 1743 2176 fiistentari
1754 2136 1862 2167 valeat
1872 2158 1882 2172 ‚
1903 2137 1954 2167 vel
1963 2147 2002 2167 ex
2012 2135 2102 2178 causa
2112 2137 2244 2180 resigna-

1371 2179 1482 2213 tionis,
1497 2177 1551 2217 seu
1561 2181 1694 2221 ceffionis
1704 2201 1714 2216 ,
1725 2177 1800 2219 fient
1809 2178 1883 2216 quid
1884 2177 2068 2220 spirituale,
2083 2179 2243 2221 seuspirir

1373 2222 1452 2251 titali
1462 2231 1614 2251 annexum
1622 2244 1630 2251 .

1252 2274 1307 2296 101
1331 2265 1395 2296 Pen
1411 2275 1439 2295 to
1459 2274 1516 2294 non
1534 2261 1576 2303 est
1595 2264 1686 2301 vere,
1709 2262 1746 2296 (θ’
1761 2263 1880 2305 proprie
1899 2262 2073 2307 beneficium
2092 2265 2245 2309 Ecclesia-

1398 2309 1495 2342 icum,
1516 2317 1569 2338 nec
1589 2310 1677 2338 venit
1697 2304 1834 2349 beneficii
1853 2308 2075 2348 appellatione.

1331 2350 1539 2385 Declaratur,
1560 2360 1640 2381 num.
1665 2360 1734 2390 104.

1251 2404 1307 2427 102
1330 2395 1420 2426 AEtas
1430 2395 1652 2430 quatuordecim
1669 2405 1814 2425 annorum
1831 2392 1852 2425 a'
1862 2395 1998 2427 Concilio
2020 2393 2164 2426 Trident.
2176 2404 2246 2437 pra-

1366 2434 1442 2479 fixa
1452 2435 1495 2467 ad
1504 2433 1693 2468 obtinendum
1704 2435 1878 2474 beneficium
1890 2437 2028 2480 fimplex
2046 2449 2102 2469 non
2114 2441 2244 2477 requiri-

1373 2481 1462 2511 turin
1468 2479 1605 2523 penstone
1617 2503 1625 2510 .

1252 2533 1308 2565 103
1331 2522 1545 2565 Penstonarius
1576 2525 1718 2561 quamvis
1747 2524 1885 2566 Ecclcfia
1904 2535 1962 2556 non
1981 2523 2137 2564 inserviat
2156 2547 2165 2561 ,
2197 2534 2245 2558 ta-

1374 2576 1443 2649 }ten
1460 2564 1575 2605 gaudet
1594 2563 1653 2605 fhri
1671 2567 1834 2607 privilegio
1861 2565 1959 2609 instar
1978 2567 2142 2600 obtinentis
2161 2566 2244 2601 bene-

1400 2620 1478 2641 cium
1502 2633 1510 2641 .

1253 2663 1312 2694 104
1331 2647 1542 2695 Pensto-veuit
1560 2653 1766 2694 appellatione
1784 2651 1922 2695 beneficii
1930 2655 1963 2684 in
1973 2655 2124 2691 materia,
2143 2657 2178 2687 in
2187 2665 2246 2694 qua

1367 2696 1410 2739 fit
1423 2695 1560 2728 redditus
1567 2698 1608 2728 ad
1616 2697 1662 2737 jus
1673 2707 1822 2730 commune
1831 2719 1840 2734 ‚
1855 2696 1945 2737 secia
1962 2699 1995 2728 in
2005 2699 2139 2729 materia
2150 2709 2244 2731 corre-

1375 2741 1469 2772 floria
1480 2762 1489 2776 ,
1510 2741 1547 2772 0²·
1555 2738 1754 2781 restringibili
1765 2763 1772 2771 .
2006 2748 2008 2751 ⁴

1251 2793 1306 2826 105
1328 2783 1434 2826 Penfio
1444 2795 1499 2814 non
1510 2781 1766 2825 comprehenditur
1777 2785 1811 2815 in
1822 2783 1937 2815 litteris
1946 2781 1988 2814 ad
1997 2780 2142 2826 beneficia
2152 2806 2161 2821 ,
2182 2787 2243 2828 mfi

1374 2828 1411 2858 cie
1420 2825 1551 2869 illafiat
1560 2829 1671 2859 mentio
1681 2849 1688 2857 .

1251 2875 1308 2905 106
1329 2869 1478 2912 Beneficii
1484 2871 1688 2912 appellatione
1697 2880 1737 2902 ex
1740 2866 1823 2915 stylo
1840 2869 1972 2901 Concilii
1993 2867 2175 2902 Tridentini
2185 2883 2243 2904 non

1374 2915 1464 2946 venit
1483 2914 1581 2957 penfio
1601 2936 1610 2945 .

1252 2967 1310 2997 107
1331 2957 1421 2989 AEtas
1431 2957 1571 2996 legitima
1583 2979 1592 2994 ,
1603 2957 1707 3000 quaefit
1715 2951 1758 2986 ad
1764 2953 1941 2987 obtinendas
1952 2953 2123 2994 dignitates
2140 2959 2243 2998 regula

1374 3012 1422 3032 res
1433 3023 1443 3037 ,
1464 2999 1501 3032 Θ
1510 3011 1589 3031 num.
1594 2999 1677 3040 seqq.
1688 3001 1774 3039 usque
1783 2998 1824 3030 ad
1833 3008 1912 3029 num.
1926 3009 1957 3031 11
1969 3009 1994 3038 3.

1251 3047 1309 3077 108
1332 3042 1419 3087 Quid
1448 3045 1481 3075 in
1512 3041 1656 3076 Abbatia
1675 3065 1684 3080 ‚
1704 3040 1742 3074 &
1762 3044 1906 3073 Prioratu
1934 3043 2140 3075 Conventuali
2159 3066 2170 3080 ‚
2197 3045 2246 3076 cui

1374 3098 1444 3120 cura
1456 3088 1630 3118 animarum
1648 3083 1794 3118 incumbit
1805 3109 1812 3116 .

1252 3141 1308 3169 109
1330 3132 1376 3163 Et
1405 3129 1476 3168 quid
1501 3132 1533 3161 in
1559 3127 1762 3168 dignitatibus
1785 3140 1843 3160 non
1862 3128 2119 3162 Conventualibus
2139 3140 2243 3162 curam

1374 3176 1549 3206 animarum
1568 3172 1740 3205 habentibus
1750 3195 1757 3202 .

1252 3228 1310 3250 110
1332 3219 1377 3249 Et
1405 3216 1475 3256 quid
1499 3217 1531 3260 fi
1557 3214 1759 3256 dignitatibus
1780 3226 1851 3248 cura
1871 3218 2046 3248 animarum
2064 3227 2122 3248 non
2140 3217 2241 3247 immi-

1375 3270 1448 3292 neat
1459 3283 1466 3292 .

1251 3314 1305 3337 111
1330 3304 1420 3336 AEtas
1440 3305 1555 3343 viginti
1574 3300 1695 3334 duorum
1715 3313 1858 3334 annorum
1874 3301 1894 3334 a
1912 3303 2047 3335 Concilio
2058 3301 2241 3334 Tridentino

1373 3346 1500 3389 prefixa
1519 3344 1563 3377 ad
1582 3344 1757 3378 obtinendas
1776 3344 1943 3385 dignitates
1962 3368 1972 3383 ‚
2002 3343 2104 3383 quibus
2123 3346 2240 3375 anima.

1373 3400 1440 3422 rum
1447 3401 1518 3422 cura
1530 3389 1614 3421 nulla
1618 3388 1717 3431 fi⁴b⁶st
1726 3412 1736 3426 ‚
1756 3401 1797 3422 an
1806 3389 1916 3422 habeat
1927 3391 2022 3422 locum
2031 3391 2064 3419 in
2073 3387 2235 3426 dignitati-

1373 3433 1425 3466 bus
1444 3430 1629 3472 regularibus
1824 3448 1827 3451 -

1252 3487 1264 3512 1
1275 3487 1309 3512 1:
1332 3478 1379 3511 Et
1399 3477 1469 3517 quid
1479 3478 1512 3509 in
1521 3474 1700 3509 commertiis
1711 3476 1968 3520 Monasteriorum
1977 3495 1988 3513 ι
2008 3473 2179 3550 ΥΒΜῘΠῙἨἌ·

2048 3526 2105 3559 113
2127 3529 2152 3550 x
2176 3528 2196 3541 ·-

2299 3446 2316 3466 Ἰ
