2397 3664
267 65 356 112 ¹44

208 129 266 162 ubi
277 130 310 162 in
323 130 421 171 specie
431 129 708 163 Areliid.ti.2.circa
720 125 852 165 fiumen-J.
861 127 903 157 Et
914 126 990 163 quod
997 126 1081 157 talis
1093 125 1213 165 Abbius,

209 171 512 212 10.Andr.e0d.num,
526 172 605 212 verfi
617 174 693 203 Item
702 171 795 200 tutori
805 169 892 207 longa
903 169 1078 206 egritudine
1086 168 1214 210 impedi-

208 223 240 245 to
247 215 343 246 datur
353 225 473 247 curator
483 239 492 251 ,
515 214 642 247 Geniin.
656 212 894 253 col.2.e0d.vers.
906 212 991 243 Butr.
1002 224 1031 250 η,
1041 223 1071 252 4.
1082 212 1211 255 Philipp.

209 256 303 292 Proh.
319 261 357 290 ad
371 258 524 291 Monacli.
536 269 565 289 n.
579 268 604 287 2.

259 300 359 341 Qiod
374 302 477 333 locum
489 301 579 331 babet
592 299 687 330 etiarn
702 298 733 329 in
744 297 871 334 officiis,
887 300 919 330 &
929 299 1142 340 dignitatibus
1154 299 1212 331 Ec-

143 352 184 384 43
209 343 407 380 cletiallicis,
428 352 534 384 πῖαρ.
548 341 643 383 final.
663 338 735 382 infr.
758 341 794 372 de
812 343 911 375 cleric.
934 351 1028 381 agree.
1042 342 1126 374 Nam
1139 354 1212 376 cuin

217 387 342 418 text.ibi
357 386 481 417 decidat
494 395 559 416 non
570 385 628 416 effe
641 388 868 416 removendum
881 386 917 417 ab
929 385 1036 418 officio
1046 385 1213 418 Archidia-

212 429 407 469 conuiii‚qiii
422 428 525 459 amisit
537 426 676 459 officium
688 427 815 467 lingum,
827 430 914 468 glofl‘.
927 429 970 460 ibi
983 428 1066 460 dicit
1078 429 1161 460 idem
1172 430 1213 461 es-

210 472 251 508 se,
265 472 283 502 si
297 471 433 503 amiserit
445 470 585 503 officium
596 472 776 507 oculorum,
787 472 818 503 &
831 472 1003 513 sequuntur
1013 472 1168 509 Hostiens.
1180 475 1212 504 in

145 524 189 554 44
206 513 666 556 princip.Joan.Andr.num.14.
678 514 831 552 Henricli.
845 515 954 546 Boich.
965 526 1078 556 num-4.
1092 515 1211 548 Butrm.

214 567 259 594 19.
271 558 302 587 ὃ(
314 555 446 587 cardin
458 566 517 594 2.q.
527 568 555 588 n.
572 567 599 598 3.
613 556 693 589 Abb.
703 559 736 588 in
746 557 876 599 confi45.
888 568 1043 599 portorum
1053 581 1063 595 ,
1074 560 1212 590 maxime

144 609 182 641 45
204 609 316 640 num.3.
330 599 383 630 lib.
401 609 426 631 1.
441 600 495 631 ubi
506 600 666 632 consuluit
678 599 810 634 cicerum
821 605 856 633 ad
868 601 1007 635 officium
1018 624 1027 638 ‚
1049 602 1104 643 qui
1117 612 1155 633 co
1166 602 1214 634 in-

210 642 304 674 terim
319 664 328 678 ,
349 652 519 684 antequam
540 644 824 676 confirmationem
841 645 1022 685 obtineret,-
1047 645 1142 678 evasit
1154 655 1213 676 cae-

207 695 264 716 cus
278 707 288 721 ‚
299 686 411 717 debere
424 687 455 718 in
467 688 578 718 eodem
593 687 703 719 officio
714 698 888 724 remanete,
901 688 1041 729 illudque
1053 698 1104 727 pei·
1116 688 1213 719 alium

207 739 353 761 exercere
364 751 374 766 ,
396 730 428 761 &
441 741 512 761 eum
525 730 663 771 sequitur
675 730 771 762 Vant.
783 730 929 762 denullit.
941 742 982 762 cx
992 730 1096 773 defcc‘l.
1107 729 1213 771 jurisd.

210 770 303 810 deleg.
314 784 343 803 n.
357 783 410 813 42.
424 772 460 804 &¹
470 784 524 814 43.
537 773 575 804 Et
588 773 778 814 generaliter
794 774 826 805 in
838 784 1040 816 quocumque
1050 773 1157 805 officio
1170 774 1215 805 id-

209 815 308 856 ipsum
319 817 430 856 probat
447 816 899 857 Bolognetndifisons.3.num.
917 827 963 848 12.
977 817 1030 848 ubi
1042 816 1125 857 quod
1137 816 1213 848 licet

143 861 185 898 '46
209 856 292 890 reite
304 858 320 889 :i
334 859 495 900 principio
506 859 640 900 gratiam
653 881 662 895 ,
682 860 729 890 vel
745 859 885 891 officium
898 856 1094 901 gratuitum,
1113 861 1160 892 vel
1183 871 1214 891 o-

211 902 358 933 nerosum
371 903 442 943 quis
455 902 626 942 receperit:
647 911 754 934 tamen
775 902 796 933 si
818 903 919 943 postea
939 903 1214 943 perpetuomotbo

212 944 364 977 inhabilis
380 944 506 977 effestus
519 944 634 980 suerit,
656 955 720 975 non
735 945 850 984 poterit
872 945 980 977 officio
1001 946 1141 986 pi·ivai·i;
1162 946 1212 981 sed

211 987 234 1019 fi
246 988 386 1019 officium
401 988 580 1019 concessum
593 997 657 1018 non
670 988 781 1018 liabeat
793 989 1101 1020 administrationem
1115 1011 1125 1025 ,
1136 999 1212 1025 tunc

180 1067 183 1069 ,
211 1031 363 1062 retinebit
377 1031 552 1065 honorem,
573 1032 604 1061 «Sc
618 1031 834 1063 emolumenta
851 1043 859 1068 ·‚
880 1042 958 1063 onus
973 1032 1048 1063 verb
1059 1034 1212 1073 deponet:

209 1073 255 1104 sin
268 1084 372 1105 autem
384 1072 693 1105 administrationem
704 1074 815 1105 liabeat
828 1097 837 1117 ,
850 1075 997 1107 inserviet
1010 1086 1061 1116 per
1073 1075 1215 1114 substitu-

210 1125 279 1147 tum
292 1138 300 1149 ,
312 1117 342 1147 ὃ,-
355 1116 482 1147 habebit
495 1116 555 1157 ipse
567 1116 706 1147 officium
720 1139 729 1153 ,
744 1118 776 1148 &
788 1117 939 1158 stipendia
951 1118 1003 1150 sua
1013 1141 1022 1155 ‚
1043 1119 1163 1150 etiamsi
1175 1119 1216 1151 es-

211 1159 253 1190 set
262 1158 402 1190 officium
416 1159 577 1199 requirens
596 1159 780 1192 industriam
799 1161 955 1201 personae.
977 1161 1215 1202 Etideiiiiepe-

210 1201 251 1233 tit
261 1214 289 1232 η.
304 1212 352 1241 39.
365 1203 497 1234 subdens
511 1203 554 1234 ita
565 1201 692 1243 pulchre
704 1205 915 1236 determinare
927 1205 1063 1247 Mayner
1072 1209 1104 1237 in
1115 1206 1136 1237 l.
1149 1206 1216 1236 Ne-

209 1255 257 1276 mo
278 1245 388 1287 potest,
407 1257 435 1276 n.
459 1254 509 1283 79.
521 1243 560 1288 ff.
574 1245 674 1285 dereg.
687 1246 744 1284 jur.

251 1288 321 1320 Nec
354 1288 507 1329 praedietis
538 1289 637 1320 obstat
666 1290 825 1322 motivum
846 1313 855 1327 ,
885 1291 971 1332 quod
1003 1302 1076 1323 cum
1099 1292 1216 1332 primus

208 1331 354 1363 officialis
376 1333 416 1363 ob
437 1332 712 1373 supervenientem
734 1334 911 1365 coecitatem
928 1335 1053 1367 desierit
1074 1335 1216 1366 officium

209 1385 356 1406 exercere
377 1398 386 1411 ,
427 1385 466 1406 ne
495 1375 571 1406 illud
620 1376 747 1416 publico
776 1377 986 1409 incommodo
1014 1378 1185 1420 subjaceret
1206 1400 1217 1413 ,

208 1418 307 1450 suerit
329 1419 432 1450 eidem
455 1420 545 1450 datus
577 1420 745 1462 coadjutor
765 1442 774 1456 ,
804 1420 860 1461 qui
892 1421 1020 1461 quidem
1049 1422 1217 1463 coadjutor

211 1461 312 1503 postea
335 1462 421 1495 idem
443 1461 587 1494 officium
614 1461 757 1494 obtinuit
787 1473 860 1494 cum
893 1465 1119 1496 emolumentis
1143 1475 1155 1500 ,·
1185 1466 1217 1496 &

213 1505 259 1537 ita
279 1505 343 1537 liaec
374 1505 510 1537 secunda
538 1505 643 1546 gratia
673 1505 817 1537 videatur
849 1506 929 1538 facta
949 1519 984 1539 ex
1008 1508 1099 1539 caiisa
1120 1508 1218 1548 publi-

215 1559 259 1580 cae
281 1549 433 1580 utilitatis
454 1570 464 1584 ‚
493 1549 525 1580 in
546 1559 609 1589 qua
631 1550 791 1590 propterea
812 1560 878 1581 non
899 1551 1074 1590 requiritur
1088 1553 1219 1591 deroga-

211 1592 262 1624 tio
292 1592 406 1633 regulae
434 1593 472 1623 de
504 1592 570 1633 jure
593 1591 723 1632 quaesito
744 1603 810 1623 non
844 1594 987 1625 tollendo
1008 1617 1018 1630 ,
1047 1594 1218 1626 secundnm

212 1647 251 1667 ea
268 1658 279 1673 ,
308 1646 376 1677 quae
396 1633 482 1667 dieta
502 1635 574 1666 sunt
598 1635 687 1676 supra
709 1635 743 1667 in
763 1635 898 1668 secunda
922 1637 1137 1676 limitatione,
1165 1649 1219 1670 nu-

212 1690 286 1711 mer.
308 1689 358 1720 32.

251 1722 338 1755 Nam
362 1723 565 1763 respondetur
587 1745 596 1759 ,
630 1722 790 1755 rationem
811 1724 943 1764 publicae
964 1724 1116 1756 utilitatis
1137 1725 1218 1766 posse

213 1764 341 1798 tantum
363 1766 576 1802 considerari,
607 1776 699 1807 prout
720 1765 771 1798 liic
794 1766 855 1799 fuit
877 1768 1092 1804 conside-rata,
1115 1769 1148 1799 in
1168 1770 1220 1799 da-

215 1811 305 1842 tione
327 1810 548 1851 coadjutoris,
578 1820 644 1841 non
667 1820 771 1841 autem
795 1810 829 1842 in
849 1810 1027 1851 provisione
1047 1811 1164 1844 officii:
1187 1813 1218 1843 ὃ(

214 1854 300 1885 ratio
320 1853 505 1885 differenti-„e
526 1853 588 1889 est,
608 1853 684 1893 quia
703 1854 808 1893 gratia
819 1855 1221 1896 coadjutoriaedaturpi·iri-

214 1897 362 1938 cipalitei·
379 1906 503 1937 propter
527 1897 684 1936 publicam
700 1897 893 1933 utilitatem,
915 1897 1079 1929 utscilicet
1089 1908 1140 1938 pet
1151 1909 1220 1929 eam

215 1941 253 1972 sit
274 1942 454 1971 consultum
475 1940 604 1975 officio,
625 1941 656 1970 ὃς
676 1941 811 1980 populo,
831 1950 896 1982 cap.
910 1943 964 1972 Ex
983 1950 1071 1981 parte
1084 1963 1093 1978 ,
1114 1940 1219 1984 infin.

216 1983 253 2014 de
274 1984 334 2015 cler
365 1992 459 2022 aegrot.
480 1982 560 2014 Abb.
583 1994 616 2013 in
635 1992 699 2023 cap.
721 1985 793 2015 Tua
811 1994 882 2021 nos,
903 1995 1014 2016 numer.
1034 1996 1065 2025 4.
1085 1984 1146 2015 eod.
1168 1987 1220 2016 tit.

218 2026 309 2058 Rota
333 2025 421 2065 deris.
446 2036 514 2066 114.
535 2037 614 2057 num.
640 2036 686 2057 12.
703 2037 766 2058 cum
789 2025 870 2066 seqq.
893 2037 975 2068 part.
999 2032 1028 2059 6.
1049 2037 1156 2060 recent.
1178 2028 1220 2060 At

219 2068 297 2101 vero
319 2071 351 2100 in
373 2069 548 2110 provisione
560 2069 657 2100 officii
670 2073 732 2100 liaec
746 2070 829 2100 ratio
841 2070 881 2101 est
899 2071 1104 2111 impertinens
1116 2094 1125 2107 ,
1147 2071 1222 2115 quia

218 2114 343 2145 nullum
365 2113 405 2144 est
428 2112 590 2153 publicum
612 2113 872 2155 incommodum,
902 2114 987 2154 quod
1011 2114 1155 2146 officialis
1176 2115 1222 2146 in-

216 2157 325 2188 firmus
350 2156 500 2192 titulum,
533 2158 565 2188 ὃ(
587 2156 728 2187 habitum
751 2156 848 2186 officii
880 2158 1016 2188 retineat
1037 2180 1047 2194 ,
1075 2160 1222 2189 dummo-

218 2200 261 2231 db
286 2200 360 2231 alsit
385 2200 481 2236 alius,
502 2199 559 2239 qui
582 2199 667 2230 illius
680 2200 763 2230 vices
784 2199 938 2239 suppleat,
958 2203 990 2231 ἅ
1011 2211 1106 2231 onera
1122 2200 1222 2232 officii

218 2244 377 2283 supportet
398 2266 408 2279 ,
439 2253 474 2273 tit
496 2252 548 2282 per
568 2241 648 2274 Abb.
674 2243 728 2273 ubi
749 2242 854 2282 supra.
879 2241 987 2284 Qam
1008 2243 1223 2275 differentiam

165 2313 171 2319 .
219 2286 305 2318 inter
329 2286 384 2316 lios
405 2288 484 2317 duos
504 2285 591 2316 casus
615 2285 814 2325 apertissimis
833 2287 935 2317 verbis
949 2286 1116 2318 constituit
1137 2297 1222 2327 pater

192 2329 302 2371 *juris
322 2351 333 2366 ,
363 2331 396 2361 &
425 2339 583 2369 organum
613 2328 755 2360 veritatis
777 2329 986 2363 innocentius
1005 2333 1038 2360 in
1058 2338 1124 2369 cap.
1147 2330 1226 2370 Nifi

221 2383 286 2405 cum
307 2371 445 2413 pridem,
466 2382 546 2403 num.
559 2383 588 2411 4.
610 2374 643 2403 in
664 2371 745 2403 verb.
767 2373 961 2408 Mala'tiam,
984 2371 1062 2411 veijfi
1086 2374 1155 2404 Nos
1177 2373 1224 2404 dc-

157 2424 195 2458 51
218 2418 331 2452 cimus,
353 2415 390 2447 de
399 2426 516 2446 renunc.
540 2414 627 2446 Nam
648 2415 751 2455 primo
774 2415 819 2447 ibi
841 2416 943 2446 firmat
959 2437 967 2452 ,
988 2426 1111 2455 propter
1134 2416 1225 2447 inali-

224 2459 301 2491 tiam
322 2459 448 2499 populi,
469 2460 599 2499 quando
618 2457 714 2489 subc-st
735 2459 912 2498 periculum
935 2457 1155 2490 destructionis
1166 2459 1226 2491 Ec-

224 2502 340 2538 clesiae,
363 2500 642 2533 Pi·a:latuiii·etiam
665 2501 804 2533 invitum
815 2501 889 2542 cogi
907 2502 988 2542 posse
1001 2504 1038 2533 ad
1049 2504 1226 2534 cedendum

225 2543 399 2577 Prcclaturce
421 2568 431 2581 ,
460 2544 636 2576 dummodo
660 2546 751 2576 detur
772 2545 803 2576 ei
824 2545 943 2576 bonum
966 2545 1190 2577 concambium
1214 2568 1224 2582 ,

226 2588 303 2629 quia
327 2589 447 2620 utilitas
467 2588 592 2628 publica
604 2587 765 2628 praifcrtur
784 2588 931 2629 privatae.
955 2587 1080 2620 Deinde
1092 2589 1226 2628 opponit

163 2641 204 2672 52
228 2631 313 2671 quod
326 2632 391 2663 imo
403 2632 524 2663 utilitas
536 2632 656 2672 privata
675 2631 856 2672 praeferatur
874 2631 1026 2671 publicae,
1042 2632 1119 2673 quia
1130 2631 1228 2663 furio-

230 2674 273 2710 si,
293 2677 325 2706 &
347 2675 400 2707 alii
422 2675 590 2706 infirmiab
603 2673 709 2705 officio
729 2685 793 2704 non
815 2684 1036 2711 removentur,
1059 2684 1091 2705 ut
1112 2684 1176 2716 cap.
1200 2687 1226 2710 1-

231 2727 295 2757 τηρ.
315 2718 487 2761 Qamvi's,
509 2727 574 2758 cap.
596 2718 762 2763 Qaliter,
782 2715 819 2749 (ῥ’
837 2727 904 2759 cap.
923 2718 1003 2749 Cum
1019 2719 1176 2759 percuffio,
1197 2728 1226 2756 7.

232 2759 323 2800 quast.
338 2772 362 2793 1.
381 2761 419 2792 Et
431 2761 613 2793 tandemsol
639 2762 664 2792 it
678 2772 729 2802 per
743 2762 800 2800 liec
812 2761 930 2802 precisa
941 2763 1036 2793 verba
1047 2775 1055 2790 .·
1080 2763 1143 2793 Dic
1153 2760 1229 2800 quiid

232 2805 266 2834 in
274 2803 489 2844 cappraediffis
498 2815 554 2836 non
564 2773 720 2848 prayertur
729 2813 858 2844 privata
871 2804 992 2835 utilitas
1003 2803 1123 2845 publlcae
1136 2816 1147 2840 ‚¹
1167 2806 1228 2836 ime

234 2854 357 2884 utraque
368 2849 489 2878 utilitas
499 2844 694 2888 i‘biservaicir
705 2871 714 2885 ,
724 2857 853 2888 privata
865 2850 897 2878 in
910 2859 940 2878 co
950 2850 1025 2885 quod
1034 2846 1176 2886 infirmus
1185 2859 1230 2879 re-

234 2899 336 2920 manet
346 2892 378 2919 in
389 2889 549 2928 dignitate,
563 2891 599 2923 <J
609 2890 728 2932 publica
742 2893 775 2922 in
786 2903 816 2922 co
828 2891 902 2928 qued
910 2889 1033 2933 infirmo
1042 2891 1229 2923 daturcoad-

169 2941 205 2975 53
227 2932 306 2973 juror
319 2955 326 2963 .
349 2932 397 2963 Ita
415 2933 580 2966 Innocent.
600 2946 693 2976 quem
715 2934 1041 2966 ibi-totidem-verhis
1058 2934 1229 2975 sequuntur

237 2974 392 3007 Hostiens.
412 2987 490 3007 num.
513 2988 563 3017 24.
581 2978 670 3018 Joan.
692 2979 790 3010 Andr.
810 2988 920 3009 numer.
933 2976 1073 3018 47.verfi
1090 2978 1164 3009 Non
1185 2981 1230 3009 oh-

230 3017 315 3060 stizt,
336 3017 411 3056 qued
429 3017 546 3060 infirmi
566 3033 620 3052 mm
640 3030 848 3058 removentur,
871 3021 997 3052 Bellam.
1017 3032 1096 3052 marn.
1109 3019 1229 3061 4.vcrs.

234 3060 296 3094 Sed
307 3070 436 3102 oppono,
458 3062 542 3095 Butr.
561 3075 638 3095 num.
653 3077 702 3097 zi.
715 3063 794 3105 verfi
808 3066 878 3096 Nec
889 3063 1002 3105 obstat,
1013 3064 1229 3096 Abbxumar.

238 3104 339 3136 eodem
349 3104 428 3145 vers.
439 3104 572 3137 Cardin.
586 3108 616 3137 in
630 3116 656 3143 s.
670 3112 798 3148 Propter
807 3109 967 3139 malitiam
978 3130 987 3143 ,
1007 3118 1088 3142 num.
1104 3118 1129 3141 1.
1140 3106 1230 3148 quast.

238 3160 269 3188 4.
280 3151 313 3179 in
327 3146 386 3190 fin.
399 3148 437 3179 Et
449 3148 505 3188 hec
521 3148 561 3179 est
573 3151 655 3180 ratio
665 3173 673 3186 ,
693 3152 793 3182 curin
806 3151 1005 3193 coadjutoria
1017 3161 1081 3183 non
1092 3151 1231 3192 requira-

240 3191 468 3231 tui‘dcrogatio
479 3192 591 3231 regula·
611 3195 647 3223 tle
670 3194 733 3234 jure
744 3195 872 3234 quaesito
885 3206 949 3225 non
962 3196 1124 3230 tollendo,
1143 3204 1231 3225 nem-

240 3235 277 3275 pe
298 3235 374 3274 quia
394 3234 497 3275 gratia
518 3235 721 3275 coadjutoriae
741 3248 808 3276 qua·
829 3237 953 3278 respicit
973 3237 1111 3269 favorem
1135 3237 1233 3277 publi-

242 3288 336 3313 cum,
358 3277 399 3309 est
420 3279 483 3321 juri
507 3278 670 3309 communi
692 3280 865 3312 conformis
884 3304 893 3317 ,
923 3283 954 3312 δε
985 3281 1106 3312 nemini
1128 3281 1234 3322 praeju-

241 3319 347 3356 dicat,
367 3331 401 3352 ut
413 3320 531 3352 dicitur
553 3320 584 3351 in
597 3319 625 3351 d.
644 3320 705 3352 dcc.
730 3333 796 3362 1¹4·
816 3335 893 3354 num.
919 3335 964 3355 12.
985 3334 1065 3364 part.
1085 3328 1232 3355 6.rccc7lt·

179 3373 220 3406 54
239 3363 282 3395 At
293 3363 366 3394 veto
377 3364 514 3395 remotio
527 3363 659 3395 infirmis
670 3376 684 3394 ,1
696 3365 853 3405 quibusvis
864 3368 1037 3403 beneficiis,
1050 3367 1096 3399 vel
1109 3366 1233 3403 officiis,

243 3406 285 3438 est
305 3415 417 3437 contra
435 3418 499 3449 ius,
521 3408 552 3437 δε
575 3407 747 3440 utilitatem
767 3409 941 3450 publicam.
961 3411 1059 3451 Quiri
1081 3409 1165 3442 clare
1185 3412 1234 3440 de-

243 3448 421 3482 ducitur-cx
432 3459 496 3490 cap.
508 3451 640 3492 Scripfit
652 3473 663 3488 ,
684 3461 713 3491 7.
725 3452 817 3494 quest.
835 3462 859 3485 1.
872 3453 976 3485 ubisic
999 3454 1131 3495 legitur,
1153 3452 1232 3494 Om-v

145 1168 188 1199 47

144 1515 185 1544 49

147 1732 187 1763 50

583 44 748 115 Prosp.
776 40 996 109 Fagnan.
1020 42 1072 97 iri
1113 42 1332 99 Primum
1356 42 1563 96 Librum
1579 41 1840 98 Decretal.

1253 126 1490 168 ninbinjulium
1501 129 1563 164 cli,
1584 126 1810 161 uthonoreluo
1820 129 1959 168 privetur
1977 138 2124 174 egrotu‘53
2146 138 2239 169 atque

1251 170 1324 202 ideo
1344 170 1402 205 hoc
1425 179 1477 209 per
1496 180 1553 201 nos
1575 170 1643 205 fieri
1663 170 1844 204 nullatenus
1865 174 1961 214 potest
1978 195 1989 212 ,
2019 184 2056 206 nc
2075 182 2238 215 peccatum

1250 212 1283 243 in
1307 223 1375 243 mea
1396 211 1503 243 anima
1523 223 1559 244 ex
1580 223 1646 254 eius
1666 214 1860 255 depositione
1880 226 1985 248 veniat
2005 239 2014 248 .
2042 218 2126 248 ldein
2151 218 2245 246 dedu-
2265 216 2303 254 55

1249 255 1334 286 citur
1344 265 1383 285 cx
1394 254 1544 295 capsim
1554 257 1712 299 percuffio,
1724 257 1907 291 immediate
1921 258 2080 300 sequenti,
2101 258 2154 289 ibi:
2166 258 2242 290 Non

1250 297 1336 329 debet
1359 297 1378 329 a*
1397 297 1480 330 nobis
1499 297 1579 331 addi
1593 298 1770 341 flagellatis
1780 299 1907 344 afflic‘lio
1920 304 1929 343 (
1942 303 2063 334 scilicet
2082 301 2114 332 in
2127 300 2242 332 subtra-

1248 341 1355 372 &tione
1377 342 1523 373 beneficii
1547 342 1557 382 )
1581 354 1617 374 ne
1635 355 1686 374 nos
1705 344 1815 387 culpae,
1833 344 1906 383 quod
1924 344 2023 388 absit,
2052 341 2162 386 effensa
2180 341 2242 384 res-

1248 386 1368 425 piciat,
1389 383 1419 415 id
1432 384 1473 415 cst
1484 406 1495 420 ,
1514 384 1659 426 sequatur
1680 397 1738 419 nos
1749 409 1759 423 ,
1777 390 1810 420 ὅ(
1821 388 1950 430 arripiat
1961 411 1970 425 ,
1989 388 2065 431 quia
2078 387 2097 418 si
2109 386 2242 424 flagella-

1249 427 1291 458 tis
1303 426 1445 458 addimus
1455 427 1663 460 afflietionem
1672 451 1682 465 ‚
1692 439 1856 470 peccamus
1865 454 1876 469 ,
1894 442 1928 463 ut
1939 440 2100 473 exponunt
2114 428 2242 462 Areliid.

1249 472 1279 502 6.-
1290 469 1594 503 Tui·i·ecretn.Uride
1604 472 1690 512 gloss.
1704 472 1750 504 ibi
1760 472 1875 506 format
1885 475 1988 509 casui-n
2002 476 2033 506 in
2044 470 2245 512 Clei·ico,qui

1249 514 1290 544 ob
1303 513 1521 554 egritudinem
1531 514 1668 554 privatus
1679 515 1780 547 suerat
1792 517 1947 550 beneficio
1957 541 1967 557 ‚
1978 520 2009 551 &
2022 517 2125 549 subdit
2135 537 2145 552 >
2157 513 2242 556 ‘iub-1

1248 556 1424 598 Gregorius
1434 557 1520 598 super
1531 557 1590 589 hoc
1601 560 1729 599 querela
1739 558 1876 599 pulsatus
1887 571 2040 603 precepit,
2051 570 2083 593 ut
2097 557 2245 593 omniaei

1251 599 1490 632 restituerentur
1501 623 1511 638 ,
1522 603 1605 639 quia,
1617 601 1721 642 inquit
1731 624 1741 638 ,
1748 602 1778 646 ſs
1787 611 1841 642 pro
1850 599 2023 642 ebitudine
2035 602 2173 647 Ecclesia
2184 603 2247 644 pri-

1249 653 1396 680 varetur,
1418 643 1455 675 &
1475 646 1559 676 Deus
1577 641 1772 686 offenderetur
1784 668 1792 681 ‚
1820 644 1857 677 ό*
1883 649 1943 679 alii·
1962 660 2019 679 non
2035 648 2247 680 invenirentur

1249 686 1301 718 hoc
1314 687 1450 727 exemplo
1457 687 1597 719 deterriti
1607 689 1656 726 qui
1667 688 1781 719 vellent
1802 689 1939 734 Eccleflae
1953 692 2093 723 militare
2103 713 2112 721 .
2131 687 2245 720 Ηῑιᾶὶε-

1249 740 1307 760 nus
1318 731 1412 765 verba
1431 731 1533 770 glossae
1544 753 1552 761 .
1575 730 1618 762 Ex
1629 732 1744 772 quibus
1755 731 1888 768 constat,
1899 733 2024 765 tantum
2037 734 2133 765 abesse
2145 741 2195 769 ,ut
2209 730 2245 762 sit

1250 772 1340 804 savor
1360 773 1503 813 publicus
1523 774 1646 814 privare
1656 783 1834 814 aegrotum,
1855 784 1889 806 ut
1901 774 2005 817 potitis
2027 777 2085 808 lioc
2108 774 2246 809 adverse-

1249 826 1300 847 tur
1321 815 1452 855 publicae
1476 816 1612 848 utilitati
1632 827 1755 858 propter
1776 817 1935 849 rationem
1961 820 2083 859 glossae,
2105 829 2173 860 quae
2193 820 2246 849 de—

1252 859 1371 899 sumpta
1382 858 1423 890 est
1434 869 1470 890 ex
1481 869 1550 900 cap.
1566 870 1591 891 1.
1601 859 1637 891 de
1649 862 1730 892 Cler.
1744 871 1839 899 aegrot.
1852 863 1934 894 unde
1953 863 2034 894 ΑΜ).
2054 860 2099 893 ihi
2115 864 2148 892 in
2162 872 2188 902 3.
2198 872 2248 892 no-

1249 900 1364 933 tab.s1c
1388 902 1454 933 ait:
1479 900 1893 945 Existentiini‘nfirmitate,
1915 902 1951 937 ό
1966 907 2014 948 sic
2032 905 2251 945 immpotentia
2272 907 2312 945 56

1243 943 1424 985 serviendi,
1435 957 1490 977 non
1502 943 1733 987 debetfiabtrahi
1744 944 1915 988 beneficium
1926 970 1936 985 ,
1954 960 1991 980 ne
2001 960 2039 980 ex
2051 947 2103 980 hoc
2116 945 2249 980 turbetur

1243 986 1345 1029 status
1365 989 1523 1032 Ecclcfiae.
1546 989 1582 1021 Et
1601 989 1745 1021 similiter
1766 989 1904 1022 Roman.
1925 990 2002 1032 cons.
2014 998 2086 1032 467.
2097 1002 2208 1025 numer.
2220 1000 2250 1028 7.

1251 1032 1333 1072 vers.
1345 1032 1487 1075 Qarto,
1507 1042 1646 1073 per-text.
1658 1033 1690 1064 in
1704 1032 1733 1064 d.
1746 1044 1811 1074 cap.
1826 1044 1851 1066 1.
1872 1034 1952 1066 dicit
1965 1033 2252 1068 remotionemoffi-

1251 1074 1341 1107 cialis
1354 1080 1415 1107 line
1437 1076 1528 1116 culpa
1546 1079 1675 1112 tendere
1698 1087 1762 1108 non
1783 1078 1820 1108 ad
1842 1077 2134 1115 conservationem,
2155 1078 2252 1110 &bo-

1252 1128 1327 1149 num
1346 1119 1457 1155 statum
1477 1118 1596 1156 officii,
1618 1120 1665 1151 sed
1688 1121 1794 1164 potius
1814 1122 1850 1155 ad
1863 1121 1928 1168 ejus
1939 1121 2188 1158 subversionem,
2211 1129 2252 1152 eo

1253 1162 1475 1198 considerato,
1494 1162 1579 1203 quod
1602 1162 1770 1194 difficulter
1793 1174 1999 1203 reperiretur,
2027 1164 2083 1206 qui
2104 1165 2162 1196 lioc
2183 1161 2253 1195 offi—

1253 1204 1340 1236 cium
1351 1205 1468 1237 subiret
1480 1205 1645 1246 regiminis
1657 1229 1665 1237 .
1687 1206 1735 1238 Ad
1748 1207 1831 1238 idem
1842 1207 1883 1237 est
1893 1217 1968 1239 text.
1986 1211 2019 1240 in
2038 1217 2105 1249 cap.
2116 1204 2253 1243 Grandi,

1253 1247 1290 1278 de
1304 1247 1475 1290 supplenda
1485 1249 1669 1288 negligentia
1681 1250 1805 1282 Praelat.
1817 1247 1871 1282 lib.
1883 1254 1912 1282 6.
1925 1251 1978 1285 ubi
1991 1250 2075 1293 Regi
2086 1250 2252 1290 Portugal-

1259 1291 1305 1322 lite
1327 1292 1461 1323 inhabili
1474 1291 1555 1332 Papa
1573 1294 1626 1324 dat
1648 1293 1869 1335 coadjutorem
1886 1304 2067 1335 perpetuum
2088 1295 2129 1325 ob
2153 1293 2254 1334 publi-

1254 1344 1323 1366 cam
1336 1334 1443 1376 Regni
1454 1335 1627 1372 utilitatem
1638 1358 1647 1372 ,
1669 1338 1699 1368 δι’
1712 1346 1818 1368 tamen
1828 1347 1881 1378 per
1891 1338 1948 1369 lioc
1962 1349 2027 1369 non
2038 1337 2180 1373 censetur
2201 1346 2258 1367 vo·

1257 1378 1342 1413 luiffe
1357 1378 1505 1418 Regnum
1516 1380 1533 1409 ὲ
1556 1378 1644 1419 Rege
1664 1379 1809 1411 abdicare
1820 1402 1829 1416 ,
1850 1380 1900 1417 sed
1910 1379 2036 1413 tanturn
2049 1380 2179 1422 publica:
2191 1378 2254 1410 uti-

1255 1422 1338 1453 litati
1351 1422 1513 1453 consulere
1525 1431 1576 1462 per
1587 1423 1826 1462 deputationem
1848 1424 2111 1456 administratoris
2123 1445 2133 1459 ,
2153 1432 2187 1455 ut
2208 1421 2254 1454 ibi

1254 1465 1412 1496 deciditur
1424 1467 1456 1496 in
1466 1463 1545 1505 vers.
1558 1467 1617 1497 Per
1628 1464 1679 1497 hoc
1701 1476 1800 1498 autem
1813 1490 1821 1498 .
1839 1467 1886 1499 Ac
1896 1470 2023 1500 deinum
2046 1468 2078 1499 in
2099 1476 2256 1507 quocum-

1255 1507 1430 1549 queofficio
1452 1508 1534 1540 idem
1555 1509 1722 1539 deducitur
1744 1521 1783 1541 ex
1804 1514 1972 1552 cap.Satis
1990 1509 2185 1552 perversum,
2210 1512 2258 1547 56.

1257 1550 1448 1591 dstincibmbi
1472 1552 1592 1583 dicitur
1605 1551 1709 1583 :Satis
1720 1554 1894 1592 perversum
1905 1576 1915 1590 ,
1937 1556 1968 1585 ὅ(
1979 1564 2091 1585 contra
2103 1552 2255 1584 Ecclesia-

1257 1595 1365 1626 sticam
1378 1595 1526 1635 probatur
1546 1595 1604 1626 effe
1624 1595 1811 1633 censuram,
1831 1607 1866 1628 ut
1886 1597 1958 1637 quis
1979 1598 2139 1637 privetur,
2158 1604 2255 1637 quem

1255 1638 1307 1669 sua
1319 1639 1409 1678 culpa
1418 1660 1427 1675 ,
1439 1639 1485 1670 vel
1498 1637 1621 1669 facinus
1633 1639 1670 1669 ab
1682 1638 1798 1676 officii,
1809 1650 1875 1680 quo
1885 1639 2029 1680 fungitur
2039 1662 2049 1678 ,
2069 1642 2167 1681 giadu
2186 1647 2255 1671 non

1255 1681 1378 1725 dejicit.
1391 1681 1428 1712 Et
1443 1691 1509 1713 rain
1524 1682 1556 1712 in
1567 1680 1680 1713 officiis
1690 1704 1698 1717 ,
1709 1682 1804 1723 quam
1823 1683 1857 1714 in
1870 1683 2032 1715 beneficiis
2051 1683 2191 1714 fot—mant
2208 1681 2255 1713 ibi

1256 1726 1359 1757 casum
1371 1724 1709 1766 goloff.Ai·cliidiacon.
1721 1728 1752 1757 &
1764 1725 1999 1759 Tui-rectem&
2011 1737 2063 1768 per
2076 1726 2165 1757 illum
2177 1734 2253 1759 text.

1258 1767 1528 1800 Rebtiff.intra[i².
1540 1777 1686 1799 nominat.
1698 1767 1790 1810 quaest.
1805 1780 1945 1801 21.num.
1967 1773 2016 1808 65.
2035 1769 2115 1801 dicit
2135 1778 2257 1809 perver-

1258 1812 1323 1843 sum
1337 1812 1407 1848 effe,
1418 1822 1454 1843 ut
1467 1812 1529 1844 sine
1539 1813 1631 1852 culpa
1641 1812 1711 1852 quis
1723 1813 1862 1853 privetur
1874 1823 1925 1852 per
1935 1812 2049 1853 Papam
2061 1812 2121 1843 suis
2132 1810 2258 1848 officiis,

1257 1855 1500 1891 velbenesiciiS,
1522 1856 1555 1886 δε
1574 1858 1684 1886 eodem
1706 1858 1802 1887 modo
1822 1855 1961 1887 Roman.
1990 1855 2069 1887 disto
2086 1853 2161 1893 confi
2180 1858 2255 1896 467·

1256 1909 1336 1930 mim.
1353 1909 1377 1929 i.
1396 1909 1448 1939 per
1458 1898 1550 1929 illum
1562 1898 1721 1930 rext.dicit
1733 1899 1805 1930 satis
1817 1899 1990 1939 perversum
1999 1921 2008 1935 ,
2021 1900 2053 1930 &
2065 1898 2257 1938 consequen-

1259 1952 1306 1973 ter
1317 1942 1465 1982 iniquum
1476 1941 1554 1977 esse,
1576 1952 1608 1973 ut
1623 1941 1739 1972 Rector
1750 1942 1911 1982 hospitalis
1924 1942 1987 1974 sine
1997 1943 2090 1986 culpa
2101 1942 2138 1972 ab
2148 1939 2258 1971 officio

1259 1994 1481 2021 removeatur,
1501 1986 1534 2016 ὃ(
1555 1995 1627 2015 eum
1640 1984 1780 2025 sequitur
1799 1984 1950 2016 Menocli.
1970 1982 2145 2016 ale-arbitr.
2163 1981 2256 2024 quest.

1261 2026 1372 2068 55.li‘b.
1398 2038 1423 2059 1.
1445 2030 1478 2059 in
1497 2025 1597 2058 addit.
1617 2039 1698 2059 num.
1722 2031 1751 2059 8.
1772 2029 1804 2059 δέ
1826 2028 1859 2061 111
1881 2027 2024 2065 terminis
2047 2026 2160 2060 nostris
2182 2027 2262 2058 Abb.

1258 2071 1334 2112 cens.
1344 2080 1394 2110 47.
1407 2082 1484 2102 num.
1501 2070 1591 2111 3.lib.
1608 2081 1633 2102 1.
1655 2071 1735 2103 dicit
1755 2071 1813 2102 effe
1836 2081 1950 2103 contra
1970 2071 2090 2102 dietum
2108 2079 2175 2111 cap.
2197 2072 2259 2105 Sa-

1259 2119 1301 2146 tis
1324 2114 1516 2155 perversum,
1538 2124 1572 2145 tit
1584 2114 1698 2146 eiectus
1721 2117 1757 2146 ad
1780 2114 1920 2151 officium
1931 2114 2045 2150 civile,
2066 2114 2098 2151 &
2116 2114 2259 2148 nondum

1259 2159 1674 2189 confirmatusremoveatur
1691 2158 1729 2188 ab
1750 2157 1858 2189 offleio
1878 2168 1913 2188 ex
1934 2158 2025 2189 causa
2044 2156 2262 2198 supervenien-

1260 2212 1300 2233 tis
1321 2201 1494 2236 caecitatis,
1518 2211 1556 2230 ne
1569 2203 1700 2231 addatur
1712 2199 1839 2231 afflictis
1851 2199 2003 2236 afflictio,
2023 2202 2056 2232 &
2077 2200 2140 2232 fine
2168 2200 2261 2239 culpa
2394 2172 2397 2282 1

2392 2330 2396 2346 l

2281 1516 2322 1551 57

2284 2028 2324 2066 58

1259 2245 1311 2276 sua
1320 2244 1390 2285 quis
1414 2243 1553 2284 privetur
1573 2244 1641 2285 jure
1665 2242 1739 2278 suo,
1759 2253 1834 2274 eum
1847 2242 1882 2276 sit
1894 2242 1998 2283 potius
2010 2242 2101 2274 caecis
2114 2242 2262 2273 miseren·
2283 2250 2320 2281 59

1261 2290 1357 2324 dum,
1377 2288 1408 2318 δέ
1429 2286 1474 2317 eis
1496 2289 1533 2317 de
1555 2295 1640 2316 novo
1658 2285 1905 2317 subveniendum
1925 2294 1957 2316 ut
1985 2295 2055 2326 cap.
2076 2287 2166 2319 Licet
2185 2307 2195 2322 ‚
2223 2283 2260 2320 de

1261 2329 1499 2372 censibus.Haec
1532 2329 1611 2360 Abb.
1630 2339 1725 2368 quem
1745 2329 1884 2369 sequitur
1912 2329 2010 2359 Vanr.
2027 2328 2063 2360 de
2093 2328 2196 2359 nullit.
2220 2339 2260 2358 ex

1263 2374 1369 2415 defefi.
1391 2371 1495 2413 jurisd.
1518 2370 1611 2410 deleg.
1621 2382 1701 2403 num.
1714 2382 1766 2412 42.
1787 2370 1824 2404 (θ’
1853 2382 1906 2413 43.
1927 2371 2092 2412 Qiinimo
2122 2370 2203 2403 Petr.
2225 2373 2263 2403 de
2285 2374 2327 2409 60
2392 2364 2397 2411 l

1263 2418 1401 2449 Ancliar.
1412 2418 1454 2446 in.
1467 2414 1541 2455 conſs
1558 2417 1624 2446 188.
1635 2426 1714 2446 num.
1728 2424 1756 2451 7.
1768 2414 1858 2456 plene
1882 2415 2060 2452 consuluit,
2083 2424 2142 2446 nec
2155 2425 2260 2455 perpe-
2391 2401 2397 2447 l

1263 2471 1351 2492 tuam
1362 2458 1568 2494 dementiam,
1579 2468 1615 2490 ex
1628 2468 1690 2499 qua
1701 2458 1845 2490 officialis
1856 2458 1998 2491 redditur
2009 2457 2129 2499 prorsus
2140 2457 2263 2489 inhabi*
2390 2462 2394 2469 “

1264 2504 1303 2535 lis
1314 2526 1325 2544 ,
1345 2502 1402 2534 effe
1425 2501 1533 2543 justam
1544 2500 1666 2532 causam
1679 2502 1864 2533 removendi
1876 2512 1947 2533 eum
1960 2503 1997 2533 ab
2008 2500 2133 2537 officio,
2156 2500 2202 2532 sed
2217 2500 2263 2532 so-

1265 2548 1329 2578 lum
1339 2545 1436 2577 dandi
1448 2546 1667 2585 coadjutorem
1679 2567 1689 2581 ,
1700 2546 1730 2576 8(
1744 2545 1886 2586 loquitur
1899 2545 1931 2576 iu
1942 2544 2093 2577 Generaii
2103 2543 2263 2575 Humilia-

1265 2600 1371 2621 totum
1381 2610 1391 2625 ,
1404 2597 1512 2620 amoto
1522 2597 1575 2629 per
1585 2586 1699 2629 Papam
1710 2599 1746 2623 ex
1758 2588 1849 2620 caiisa
1858 2588 2024 2625 dementiae
2035 2589 2073 2620 ab
2083 2583 2191 2624 officio
2201 2587 2263 2618 Ge-

1265 2633 1423 2665 neralatus
1439 2654 1447 2664 .

1308 2675 1347 2707 Et
1358 2685 1394 2706 ex
1406 2674 1452 2706 liis
1467 2683 1551 2716 patet
1561 2696 1571 2710 ‚
1592 2674 1715 2706 causam
1726 2674 1844 2715 publici
1855 2673 2126 2717 incommodijure
2138 2673 2264 2714 optimo
2282 2677 2322 2706 61

1265 2718 1355 2751 fuisse
1377 2717 1607 2759 praeteimiffam
1620 2717 1653 2748 in
1673 2717 1808 2750 secunda
1817 2718 1919 2758 gratia
1938 2716 2124 2756 provisionis
2143 2716 2262 2753 officii,

1264 2763 1340 2803 quia
1359 2772 1431 2792 cum
1452 2772 1487 2792 ex
1517 2771 1553 2792 ea
1574 2761 1776 2792 induceretur
1795 2761 1932 2802 privatio
1952 2759 2097 2792 officialis
2117 2781 2128 2797 ‚
2158 2760 2263 2801 hujus·

1266 2804 1557 2845 modiprivationi‚
1586 2805 1726 2845 quaejuri
1746 2803 1911 2836 communi
1930 2825 1939 2839 ,
1960 2805 1993 2834 δε
2014 2802 2114 2834 favori
2135 2803 2263 2843 publico

1267 2847 1444 2880 adversatur
1455 2870 1465 2884 ,
1488 2847 1561 2879 talis
1572 2847 1811 2888 causaadaptari
1821 2857 1885 2879 non
1897 2846 2011 2887 potest.
2031 2846 2111 2887 Qio
2132 2846 2167 2877 fit
2182 2868 2192 2883 ,
2226 2856 2262 2879 ut

1266 2894 1374 2924 eadem
1393 2891 1487 2923 causa
1509 2890 1644 2931 expressa
1665 2889 1698 2920 in
1720 2889 1922 2931 coadjutoria
1941 2900 2140 2930 nequaquam
2171 2889 2263 2930 poffit

1268 2934 1385 2967 censeri
1398 2934 1575 2974 repetitain
1587 2932 1765 2973 provisione
1783 2933 1903 2968 officii,
1922 2933 1998 2973 quia
2017 2932 2089 2964 talis
2111 2933 2263 2974 repetitio

1268 2987 1442 3019 numquam
1453 2977 1521 3008 fieri
1533 2976 1725 3016 intelligitur
1737 2976 1768 3008 in
1780 2979 1887 3008 eadem
1898 2976 2045 3010 oratione
2056 2998 2066 3012 ‚
2085 2978 2214 3017 quando
2225 2986 2264 3009 cx

1270 3022 1324 3053 illa
1334 3021 1462 3053 resultat
1474 3019 1593 3060 aliquid
1606 3020 1786 3060 exorbitans
1797 3020 1813 3050 εὶ
1825 3020 1891 3061 jure
1902 3019 2087 3056 communi,
2103 3020 2136 3051 δέ
2150 3027 2265 3051 contra

1270 3067 1317 3105 jus
1328 3063 1425 3096 tertio
1435 3062 1646 3104 quaesitumait
1658 3061 1778 3103 optime
1790 3062 1919 3095 deducit
1932 3060 2032 3093 Ruin.
2042 3060 2118 3103 cons.
2133 3072 2167 3094 12
2177 3072 2259 3102 3.mi.

1273 3117 1320 3140 12.
1333 3108 1394 3139 vol.
1407 3117 1434 3145 3.

1313 3150 1431 3182 Rursus
1444 3160 1508 3181 non
1530 3148 1629 3180 obstat
1650 3148 1733 3180 aliud
1753 3148 1932 3187 motivum,
1951 3148 2035 3190 quod
2057 3148 2201 3182 officialis
2221 3147 2266 3180 fa·
2285 3152 2326 3181 62

1269 3194 1336 3226 &us
1350 3193 1498 3225 inhabilis
1509 3201 1633 3234 propter
1642 3192 1864 3233 :egritudinem
1887 3192 2043 3224 removeri
2063 3192 2154 3234 possit
2163 3194 2199 3223 de
2211 3202 2262 3232 po-

1271 3238 1378 3268 tcstatc
1389 3236 1552 3268 ordinaria
1575 3235 1585 3276 (
1605 3235 1689 3267 &sic
1703 3235 1813 3276 absque
1824 3235 2152 3277 derogationeregulae
2163 3242 2200 3266 de
2213 3235 2261 3275 ju—

1272 3291 1303 3312 rc
1312 3280 1441 3321 quaesito
1454 3290 1518 3311 non
1530 3280 1673 3310 tollendo
1694 3278 1844 3318 >quando
1853 3278 1995 3310 officium
2005 3282 2098 3310 datur
2108 3277 2263 3321 principa-

1273 3324 1344 3355 liter
1364 3333 1429 3355 non
1440 3331 1564 3364 propter
1582 3321 1772 3361 dignitatem
1792 3343 1802 3358 ‚
1829 3324 1877 3356 led
1898 3333 2022 3363 propter
2042 3321 2230 3353 exercitium
2251 3341 2261 3356 ,
2281 3325 2323 3362 63

1273 3377 1306 3398 iit
1321 3367 1353 3397 in
1364 3365 1503 3398 lioecasu
1522 3373 1558 3396 ex
1580 3364 1709 3396 Alciato
1726 3363 1762 3395 dc
1783 3364 2041 3407 preficmpnrcgul.
2057 3375 2083 3405 3.
2093 3362 2259 3406 praefiimpt.

1279 3420 1405 3446 19.num.
1420 3418 1449 3447 7.
1460 3408 1514 3449 qui
1527 3407 1585 3438 lioc
1600 3408 1702 3438 firmat
1715 3418 1766 3447 pei·
1777 3418 1853 3441 text.
1865 3412 1897 3440 in
1907 3410 1928 3440 l.
1940 3412 2055 3446 Siquos
2074 3406 2185 3446 judices
2194 3429 2204 3443 ,
2223 3409 2261 3438 C.

1271 3451 1307 3486 dc
1316 3452 1483 3494 officJ'raes.
1496 3453 1583 3485 Praet.
1595 3453 1687 3483 aricii.
1697 3451 1750 3483 ubi
1764 3451 1880 3495 judiees
1892 3461 2016 3495 propter
2028 3450 2187 3483 adversum
2199 3472 2209 3487 ,
2231 3450 2266 3481 &

2158 3497 2228 3527 lon-
