2397 3664
270 154 366 195 390

556 257 728 315 DE
896 256 1169 315 ELE

603 137 771 207 Prosp.
789 134 1011 204 Fagnan.
1040 136 1093 193 in
1128 137 1349 207 Primum
1373 136 1580 196 Librum
1603 138 1867 198 Decretal.

1239 258 1894 323 CTIONE:

792 371 830 422 C
831 387 893 441 ap.
929 371 1046 441 ..Quia
1065 387 1268 441 propter,
1303 372 1346 437 §—
1378 372 1488 428 Illud
1498 393 1636 432 autem
1651 419 1666 436 .

371 481 1033 519 sUMMARJUM.

251 579 279 612 δ
355 569 488 605 Leflores
498 580 555 601 non
564 568 675 610 possunt
679 565 859 609 sufflagium
873 567 954 608 ferre
963 578 1017 614 per
1025 579 1199 613 procurato-

291 583 343 654 Ε
364 623 443 649 rem,
465 615 497 645 ni
495 613 526 655 fi
529 613 596 655 sint
604 614 740 646 canonici
751 612 892 656 impediti
903 635 910 643 .

246 667 265 689 2
288 657 404 688 Etcum
413 658 612 696 procuratoris
621 653 664 688 ad
672 653 840 693 eligendum
850 666 907 687 non
915 653 1172 697 potestfierifiarte
1181 679 1189 690 .

248 709 264 741 3
288 700 439 732 Elce‘kores
449 697 583 740 absentes
592 710 649 731 non
658 696 769 743 poffimt
776 706 878 730 votum
882 697 970 739 ficum
987 697 1062 730 dare
1075 700 1139 740 scri
1140 709 1190 740 Pto

330 742 514 788 obfignatum
524 766 532 774 .

244 796 267 826 4
286 787 447 870 Μὲιίαίω
455 783 581 824 infirme
591 808 602 821 ‚
620 795 676 823 qua
685 786 802 816 ratione
810 782 937 816 debeant
946 787 980 818 in
987 785 1195 829 eldliouesuf-

359 841 409 869 agi
414 840 462 860 um
487 841 550 861 erre
559 853 566 861 .

246 880 261 914 5
283 874 463 905 Procurator
470 828 522 904 fied
531 869 697 910 eligendum
704 868 843 910 constitui
853 869 938 904 debet
948 869 968 903 ri
979 870 1135 905 vocalibus
1144 870 1197 909 iib-

325 914 460 956 sentibus
471 926 535 947 cum
543 914 678 953 generali
690 911 836 944 mandato
849 936 857 943 .

209 978 211 980 -
243 961 263 991 6
282 960 444 998 Regulares
455 961 486 990 iu
496 956 683 991 olesliom'bus
693 965 796 989 votum
805 967 862 988 non
872 954 980 988 habent
988 980 998 995 ‚
1017 958 1078 1002 nist
1080 957 1196 1000 saltem

321 1002 385 1045 fint
395 1000 577 1033 subdiaconi
589 1023 596 1031 .

241 1053 261 1082 7
281 1046 374 1076 Privi
377 1045 456 1084 legia
467 1065 476 1083 ‚
508 1041 546 1075 ῥ’
555 1041 677 1074 indulta
687 1050 791 1074 contra
802 1040 922 1077 decreta
935 1042 1028 1076 Trid.
1049 1046 1137 1079 Conc,
1148 1056 1194 1076 re-

325 1096 472 1119 vocantur
480 1088 513 1118 in
524 1086 619 1119 Bulla
638 1087 690 1118 Pii
703 1087 755 1117 W.

239 1133 257 1162 8
279 1130 450 1162 Eleffiones
460 1133 519 1162 Pro
521 1138 556 1170 po
552 1130 611 1172 fici
620 1129 782 1162 Generalis
785 1126 888 1168 sam‘li
899 1130 1082 1175 Hieronymi
1093 1129 1129 1165 de
1138 1134 1196 1166 Fe-

319 1172 399 1212 suh's
407 1174 533 1206 nulliter
540 1171 693 1207 celebrate
702 1171 939 1206 convalidaneur
951 1195 959 1202 .

246 1226 266 1252 9
288 1216 443 1251 Numerus
450 1215 616 1259 effiaenatus
625 1215 781 1248 vocalium
791 1212 963 1252 reducitur,
983 1216 1142 1252 multitudo
1161 1220 1195 1253 in

321 1257 455 1301 pluribus
464 1259 639 1301 reprobatur
646 1281 657 1298 ,
677 1256 753 1291 ibid.

160 1355 172 1379 ι
233 1345 312 1378 Llud
322 1355 421 1380 autem
430 1370 438 1377 .
462 1345 630 1380 interdicit
651 1355 888 1385 procuratorem
910 1345 942 1378 in
953 1345 1118 1382 electionis
1139 1357 1192 1380 ner

244 1389 334 1429 gorio
343 1389 494 1425 constitui
506 1412 515 1427 ‚
527 1389 584 1422 nisi
595 1398 789 1421 concurrant
800 1387 850 1421 hic
862 1399 1015 1425 contenta
1026 1412 1036 1427 ,
1047 1390 1140 1433 usque
1152 1392 1190 1426 ad

195 1435 223 1470 §.
237 1433 422 1464 Elestiones.
910 1467 913 1470 .

237 1475 275 1507 In
296 1474 469 1516 Religion:
487 1476 630 1510 Fratrum
648 1474 745 1508 sanffi
763 1474 955 1518 Hieronymi
966 1477 1004 1508 de
1014 1475 1127 1509 Fesulis
1138 1487 1190 1509 ex-

195 1528 242 1550 tat
252 1517 451 1554 Constiturio
465 1519 519 1553 usu
529 1528 655 1560 recepta
665 1518 752 1553 circa
760 1518 949 1550 clemonem
957 1518 1112 1560 Praepositi
1125 1521 1187 1552 Ge-

193 1562 311 1594 neralis
322 1584 331 1600 ‚
341 1572 404 1604 qua
413 1572 543 1598 cavetur
553 1585 563 1599 ‚
577 1572 611 1595 ut
622 1561 754 1603 singuli,
775 1562 831 1602 qui
842 1566 956 1602 septem
968 1572 1068 1594 annos
1079 1562 1111 1596 in
1124 1562 1187 1595 Re-

193 1605 313 1646 ugione
322 1605 524 1647 perstiterint,
533 1607 566 1641 &c
577 1605 670 1638 sactis
680 1605 845 1637 ordinibus
857 1604 979 1641 initiati
992 1604 1108 1638 fuerint
1120 1606 1186 1647 pos-

192 1648 252 1681 sint
264 1649 402 1685 mittere,
414 1660 449 1681 ac
461 1651 534 1682 date
546 1659 656 1681 votum
668 1649 701 1682 in
712 1647 866 1683 electione
877 1647 1032 1693 Praepostti
1044 1648 1184 1682 Genera·

140 1722 147 1727 ,
191 1691 230 1724 lis
240 1713 250 1728 ,
269 1692 302 1727 &
312 1691 347 1728 in
356 1691 455 1733 specie
467 1692 676 1733 praescribitur
686 1690 790 1726 forma
799 1713 809 1727 ,
820 1701 854 1725 ut
867 1691 964 1728 iidem
974 1693 1097 1724 vocales
1110 1692 1129 1723 fi
1141 1694 1191 1724 ab-

191 1735 292 1770 sentes
301 1734 419 1769 fuerint
429 1758 438 1772 ,
450 1735 588 1771 scribant
601 1735 634 1768 in
644 1734 789 1768 schedula
800 1745 917 1767 nomen
931 1745 1005 1768 curn
1017 1736 1184 1776 cognomi-

191 1789 232 1811 ne
249 1779 315 1820 ejus
325 1800 335 1815 ‚
344 1789 438 1819 quem
449 1780 561 1813 volunt
572 1778 606 1812 in
619 1777 816 1821 Praepositurn
825 1777 1015 1812 Generalem
1026 1779 1188 1819 eligere&

199 1822 388 1862 consignent
407 1833 476 1855 eam
486 1821 640 1857 exteriori
652 1820 731 1855 folio
751 1820 922 1857 inclusam,
945 1820 1186 1862 &obsignatam

194 1865 396 1906 procuratori
406 1865 642 1901 Monasteriiad
660 1864 816 1899 Generale
836 1863 1022 1905 Capitulum
1034 1868 1187 1899 acceden-

199 1909 247 1944 ti;
261 1919 334 1940 cum
345 1908 527 1949 iscriptione
536 1910 642 1942 Votum
653 1910 778 1942 Fratris
790 1908 837 1939 N.
860 1908 944 1941 Vota
956 1908 1030 1939 vero
1044 1909 1083 1939 fic
1108 1910 1188 1943 obli-

196 1961 294 1991 gnata
304 1950 321 1982 zi
343 1961 545 1991 procuratore
554 1951 738 1986 deferuntur
750 1953 786 1982 ad
805 1950 992 1992 Capitulum
1013 1952 1167 1985 Cencrale
1177 1975 1188 1989 ,

197 1994 306 2035 ibique
317 1994 438 2030 sublato
449 1995 599 2027 exteriori
610 1994 688 2026 folio
701 2016 710 2030 ‚
723 1994 833 2034 absque
844 2005 881 2025 eo
893 1997 976 2035 quod
987 1996 1131 2036 legantur
1143 1995 1188 2028 in-

195 2037 306 2074 terius,
316 2037 350 2069 in
361 2048 472 2073 urnam
484 2038 703 2079 conjiciuntur
715 2039 749 2068 ad
763 2037 946 2072 cleerionem
958 2040 1183 2079 peragendam.

194 2080 386 2116 Procurator
395 2091 500 2115 autern
510 2081 665 2122 Capituli,
675 2081 731 2121 qui
743 2090 844 2121 portat
856 2080 1013 2117 schedulas
1024 2082 1185 2117 vocalium

195 2124 358 2159 absentum
370 2146 379 2163 ‚
400 2124 529 2164 eligitur
540 2126 620 2160 sorte
632 2146 642 2161 ,
652 2133 687 2156 ut
697 2123 827 2158 habetur
839 2124 871 2160 in
883 2124 945 2157 alia
952 2125 1089 2167 ejusdem
1099 2126 1185 2158 ordi-

193 2167 245 2200 nis
255 2166 496 2202 Constitutione
509 2191 516 2199 .

235 2209 391 2247 Consulta
400 2210 440 2242 est
453 2210 539 2245 Sacr,
551 2209 771 2250 Congregatio
781 2208 947 2247 concilii,
960 2221 999 2242 an
1010 2209 1060 2245 hic
1072 2214 1184 2248 modus

190 2253 330 2294 eligendi
350 2253 549 2298 Praepofttum
560 2254 750 2289 Gener-alem
770 2254 890 2289 censeri
908 2254 1019 2287 debeat
1039 2254 1183 2288 Canoni-

189 2307 246 2329 cus
255 2320 264 2333 ,
276 2307 376 2332 necne
385 2319 394 2331 0

233 2340 273 2372 Et
283 2341 413 2381 quidem
423 2341 547 2374 videtur
557 2339 607 2372 hic
619 2342 731 2373 modus
742 2350 914 2381 repugnare
926 2350 992 2373 non
1009 2341 1025 2374 s
1023 2338 1110 2374 olum
1122 2342 1189 2386 Juri

192 2384 380 2422 communi,
413 2383 568 2416 sedetiam
585 2386 714 2417 decreto
732 2383 823 2417 Trid.
844 2382 989 2417 Concilii
1009 2393 1074 2425 cap.
1086 2384 1188 2427 6.seff.

192 2438 209 2459 2
216 2437 243 2466 5.
254 2425 290 2461 a'e
299 2428 428 2469 regular.
448 2428 512 2471 juri
523 2427 688 2461 communi
700 2449 710 2463 ,
753 2426 807 2458 uia
817 2427 942 2461 vocales
952 2436 1018 2461 non
1031 2430 1186 2463 accedunt

191 2470 394 2510 personaliter
404 2472 441 2502 ad
453 2471 468 2502 s
467 2470 635 2511 uffragium
646 2469 731 2503 feren
755 2480 820 2507 um,
830 2470 877 2503 sed
889 2469 1024 2503 mittunt
1035 2470 1051 2501 s
1048 2481 1123 2502 uum
1133 2482 1187 2502 vo-

197 2523 266 2548 tum
275 2513 308 2545 in
327 2514 471 2548 schedula
490 2514 653 2554 obsignata
664 2524 676 2550 ;
697 2514 729 2545 &
749 2523 857 2548 tamen
876 2515 914 2547 de
931 2514 999 2555 jure
1010 2524 1077 2546 non
1090 2516 1187 2554 potest

194 2557 264 2598 quis
275 2557 390 2598 eligere
401 2567 452 2598 per
460 2567 697 2600 procuratorem
707 2578 718 2594 ,
738 2556 798 2590 nisi
808 2567 882 2590 cum
893 2556 973 2600 justo
982 2556 1186 2598 impedimen-

193 2609 229 2632 to
239 2600 411 2637 detinetur,
421 2601 594 2641 quominus
606 2600 808 2641 personaliter
818 2602 960 2637 accedat,
971 2610 1005 2632 ut
1015 2599 1118 2642 aperte
1131 2601 1185 2635 sta-

198 2643 299 2676 tuitur
312 2643 345 2676 in
357 2645 416 2678 hoc
429 2646 457 2680 §.
470 2643 513 2677 ibi
525 2666 535 2682 ,
556 2647 673 2684 penitus
692 2642 919 2680 interdicimus,
939 2655 975 2677 ne
995 2646 1064 2682 quis
1081 2646 1114 2676 in
1132 2645 1185 2677 ele.

194 2685 299 2717 {lionis
309 2689 422 2728 negotio
432 2696 652 2729 procuratorem
662 2686 822 2728 constituat
832 2709 842 2724 ,
861 2687 970 2762 nifsst
989 2684 1093 2727 absens
1111 2689 1144 2719 in
1154 2699 1185 2722 eo

193 2726 254 2762 Ioco
263 2751 272 2765 ‚
283 2732 318 2760 de
328 2740 380 2767 quo
392 2729 500 2763 debeat
508 2729 659 2765 advocari
668 2752 678 2767 ‚
688 2728 815 2770 justoque
825 2732 907 2775 impe
929 2732 1039 2764 imento
1047 2729 1184 2764 detentus

194 2774 296 2802 vent-'re
306 2784 360 2803 non
368 2774 450 2815 poffit
460 2797 470 2810 ,
488 2776 524 2809 ad
537 2774 619 2808 idem
630 2784 692 2808 tex.
702 2775 734 2805 in
745 2785 770 2807 c.
782 2775 820 2807 Si
830 2778 896 2812 quis
904 2772 988 2814 justo,
1008 2773 1184 2813 ubigomnes

204 2824 316 2846 notant
329 2818 411 2857 infra
421 2815 572 2853 e0d‚l›·b.6.
583 2817 621 2849 Et
632 2828 672 2848 eo
681 2816 782 2857 magis
791 2839 800 2854 ,
823 2817 900 2858 quia
909 2817 981 2848 casu
1000 2828 1184 2857 procurator

201 2856 258 2898 qui
269 2858 409 2903 mittitur
419 2882 428 2896 ‚
451 2860 581 2902 eligitur
592 2863 691 2896 sorte,
702 2862 785 2901 quod
799 2870 905 2895 tamen
918 2859 1060 2894 similiter
1070 2861 1184 2905 dejure

199 2899 380 2947 prohibetur
389 2924 398 2938 ‚
417 2913 449 2933 ιιι
462 2906 494 2936 in
504 2902 589 2946 c.fin.
601 2903 638 2935 de
648 2904 792 2943 Sortileg.

240 2941 363 2990 Deinde
375 2944 416 2975 est
434 2956 546 2978 contra
554 2950 718 2979 decretum
729 2945 873 2981 Concilii
884 2945 913 2979 d,
922 2956 989 2988 cap.
1002 2951 1030 2979 6.
1042 2949 1125 2988 quod
1139 2948 1186 2988 ju-

196 2986 248 3019 bet
259 2985 445 3020 electionem
457 2989 523 3020 fieri
542 3001 593 3030 per
619 2990 737 3022 secreta
759 2990 927 3030 suffragia3
955 2991 1031 3031 quia
1041 2991 1185 3031 quamvis

194 3038 379 3070 procurator
388 3029 506 3062 deferat
519 3032 693 3065 schedulam
703 3033 856 3066 inclusam
868 3033 900 3067 in
915 3032 996 3065 folio
1006 3033 1183 3073 obsignato,

195 3071 292 3115 potest
302 3081 408 3107 tamen
430 3074 515 3108 illam
532 3076 685 3116 resignare
699 3099 708 3113 ‚
728 3078 761 3109 &
783 3076 816 3108 in
827 3077 890 3110 alio
901 3075 981 3109 folio
1002 3076 1162 3109 includere
1174 3100 1182 3109 .

158 3125 173 3159 3
195 3114 248 3146 Ob
258 3125 352 3158 quam
363 3116 517 3147 rationem
530 3117 596 3149 Sac.
609 3119 830 3160 Congregatio
841 3119 918 3152 olim
940 3120 1083 3152 consulta
1092 3122 1109 3152 ἐι
1120 3120 1182 3153 Ca-

194 3158 319 3191 nonicis
331 3158 588 3192 Lateranensibus
599 3183 609 3196 ‚
637 3173 675 3193 an
688 3163 825 3196 absentes
836 3163 970 3204 persona:
980 3186 991 3199 ,
1013 3166 1098 3204 quod
1109 3174 1182 3205 prx—

195 3201 294 3233 sentes
306 3200 444 3234 facerent
466 3203 580 3242 scripto
604 3203 690 3236 suum
708 3216 817 3237 votum
838 3209 911 3239 clare
931 3207 1045 3247 poffint
1065 3207 1098 3239 in
1119 3208 1181 3239 elc-

151 3254 173 3284 4
192 3243 329 3276 ctionem
341 3245 498 3278 sociorum
514 3245 763 3286 Capitularium:
788 3248 960 3289 Respondit
980 3261 1045 3283 non
1066 3251 1146 3290 posi'e
1168 3272 1175 3280 .

195 3286 233 3317 Et
246 3287 386 3321 sunilitcr
398 3289 559 3325 consulta,
581 3300 619 3320 an
631 3289 790 3322 Moniales
804 3292 883 3323 Iccio
894 3303 1017 3333 propter
1031 3294 1176 3325 morbum

195 3330 286 3361 affixa·
305 3340 413 3362 votum
436 3332 522 3363 suum
543 3333 578 3363 ad
600 3331 784 3364 electionem
815 3336 1017 3375 Superiorum
1049 3336 1175 3367 mittere

194 3372 306 3415 pollint
318 3395 327 3408 ,
349 3374 458 3407 'itidem
470 3375 625 3415 respondit
635 3386 698 3406 non
709 3376 808 3415 polle,
831 3380 876 3408 led
889 3379 942 3417 qui
966 3379 1174 3418 accipiendis3

192 3414 461 3458 custodiendisque
475 3418 554 3449 voris
567 3417 700 3458 prefecti
713 3428 804 3449 crunt
815 3441 824 3454 ,
834 3421 967 3452 debeant
980 3424 1125 3454 accedere
1138 3424 1174 3454 ad

153 3469 167 3497 5
192 3468 378 3498 :egrotantes
387 3481 395 3494 ‚
420 3464 450 3492 oc
463 3461 500 3491 ab
523 3461 566 3492 eis
589 3471 664 3494 vota
684 3461 824 3501 accipere
845 3485 852 3493 .
886 3463 920 3493 ln
934 3464 1004 3496 casu
1017 3475 1121 3496 aurem
1135 3465 1175 3495 le-

195 3501 299 3540 gitimi
321 3502 535 3541 impedhmmi
555 3515 619 3536 non
639 3504 778 3536 mittitur
800 3515 908 3536 votum
930 3506 961 3537 in
982 3507 1103 3547 scriptis
1125 3518 1175 3546 per

193 3554 445 3584 procuratorem,
468 3546 515 3577 sed
536 3556 720 3587 procurator
731 3548 934 3580 constituitur
948 3551 982 3580 ad
995 3550 1176 3590 eligendum

152 2782 170 2805 ὶδ

1239 498 1314 562 ῗιιιιι
1325 492 1468 530 generali
1479 491 1631 526 mandato
1639 513 1650 531 ,
1668 499 1704 522 ut
1714 489 1856 523 similiter
1864 488 2061 532 congregat.
2072 491 2149 525 aliis
2160 501 2233 527 cen-

1253 540 1300 565 uit
1312 555 1320 565 .
1486 539 1489 542 ’

1278 574 1409 618 Qubus
1420 578 1577 611 accedunt
1586 579 1651 610 duo
1673 575 1938 610 inconvenientia
1950 601 1957 608 .
1982 577 2127 610 Alterum
2168 581 2233 613 uod

1237 627 1442 658 procurator,
1457 621 1514 663 qui
1534 630 1640 661 portat
1659 619 1841 654 schedulam
1857 619 2054 661 obsignatam
2073 631 2146 662 pote
2190 622 2230 655 il-

1230 660 1293 693 lam
1302 663 1475 701 occultare,
1485 665 1519 699 &
1530 665 1603 696 loco
1613 663 1699 697 illius
1710 662 1805 695 aliam
1812 663 1869 698 sibi
1880 663 2058 697 benevisam
2068 663 2102 696 in
2111 674 2227 699 urnam

1236 713 1351 743 ponere
1361 729 1371 743 ,
1392 716 1425 738 ut
1437 707 1541 748 saepius
1550 706 1667 739 faCtum
1677 705 1796 739 dicitur
1807 729 1814 738 .
1835 707 1980 740 Alterum
1990 709 2075 748 quod
2088 708 2228 741 ambien.

1236 756 1282 794 tes¹
1293 748 1324 780 di
1327 748 1530 789 gnitates,vel
1542 750 1746 792 alii,quotum
1756 749 1931 787 interest,ut
1939 750 2021 784 certi
2031 749 2089 784 sint
2099 752 2137 783 de
2146 760 2226 784 voto

1238 791 1324 825 ,alicu
1326 791 1375 833 jus
1385 813 1395 828 ,
1406 793 1569 826 multoties
1579 815 1589 829 ,
1600 802 1635 826 ut
1647 791 1775 825 testatur
1785 802 1970 833 procurator
1980 792 2113 826 Ordinis
2124 815 2134 830 ,
2147 793 2227 827 illud

1238 843 1383 867 emerunt
1392 836 1548 877 pecunia:
1561 837 1708 869 viderunt
1718 835 1806 869 enim
1817 835 1893 867 illud
1904 835 2053 872 inscribi,
2061 835 2233 878 obsignari,

1237 878 1270 909 δε
1281 878 1363 911 tradi
1374 879 1575 921 procuratori
1584 878 1728 922 Capituli
1739 901 1749 915 ,
1760 879 1793 910 ὅ(
1803 888 1859 918 pro
1869 880 1926 910 hac
1937 877 2107 919 scriptione
2116 900 2128 915 ,
2150 879 2232 912 obsi-

1238 919 1392 962 gnatione
1404 943 1414 958 ,
1424 923 1456 955 &
1467 921 1641 956 traditione
1651 932 1760 955 coram
1771 921 1840 963 ipsis
1851 920 1997 955 facienda
2005 921 2173 963 pecuniam
2179 924 2235 956 da.

1238 963 1422 996 innabilitcr
1434 965 1551 998 solvere
1561 975 1628 998 non
1638 965 1709 999 sunt
1720 965 1816 998 veriti
1826 988 1834 997 .

1281 1004 1400 1041 Rursus
1411 1008 1446 1040 in
1454 1010 1566 1041 eadem
1585 1008 1732 1050 Regione
1752 1017 1839 1041 extat
1849 1007 1912 1041 alia
1925 1005 2130 1041 constitutio
2139 1029 2151 1045 ‚
2168 1017 2233 1048 qua

1234 1058 1384 1087 cavetur,
1396 1061 1431 1083 ur
1443 1052 1630 1085 vacantibus
1642 1051 1798 1092 prioribus
1807 1052 1962 1084 localibus
1973 1073 1984 1088 ,
1994 1050 2108 1091 singuli
2116 1050 2230 1091 profes-

1236 1091 1258 1125 si
1271 1093 1335 1126 tam
1346 1092 1489 1131 Clerici,
1509 1093 1603 1136 quam
1620 1088 1774 1129 Conversi
1790 1094 2017 1138 cujuscumque
2036 1093 2228 1126 Conventus

1235 1137 1311 1168 dent
1322 1146 1433 1170 votum
1445 1138 1479 1172 in
1489 1148 1599 1171 eorum
1609 1137 1763 1171 electione
1776 1163 1784 1170 .
1804 1137 1888 1180 Qua:
1905 1138 2007 1172 etiam
2028 1137 2155 1169 videtur
2176 1137 2230 1169 ad·
2247 1136 2269 1167 ⁶

1235 1177 1348 1212 versari
1357 1182 1487 1215 decreto
1506 1181 1677 1215 Veronens.
1697 1180 1844 1214 Concilii
1854 1181 1956 1213 relato
1975 1180 2008 1213 in
2017 1179 2122 1214 Clem.
2141 1180 2185 1213 Ut
2201 1182 2230 1212 ii

1232 1219 1349 1263 destas.
1368 1224 1405 1258 <ff
1418 1225 1526 1262 qualit,
1546 1235 1640 1266 atquc
1661 1225 1814 1258 invocato
1825 1228 1842 1256 a
1860 1224 2015 1257 Concilio
2032 1223 2229 1262 Tridentino

1233 1276 1257 1312 ⁶5
1271 1264 1373 1308 4.seffi
1386 1278 1438 1301 22.
1457 1278 1523 1308 quo
1534 1268 1684 1302 statutum
1695 1268 1749 1305 est,
1761 1278 1795 1301 ut
1804 1268 2001 1309 quicumque
2010 1266 2043 1300 in
2053 1265 2228 1300 Catbedra-

1234 1308 1275 1346 Ιι,
1298 1309 1345 1342 vel
1358 1309 1542 1351 collegiata
1553 1311 1710 1348 saeculari,
1729 1313 1776 1343 vel
1789 1310 1944 1351 Regulari
1952 1310 2090 1345 Ecclesia
2106 1309 2227 1342 divinis

1232 1353 1430 1393 mancipatus
1440 1353 1553 1386 officiis
1565 1354 1598 1389 in
1617 1354 1870 1388 Subdiaconatus
1888 1355 2002 1387 ordine
2021 1353 2130 1386 saltem
2147 1362 2228 1384 con-

1231 1394 1357 1428 stitutus
1370 1396 1480 1431 nonsit
1492 1419 1502 1434 ‚
1523 1408 1634 1430 vocem
1643 1398 1678 1431 in
1699 1398 1853 1440 ejusmodi
1863 1397 2011 1434 Ecclefiis
2022 1397 2056 1429 in
2072 1394 2227 1437 Capitulo

1231 1447 1296 1471 non
1306 1440 1418 1474 habeat
1428 1461 1439 1476 ‚
1460 1441 1582 1474 etiamsi
1590 1441 1649 1473 hoc
1662 1441 1717 1474 sibi
1728 1442 1765 1473 ab
1784 1441 1854 1474 aliis
1874 1441 1971 1475 libere
1985 1439 2081 1473 fuerit
2100 1437 2228 1470 conces-

1229 1480 1245 1511 s
1244 1491 1295 1513 um
1307 1504 1317 1518 2
1334 1484 1367 1516 δέ
1378 1482 1412 1514 in
1423 1482 1615 1517 fin.d.Clem.
1631 1484 1758 1519 additur
1765 1484 1922 1522 clausula,
1931 1483 2020 1516 ‘Non
2030 1481 2226 1514 obstantibus

1227 1524 1422 1564 quibuslibet
1436 1527 1734 1565 consuetudinibus,
1750 1529 1798 1560 vel
1811 1527 1932 1562 statutis
1942 1550 1952 1565 ‚
1962 1537 2031 1568 quae
2041 1525 2167 1558 videtur
2176 1534 2226 1556 re-

1229 1566 1304 1601 ferti
1316 1570 1353 1600 ad
1363 1569 1474 1603 omnia
1485 1570 1692 1614 praecedentia
1700 1592 1710 1606 ‚
1731 1582 1755 1602 c.
1767 1569 1900 1604 Secundo
1918 1572 2048 1608 requiris
2067 1566 2105 1600 de
2123 1567 2229 1608 appel-

1224 1610 1283 1643 lat.
1295 1611 1397 1645 Anch.
1407 1611 1580 1653 caustum).
1591 1612 1670 1655 verfl
1681 1612 1838 1656 Postquam
1848 1612 1908 1655 ista
1918 1612 2053 1654 clausula
2062 1634 2073 1651 ,
2084 1613 2117 1644 &
2127 1610 2226 1644 felin.

1230 1656 1263 1691 in
1273 1666 1297 1687 c.
1308 1653 1444 1696 Causam
1453 1666 1510 1695 quie
1519 1656 1557 1688 de
1566 1655 1655 1697 rescr.
2213 1694 2221 1703 ⁸

1272 1697 1309 1729 Et
1321 1699 1465 1738 quamvis
1476 1721 1487 1737 ‚
1515 1699 1663 1734 cumhaec
1674 1699 1863 1735 constitutio
1882 1699 1978 1735 fuerit
1999 1698 2190 1731 confirmata
2207 1706 2226 1728 a

1231 1739 1310 1775 Sede
1321 1741 1503 1784 Apostolica
1513 1764 1522 1779 ,
1534 1753 1600 1776 non
1613 1743 1756 1776 videatur
1766 1742 1885 1778 sublata
1896 1754 1932 1776 ex
1943 1742 2027 1776 dieta
2047 1739 2226 1774 Clementi-

1228 1793 1270 1814 na
1281 1805 1291 1819 ‚
1311 1785 1343 1816 &
1354 1786 1585 1826 consequenter
1603 1796 1705 1827 neque
1716 1786 1732 1817 a
1745 1785 1899 1820 Concilio
1918 1785 2035 1820 dickam
2046 1782 2229 1816 Clementi-

1232 1836 1307 1861 nam
1328 1827 1502 1862 innovante
1515 1841 1522 1860 :
1545 1840 1619 1863 nam
1641 1830 1682 1870 gl.
1693 1829 1729 1861 in
1749 1829 1813 1862 illis
1831 1829 1933 1862 verbis
1945 1851 1955 1865 ,
1976 1839 2033 1860 non
2045 1825 2228 1868 obstantibus

1227 1868 1497 1909 Consuetudtnibus
1515 1894 1524 1908 ‚
1535 1873 1588 1906 vel
1588 1872 1731 1914 statutis,
1744 1873 1851 1911 Nota,
1861 1869 2059 1913 inquit‚qu0d
2069 1881 2126 1902 non
2129 1868 2229 1911 sustu·
2249 1875 2270 1908 7

1226 1913 1266 1944 lit
1275 1915 1442 1953 privilegia
1452 1937 1462 1952 ,
1473 1924 1576 1949 tamen
1586 1914 1836 1958 w'detttrfitblata
1848 1924 1900 1957 per
1909 1918 1935 1947 C
1937 1913 2157 1955 onstitutionem
2169 1913 2223 1945 Pii

1228 1957 1280 1987 JV·
1299 1966 1355 1994 quae
1365 1960 1476 1998 incipit
1484 1980 1495 1995 ,
1518 1960 1551 1989 ln
1564 1960 1721 1999 Principis
1732 1961 1767 1990 A
1768 1957 1940 1999 postolorum
1951 1980 1960 1994 ‚
1980 1966 2032 1998 per
2042 1957 2130 1994 quam
2140 1965 2225 1986 revo-

1227 2008 1334 2031 cantur
1355 2002 1524 2041 privilegia
1535 2023 1544 2037 ,
1559 1999 1597 2033 ό·
1615 2000 1736 2033 indulta
1752 2004 1852 2033 omnia
1872 2003 1905 2032 in
1927 1999 1975 2034 his
1985 2022 1994 2037 ‚
2019 2011 2076 2038 (μω
2095 1996 2225 2032 decretis

1226 2043 1358 2076 Concilii
1368 2046 1596 2078 contrariantur
1605 2067 1612 2077 .
1634 2043 1748 2085 Neque
1759 2045 1847 2078 enim
1857 2044 1997 2078 dubitari
2008 2042 2105 2085 potest
2115 2064 2126 2079 ,
2144 2040 2226 2083 quin

1225 2084 1310 2118 dieta
1319 2085 1518 2121 Constitutio
1529 2088 1706 2120 adversetur
1715 2087 1869 2120 Concilio
1877 2110 1887 2125 ,
1907 2086 1982 2119 cum
1991 2088 2029 2119 de
2038 2084 2159 2119 dimoto
2171 2084 2224 2117 sta?

1228 2139 1297 2161 tuat
1309 2130 1507 2165 contrarium
1518 2131 1585 2173 ejus
1596 2153 1606 2168 ,
1625 2135 1710 2172 quod
1731 2130 1824 2165 Cone
1832 2131 1921 2164 ilium
1940 2131 2046 2164 statuit
2058 2141 2067 2167 ·,
2094 2131 2128 2162 &
2147 2128 2223 2162 alio-

1227 2172 1307 2213 quin
1317 2172 1516 2205 Constitutio
1525 2174 1575 2205 Pii
1587 2174 1641 2205 IV.
1655 2173 1756 2205 fuisset
1768 2175 1919 2217 superflua
1928 2196 1939 2210 ,
1968 2184 2002 2205 ut
2015 2173 2091 2206 alias
2113 2175 2220 2204 adver-

1228 2215 1268 2246 tit
1279 2216 1348 2250 Sac.
1359 2215 1582 2259 Congregatio
1592 2217 1626 2249 in
1636 2216 1731 2252 simili
1749 2216 1992 2252 Constitutione
2004 2216 2217 2249 Eremitatum

1228 2257 1243 2289 s
1241 2258 1326 2292 aneti
1337 2259 1424 2291 Pauli
1436 2283 1443 2292 .

1274 2303 1383 2343 Iraque
1394 2302 1520 2336 videtur
1531 2302 1780 2345 respondendum
1788 2302 1942 2346 ejusmodi
1961 2299 2220 2335 Constitutiones

1229 2345 1287 2377 esse
1299 2346 1399 2379 nullas
1409 2367 1419 2381 ‚
1446 2343 1520 2378 cum
1531 2355 1598 2376 non
1619 2356 1786 2387 appareant
1806 2346 2000 2379 confirmatae
2018 2344 2083 2386 post
2099 2343 2222 2378 Conci-

1230 2388 1307 2419 lium
1319 2400 1331 2424 ;
1360 2391 1553 2428 modumque
1564 2388 1703 2427 eligendi
1715 2389 1904 2421 Gener-alem
1921 2399 1988 2421 non
1998 2388 2057 2421 else
2076 2385 2219 2420 Canoni-

1230 2442 1303 2462 cum
1314 2453 1323 2467 ,
1335 2432 1368 2462 &
1379 2431 1549 2462 electiones
1561 2431 1708 2464 hactenus
1720 2433 1892 2464 celebratas
1902 2432 1960 2464 effe
1973 2431 2089 2463 irritas.
2101 2429 2221 2462 Vert‘un
2235 2443 2239 2446 ’

1230 2477 1385 2514 agendum
1396 2475 1454 2506 else
1464 2484 1537 2505 cum
1549 2474 1578 2507 S.
1591 2474 1630 2505 D.
1651 2474 1693 2508 N.
1705 2486 1737 2506 ut
1747 2475 1815 2509 illas
1825 2475 1974 2516 dignetur
1984 2485 2020 2506 ex
2032 2473 2135 2515 gratia
2144 2483 2221 2506 con-

1228 2517 1366 2551 validare
1376 2527 1448 2549 curn
1459 2517 1609 2549 omnibus
1622 2518 1694 2550 inde
1706 2518 1721 2549 s
1718 2519 1844 2559 equutis
1854 2541 1864 2554 ‚
1876 2518 1921 2551 ita
1930 2528 1966 2553 ut
1977 2528 2013 2550 ex
2024 2515 2147 2550 defectu
2159 2515 2221 2548 for-

1229 2570 1285 2592 mae
1303 2558 1441 2601 superius
1460 2560 1620 2601 propositae
1639 2560 1785 2603 deinceps
1801 2560 1818 2592 a
1826 2561 1954 2595 nemine
1972 2561 2151 2605 impugnari
2168 2569 2221 2592 va-

1226 2603 1313 2636 leant
1327 2615 1333 2634 :
1356 2614 1390 2635 ac
1412 2603 1557 2644 praeterea
1575 2604 1805 2647 injungendum
1831 2604 1981 2638 Generali
1991 2627 2001 2641 ‚
2020 2613 2054 2637 ut
2066 2601 2126 2634 una
2144 2612 2218 2635 cum

1227 2646 1435 2678 Procuratore
1445 2645 1577 2681 Ordinis
1588 2669 1598 2683 ,
1618 2648 1651 2679 &
1662 2658 1800 2688 quatuor
1819 2648 1889 2680 aliis
1899 2648 2042 2682 Patribus
2060 2646 2219 2688 peritiori-

1228 2690 1283 2721 bus
1295 2690 1393 2723 alium
1403 2692 1533 2723 modum
1544 2690 1684 2733 eligendi
1694 2691 1851 2725 consultet
1863 2713 1872 2729 ,
1899 2701 2033 2732 etunque
2043 2689 2073 2722 S.
2082 2688 2205 2731 Congr.

1228 2732 1421 2765 ttansmittat
1432 2743 1487 2774 pro
1498 2734 1744 2768 confirmatione
1755 2757 1763 2765 .

1269 2776 1308 2808 Er
1320 2776 1365 2808 ita
1374 2776 1628 2818 §.congregatio
1638 2776 1767 2809 Concil.
1777 2776 1951 2809 declaravit
1962 2778 2092 2809 modum
2101 2774 2221 2815 eligen-
2239 2776 2258 2806 8

1224 2819 1257 2850 di
1269 2821 1447 2859 generalem
1458 2843 1467 2856 ,
1476 2830 1540 2861 quo
1548 2818 1698 2854 haetenus
1707 2820 1750 2852 usi
1762 2819 1887 2853 fuerunt
1899 2820 2018 2853 Fratres
2029 2818 2125 2852 sancti
2137 2817 2215 2850 Hie-

1225 2862 1348 2903 ronymi
1361 2866 1398 2896 de
1409 2863 1534 2900 Fesulis,
1545 2873 1610 2897 non
1620 2863 1679 2896 effe
1689 2863 1883 2896 canonicum
1895 2885 1905 2900 ,
1913 2865 1946 2896 &
1955 2862 2124 2895 electiones
2136 2861 2216 2893 cele-

1226 2906 1327 2939 bratas
1337 2907 1394 2937 effe
1405 2907 1527 2943 nullas,
1544 2916 1639 2948 atque
1660 2906 1764 2939 irritas
1775 2929 1782 2936 .
1807 2906 2036 2939 Verumtamen
2056 2904 2216 2938 sanctim-

1225 2959 1293 2980 mus
1305 2948 1443 2990 benigne
1455 2949 1630 2992 hujusmodi
1647 2948 1816 2983 elestiones
1836 2949 2054 2983 convalidavit
2063 2959 2136 2982 cum
2148 2958 2215 2980 om-

1224 2992 1315 3023 nibus
1326 2992 1398 3024 inde
1410 2992 1547 3033 sequutis
1557 3017 1564 3025 .

1264 3035 1329 3067 Cui
1344 3035 1471 3076 quidem
1491 3035 1678 3067 resolutioni
1698 3034 1827 3075 Religio
1844 3035 2004 3077 acquievit
2015 3059 2024 3073 ,
2045 3046 2079 3068 ac
2098 3033 2214 3068 deinde

1225 3079 1390 3112 Generalis
1407 3080 1448 3110 de
1470 3078 1622 3115 consilio,
1643 3080 1675 3110 &
1693 3078 1809 3111 assensu
1825 3079 1999 3112 multorum
2017 3079 2159 3112 fratrum
2175 3080 2212 3109 ex

1223 3122 1422 3161 gravioribus
1434 3121 1600 3162 religionis
1612 3122 1705 3154 aliam
1726 3120 1894 3155 formulam
1915 3122 2080 3154 electionis
2101 3120 2213 3154 conse-

1223 3165 1289 3201 cit,
1306 3175 1401 3206 quain
1412 3175 1509 3205 nuper
1519 3163 1603 3199 misit
1615 3166 1651 3200 ad
1662 3164 1778 3198 sacram
1788 3163 2086 3207 Congrcgationem
2096 3176 2152 3208 pro
2163 3174 2211 3205 ap-

1221 3208 1406 3249 probatione
1418 3231 1425 3239 .

1259 3251 1335 3282 Haec
1348 3261 1453 3283 autem
1465 3250 1598 3283 formula
1608 3273 1617 3287 ,
1632 3253 1714 3291 quod
1726 3249 1837 3291 specstat
1846 3253 1882 3283 ad
1893 3251 2045 3285 secretum
2056 3275 2066 3289 ,
2085 3253 2118 3284 &
2142 3249 2209 3282 sub-

1218 3294 1360 3325 slantiam
1373 3294 1535 3325 electionis
1547 3293 1671 3335 videtur
1683 3294 1762 3334 posse
1773 3295 2058 3337 tolerari‚quamvis
2070 3304 2135 3327 non
2149 3293 2203 3323 ha-

1217 3338 1286 3369 heat
1298 3337 1405 3369 ornnia
1414 3336 1561 3378 requisita
1571 3335 1716 3369 Concilii
1728 3338 1903 3371 Generalis:
1916 3338 1970 3371 illa
1979 3339 2064 3371 enim
2074 3335 2208 3380 plurima

1217 3380 1286 3412 sunt
1299 3402 1308 3415 ,
1320 3389 1354 3411 ut
1365 3379 1517 3411 ostensum
1527 3378 1567 3410 est
1580 3379 1612 3410 in
1625 3379 1781 3420 principio
1791 3383 1880 3426 liujus
1891 3382 1936 3413 aa*
1945 3381 2071 3422 n.36.Et
2083 3389 2134 3421 per
2146 3378 2208 3412 sor·

1215 3433 1265 3455 nia
1277 3422 1421 3456 scrutinii
1431 3431 1524 3462 grave
1535 3421 1575 3452 esi
1586 3424 1750 3462 procedere
1760 3446 1770 3459 ,
1791 3434 1825 3458 ut
1842 3425 1885 3457 ait
1897 3427 1938 3465 gl.
1949 3426 1981 3455 in
1988 3433 2053 3466 cap.
2063 3422 2142 3456 Ciam
2153 3433 2205 3452 ex-

1215 3464 1317 3506 pedmt
1328 3468 1360 3497 in
1371 3464 1454 3498 verb.
1466 3466 1621 3509 Inqmsttis
1630 3487 1639 3502 ,
1658 3464 1741 3508 infini
1752 3465 1900 3500 eod.lib.6.
1912 3466 2205 3508 Pt'aeterquainquod

1216 3510 1274 3540 hoc
1287 3519 1428 3550 cap.·non
1441 3509 1579 3548 procedit
1595 3508 1651 3539 nisi
1665 3509 1696 3539 in
1709 3509 1915 3542 elcffionibus
1926 3509 2120 3550 Prelatorum
2131 3531 2141 3545 ,
2152 3518 2203 3549 per

1215 3561 1350 3592 quorum
1362 3552 1486 3585 obitum
1497 3551 1638 3584 Ecclesia:
1654 3553 1821 3585 viduantur
1831 3575 1841 3590 ‚
1852 3562 1887 3586 ut
1897 3553 2023 3595 colligit
2035 3553 2111 3595 gl.in
2123 3550 2205 3584 verb.

2057 3596 2160 3629 Eccle-
