2397 3664
162 313 204 336 20
223 303 311 336 susin
324 303 433 335 utilem
448 323 455 336 ,
478 295 547 331 c.⁸2.
558 297 595 327 de
605 296 752 327 translat.
765 295 869 337 Epist.

280 63 378 99 210

223 130 259 163 de
269 132 382 164 Cleric.
393 141 450 162 non
460 128 548 172 refid.
562 126 679 166 Episroj
694 135 762 156 atus
781 125 923 155 similiter
940 126 1130 158 continuam
1151 125 1219 157 resur

221 175 361 207 dentiam
374 174 471 213 sequit
481 173 524 209 it,
534 180 600 211 cap.
613 169 778 212 gamer,
792 166 892 198 eodem
904 170 954 198 tit.
965 177 1030 208 cap.
1050 171 1200 202 Pervenit
1211 191 1221 203 ‚

222 229 286 249 cum
297 215 554 257 m:‹lti'sscqq.7.q.
564 222 588 245 1.
602 211 686 242 Nam
698 213 811 241 dui-um
823 209 864 241 est
875 210 1037 243 dimittere
1048 210 1220 244 Ecclesiam

223 260 423 301 fincl'ponso,
447 257 577 297 &paria
588 256 655 285 sunt
669 264 733 284 nou
755 254 866 285 habete
885 253 1048 291 swonsum,
1070 255 1117 287 vel
1157 265 1221 287 roi·-

881 265 1104 337 Qiamobrem
1115 299 1165 330 hic
1179 298 1221 329 vi-

222 349 277 379 des
295 345 408 386 Papam
428 341 561 373 noluill'e
584 340 753 371 admittere
775 340 1017 381 postulationem
1041 341 1154 373 factam
1183 344 1220 373 de

220 387 386 422 Cardiuali
399 387 435 417 ad
446 382 760 423 Archiepiscopatum
774 382 1015 420 Ravennatem,
1036 384 1113 425 quia
1130 395 1221 425 opor-

223 432 327 464 tuiiset
340 439 392 461 aut
406 428 587 458 Romanam
605 423 739 457 Curiam
760 426 919 462 deserere,
941 436 994 468 aut
1014 437 1137 459 moram
1160 438 1221 460 tra-

223 475 294 506 here
306 483 394 504 extra
406 469 736 511 Arcliiepiscopatum.
758 467 944 511 Utrumque
966 480 1071 502 autem
1090 480 1160 503 erat
1172 470 1220 502 in-

220 515 415 548 conveniens
433 535 443 549 ,
470 512 588 545 merito
612 510 693 553 Papa
711 511 955 553 postulationem
974 524 1040 545 non
1068 513 1191 546 admisit
1212 537 1219 545 .

220 560 325 599 Atque
336 558 409 588 hinc
421 557 499 588 Abb.
510 555 755 596 nnm.6.colligit
769 555 1032 593 cardinalatum,
1054 559 1086 589 &
1100 556 1222 597 Episco-

219 611 325 642 patum
337 601 394 632 else
407 597 661 640 incompatibiles
675 599 706 632 in
717 601 826 631 eadem
838 600 967 640 persona
978 597 1101 636 {subdit
1113 610 1221 632 tamen

154 656 172 678 2
181 656 192 677 1
217 643 397 676 novissimis
409 643 604 684 temporibus
616 641 770 674 servatum
783 643 841 674 esse
852 665 862 679 ,
873 653 906 673 ut
919 642 1086 684 Episcopus
1097 653 1222 684 promo-

220 697 270 719 tus
283 687 315 719 in
326 687 533 720 Cardinalem
546 695 611 717 non
623 688 729 725 perdat
743 685 806 725 ipso
818 688 884 729 jure
896 686 1113 727 Episcopatum
1124 709 1133 722 ,
1155 685 1220 717 imo

219 731 356 763 retineat
378 731 469 762 illum
488 730 639 764 titulum,
660 729 738 760 sicut
755 729 858 768 prius,
883 728 940 761 nisi
962 728 1041 769 Papa
1062 730 1153 761 aliter
1175 729 1221 760 di-

219 774 352 814 sponat;
375 773 458 806 &sic
471 772 600 805 testatur
622 770 777 803 servatum
800 771 887 803 fuilse
910 772 942 803 in
954 772 1120 804 Cardinali
1143 773 1220 804 San-

218 817 274 849 ete
283 817 398 849 Crucis
409 818 513 856 quoad
536 815 754 856 Episcopatum
766 815 998 846 Bononiensem
1011 837 1020 851 ,
1042 817 1075 847 &
1094 816 1128 848 in
1139 815 1219 847 Car-

217 861 321 892 dinali
341 859 450 894 SanCti
471 859 620 891 Marcelli
651 860 755 898 quoad
790 857 1010 898 Episcopatum
1030 858 1198 891 Senensem
1211 882 1218 890 .

153 914 191 936 22
214 904 253 936 Et
265 906 324 936 hoc
336 904 411 944 quia
423 904 562 943 plerique
585 902 831 937 consuluerunt,
852 912 877 932 c.
890 903 939 933 De
949 902 1047 934 multa
1058 924 1068 938 ‚
1089 902 1125 933 de
1134 901 1218 942 praeb.

217 958 284 986 non
296 948 407 978 habere
428 948 534 977 locum
555 946 586 976 in
609 944 845 984 Episcopatibus
856 966 865 982 ‚
884 943 1145 977 Cardinalatibus
1156 968 1165 983 ,
1186 946 1219 977 δε

220 990 372 1022 similibus
393 1013 400 1020 .
431 988 529 1029 Qiod
560 998 666 1019 tamen
687 987 859 1018 secundum
879 998 951 1019 eum
974 989 1027 1019 etsi
1053 999 1162 1021 verum
1183 988 1219 1020 sit

220 1036 324 1074 quoad
338 1033 432 1064 verba
443 1031 518 1073 juris
530 1052 540 1067 ,
556 1040 663 1061 tamen
683 1032 787 1071 quoad
798 1040 938 1062 mentem
950 1030 1035 1063 secus
1047 1032 1219 1064 dicendum

218 1076 280 1112 est,
300 1075 376 1116 quia
394 1073 498 1115 potius
516 1074 609 1106 debet
629 1081 739 1105 vacare
760 1074 825 1114 ipso
849 1072 932 1105 facto
952 1085 1032 1106 unus
1053 1075 1218 1116 Episcopa-

217 1128 267 1149 tus
278 1129 330 1159 per
342 1117 545 1158 adeptionem
556 1117 685 1149 alterius
697 1139 706 1152 ‚
730 1117 776 1148 vel
797 1116 1040 1155 Cardinalatus,
1059 1119 1153 1161 quam
1164 1129 1218 1150 va—

215 1171 268 1192 cet
282 1171 361 1192 unus
383 1160 673 1192 Archidiaconatus
690 1171 743 1201 pei·
763 1161 967 1201 adeptionem
978 1161 1220 1203 alteriusdigni-

215 1214 291 1237 tatis
308 1212 469 1237 interioris
480 1227 487 1235 .

261 1249 355 1280 Hanc
371 1247 463 1288 ipsam
475 1246 662 1287 opinionem
674 1256 759 1278 tenet
774 1246 855 1278 idem
871 1247 950 1282 Abb.
963 1247 997 1280 in
1008 1248 1218 1290 capAEcclesta

215 1291 317 1333 vestra
327 1314 337 1328 ‚
349 1292 373 1323 il
386 1303 413 1322 2.
425 1302 505 1322 mim.
520 1301 546 1331 3.
555 1290 639 1332 infra
650 1290 686 1322 de
696 1291 779 1322 eleffl.
794 1291 890 1324 Felin.
901 1294 933 1322 in
943 1301 1015 1332 cap.
1026 1291 1117 1336 Quod
1129 1291 1219 1332 super

215 1336 264 1368 his
278 1335 315 1366 a'e
327 1333 395 1378 fide
405 1334 590 1375 insti-umam.
603 1334 733 1364 Comez.
748 1336 781 1364 in
788 1343 909 1374 prorem.
921 1337 1023 1373 Regul.
1036 1336 1173 1368 Cancell.
1185 1336 1219 1366 in

215 1379 323 1422 versic.
334 1380 389 1410 Ex
402 1389 453 1415 quo
463 1375 595 1418 refertur
605 1399 614 1412 ‚
626 1376 662 1409 Cf
673 1380 706 1407 in
714 1388 774 1415 reg.
786 1376 822 1408 αἰ»
832 1380 996 1418 impetran.
1007 1377 1214 1417 benef-vacari.

215 1432 268 1464 per
278 1419 744 1464 obinfizmiliair.Ciirdi7ml.q.12
751 1443 758 1452 .
772 1420 1021 1453 l³et1·.1)uenn.in
1033 1433 1098 1454 ver.
1105 1420 1219 1464 Benefi-

215 1468 307 1502 cium,
321 1466 411 1505 regul.
426 1474 477 1503 71.
488 1465 521 1496 &
534 1464 700 1495 Doininic.
714 1463 780 1495 Sor.
793 1464 823 1494 in
837 1465 1198 1504 particulariquaestione
1209 1487 1218 1501 ‚

215 1519 311 1550 quam
331 1507 408 1540 fecit
429 1510 467 1540 de
479 1507 659 1548 pluralitate
682 1507 908 1540 beneficiorum
920 1530 930 1544 ,
949 1508 1003 1539 ubi
1016 1508 1147 1541 affirmat
1159 1508 1218 1540 else

216 1554 319 1594 legem
332 1551 596 1593 prohibitoriam,
620 1561 658 1582 ne
679 1551 865 1582 cardinales
876 1552 934 1592 qui
948 1551 1058 1583 Roma:
1070 1552 1218 1588 resident,

215 1594 361 1636 Episcopi
372 1595 461 1630 fiant,
472 1604 564 1634 prout
580 1595 668 1625 illum
682 1593 776 1624 refert
787 1593 1077 1636 AlplionfiHojeda,
1088 1596 1142 1636 qui
1155 1596 1219 1635 plu-

212 1640 300 1671 ribus
310 1640 453 1671 eamdem
464 1638 651 1678 opinionem
664 1647 771 1668 tuetur
782 1636 815 1668 in
828 1639 919 1670 trabi.
932 1638 968 1670 de
977 1636 1096 1682 benefic.
1108 1641 1219 1671 incom-

214 1681 435 1725 patib.p.1.c.2.
448 1681 563 1721 quibus
575 1683 656 1712 addo
667 1680 763 1712 Card.
780 1679 974 1723 Cajetanum
985 1685 1217 1721 2.2.q.185.art.

214 1735 242 1766 5.
265 1726 319 1758 ubi
342 1724 530 1757 notabiliter
550 1724 594 1756 ait
605 1735 616 1753 .·
638 1722 821 1756 Secundum
840 1724 1020 1758 doeh-inam
1043 1726 1121 1769 jutis
1133 1736 1219 1758 com-

215 1769 323 1802 munis
336 1768 445 1800 falsum
457 1767 621 1799 assumitur
631 1789 640 1803 ,
660 1765 746 1808 quod
770 1766 952 1799 Cardinalis
972 1770 1010 1800 de
1032 1771 1100 1814 jure
1120 1768 1218 1809 potest

215 1813 274 1845 csse
286 1812 454 1853 Episcopus
466 1810 693 1852 cujuscumque
706 1810 850 1842 Ecclesia:
863 1821 1160 1853 quantumcumque
1171 1823 1216 1842 re-

214 1867 310 1888 motae
321 1879 329 1887 .
349 1854 519 1897 Qioniam
530 1865 562 1886 ιιι
578 1854 609 1885 in
621 1854 707 1886 ‹ii-eta
717 1855 870 1886 decretali
882 1865 968 1896 patet
991 1856 1002 1896 (
1026 1856 1169 1896 loquitur
1181 1859 1218 1886 de

215 1900 274 1932 hac
286 1898 440 1933 decretali
459 1898 469 1933 )
490 1908 615 1938 propter
628 1897 911 1938 impossibilitatem
926 1898 1079 1930 residendi
1093 1899 1219 1930 inutra-

213 1954 276 1984 que
287 1942 427 1974 Eccleiia
437 1964 446 1977 ,
461 1940 608 1972 Romana
621 1940 754 1976 scilicet,
768 1943 801 1972 &
815 1941 1014 1975 Ravennenfi
1025 1965 1036 1978 ,
1055 1942 1218 1983 praefertur

215 1986 340 2018 utilitas
355 1984 536 2016 universalis
550 1984 693 2016 Ecclesiae
705 2007 713 2021 ‚
725 1995 759 2015 ut
770 1984 954 2017 Cardinalis
964 1985 1091 2026 praesens
1105 1985 1140 2020 sit
1151 1985 1218 2016 Ro-

216 2040 273 2066 mx
289 2052 299 2065 ,
320 2031 352 2060 &
363 2039 429 2061 non
440 2027 621 2059 admittitur
632 2028 801 2068 postulatio
812 2028 903 2069 ipsius
916 2032 952 2061 ad
964 2029 1219 2070 Archiepiscopa-

219 2082 288 2106 tum
298 2072 441 2104 Ecclesiae
455 2071 653 2102 Ravennatis
666 2095 673 2104 .
684 2071 721 2104 Et
731 2071 808 2111 quia
821 2081 924 2104 textus
937 2073 1040 2105 clarus
1053 2073 1117 2109 est,
1128 2075 1159 2103 ἃ
1172 2082 1219 2103 ra-

216 2116 301 2148 tioni
315 2115 464 2147 innititur
476 2115 584 2146 sansta-
597 2126 607 2149 ,-
619 2114 691 2146 ideo
702 2115 874 2147 dicendum
885 2116 1010 2147 videtur
1020 2138 1029 2151 ‚
1041 2115 1125 2156 quod
1139 2115 1218 2147 Car-

217 2160 392 2192 dinalatus,
402 2160 435 2190 &
448 2158 648 2198 Episcopatus
661 2158 719 2189 sint
731 2160 768 2189 de
780 2169 913 2190 numero
926 2159 1217 2199 incompatibilium

151 2212 193 2246 23
216 2204 349 2243 dejure,
372 2211 406 2233 ut
420 2201 663 2233 Pauor-mirantis
674 2201 771 2233 etiam
784 2202 826 2232 ibi
840 2201 932 2233 sentit
944 2225 953 2237 ,
965 2196 1120 2242 qiiiilquid
1134 2202 1169 2233 fit
1180 2204 1218 2232 de

217 2245 446 2280 consuetudine
460 2255 471 2280 ‚·
494 2244 512 2275 si
529 2254 634 2276 tamen
647 2245 844 2277 consuetudo
854 2267 863 2281 ,
876 2247 907 2277 &
917 2256 983 2277 non
994 2244 1100 2285 potius
1112 2244 1219 2277 abusio

218 2290 402 2332 appellanda
417 2288 478 2321 est.
499 2288 575 2319 Haec
596 2287 770 2329 Caietanus
782 2311 790 2319 .

259 2332 410 2373 Qiorum
433 2330 580 2372 opinioni
611 2331 700 2362 valde
731 2331 917 2371 suffragatur
950 2332 1040 2370 stylus
1062 2331 1218 2364 Romanae

216 2376 324 2410 Curiae
336 2398 343 2407 .
367 2374 454 2406 Nam
465 2374 652 2410 cardinali,
664 2370 765 2415 quiin
779 2374 869 2406 Urbe
880 2375 1011 2407 residere
1022 2376 1126 2410 debet,
1139 2374 1219 2415 Papa

215 2430 283 2452 non
295 2418 460 2451 consuevit
481 2418 701 2458 Episcopatum
720 2417 866 2449 conferre
885 2418 918 2450 in
939 2419 1090 2453 titulum,
1113 2419 1161 2449 sed
1185 2418 1218 2449 in

217 2464 441 2495 commendam
453 2483 462 2497 ‚
475 2460 511 2492 ut
520 2471 556 2492 ex
573 2461 657 2492 illius
669 2460 822 2493 fruetibus
832 2464 981 2494 decenter
993 2460 1154 2493 sustentari
1166 2472 1218 2492 va-

218 2507 281 2540 leat
292 2529 299 2537 .
321 2506 395 2537 Hoc
407 2515 512 2537 autem
527 2504 863 2544 incompatibilitatein
875 2505 979 2546 arguit
993 2526 1002 2540 ‚
1024 2515 1058 2536 ut
1079 2505 1112 2536 in
1124 2506 1220 2536 c.Du-

218 2551 287 2582 dum
299 2572 309 2585 ,
332 2549 357 2580 il
369 2547 479 2588 πων-β
491 2546 572 2580 Cicm
581 2549 680 2580 nullm
691 2571 700 2584 ,
721 2546 807 2588 infra
818 2549 901 2580 titul.
904 2550 1044 2589 proximo
1055 2571 1062 2579 .
1084 2547 1135 2582 De
1154 2558 1219 2590 quo

220 2593 297 2634 stylo
309 2592 461 2624 testantur
474 2591 568 2623 Sotus
580 2613 589 2628 ‚
609 2593 642 2623 ὃς
662 2592 787 2636 Hojeda
809 2591 889 2622 locis
900 2591 1008 2624 citatis
1020 2615 1028 2623 .
1050 2591 1090 2624 Et
1111 2601 1219 2632 quam-

218 2636 266 2667 vis
279 2647 343 2667 non
352 2635 452 2667 desint
464 2657 474 2671 ‚
493 2635 549 2675 qui
561 2645 677 2674 negent
687 2635 867 2677 hujusmodi
879 2635 1219 2675 incompatibilitatem

220 2678 447 2711 Cardinalatus
465 2688 540 2709 cum
561 2678 769 2719 Episcopatu,
799 2680 832 2710 ὃς
857 2678 935 2710 Abb.
957 2677 1008 2710 liic
1032 2677 1162 2710 affirmet
1185 2678 1219 2710 in

220 2720 295 2753 faeti
315 2722 539 2762 contingentia
559 2721 586 2752 se
610 2721 716 2753 vidisse
738 2723 914 2754 multorum
935 2721 1067 2754 consilia
1086 2732 1141 2763 pro
1161 2722 1218 2752 hac

222 2764 395 2801 sententia,
425 2775 556 2805 eamque
576 2775 712 2796 conetur
730 2764 898 2797 defendere
918 2765 1019 2798 Andr.
1038 2765 1161 2797 Barbat.
1184 2764 1218 2796 in

222 2806 349 2838 meme
360 2807 492 2849 praestan.
505 2807 668 2840 Cardtnal.
681 2810 714 2840 in
728 2818 753 2839 1.
765 2817 847 2849 part.
859 2808 951 2847 quaest.
969 2819 1016 2840 12.
1036 2809 1103 2850 ejus
1113 2818 1219 2840 tamen

223 2850 428 2883 fundamenta
448 2851 573 2884 infirma
592 2851 663 2883 sunt
683 2873 693 2888 ,
723 2852 827 2892 eisque
844 2851 1032 2883 sufficienter
1055 2853 1219 2892 respondet

160 2905 205 2935 24
226 2893 352 2934 Hojeda
364 2893 396 2924 in
409 2893 437 2927 d.
450 2906 473 2925 c.
487 2907 515 2926 2.
526 2906 605 2927 num.
621 2905 667 2927 10.
682 2895 779 2926 Addit
790 2895 914 2939 Hojeda
926 2906 981 2936 pro
990 2895 1049 2927 hac
1060 2894 1220 2927 sententia

224 2937 283 2969 esse
296 2946 417 2967 textum
426 2939 595 2977 expressum
607 2937 754 2970 Concilii
766 2937 950 2970 Tridentini
963 2938 996 2970 in
1007 2950 1031 2970 c.
1048 2936 1216 2979 17.seff.24.

225 2979 279 3013 ubi
300 2978 386 3011 clare
407 2980 487 3011 dicit
508 2982 631 3020 probari
651 2980 859 3015 Cardinaleni
880 2981 1217 3021 comprehendiinhac

228 3022 444 3063 prohibitione
457 3045 466 3059 >
488 3033 523 3054 ut
541 3035 604 3056 non
626 3025 717 3065 possit
735 3024 1135 3060 obtinereCardinalatum
1145 3035 1219 3056 cum

225 3065 432 3108 Episcopatu.

266 3110 324 3140 Sed
341 3108 426 3140 cette
440 3107 564 3146 Hoieda
577 3109 608 3141 in
620 3112 678 3141 hoc
689 3113 868 3153 decipitur,
888 3110 1067 3153 quialonge
1079 3111 1217 3143 diversus

223 3153 264 3184 est
275 3152 376 3184 sensus
388 3152 472 3183 illius
483 3153 619 3183 decreti.
643 3153 725 3185 Nain
737 3157 780 3187 ibi
791 3155 890 3187 solum
903 3156 1058 3191 statuitur,
1069 3164 1103 3187 ut
1117 3164 1217 3186 unum

224 3195 415 3227 beneficium
437 3194 565 3234 singulis
585 3195 786 3241 conferatur,
815 3201 862 3232 vel
885 3202 921 3230 ad
945 3198 1100 3230 summum
1121 3199 1185 3229 duo
1205 3219 1215 3233 ‚

223 3239 243 3269 si
255 3239 390 3279 primum
403 3238 438 3270 sit
455 3237 645 3270 insufficiens
657 3261 666 3275 ‚
688 3243 720 3271 ὃς
740 3242 914 3277 dummodo
934 3252 1102 3282 utrumque
1114 3240 1216 3281 perso*

221 3283 326 3313 nalem
338 3281 537 3313 residentiam
550 3292 614 3312 non
633 3284 772 3322 requirat
788 3295 797 3319 ,·
820 3286 964 3326 idemque
977 3283 1215 3327 jubeturobser-

222 3325 289 3355 vari
308 3324 406 3356 etiam
427 3325 460 3356 in
481 3324 509 3355 S.
523 3323 608 3355 ΚΕ.
626 3323 872 3364 cardinalibus,
895 3328 939 3360 ibi
961 3341 968 3359 ι
993 3327 1083 3371 Qod
1099 3329 1132 3358 in
1155 3328 1217 3364 qui-

223 3365 393 3407 buscumque
409 3368 540 3407 personis
559 3390 569 3404 ‚
598 3369 660 3400 ὅτε,
690 3368 786 3399 Unde
799 3371 960 3403 decretum
978 3372 1053 3403 illud
1076 3380 1144 3402 non
1162 3371 1217 3401 ob-

223 3410 292 3446 stat,
301 3411 473 3450 quominus
485 3411 667 3444 Cardinalis
683 3411 771 3451 poslit
781 3413 926 3446 obtinere
938 3425 1034 3447 unam
1043 3412 1214 3446 Ecclesiam

222 3453 320 3485 etiam
333 3451 553 3487 &them-alem
566 3477 575 3491 ,
593 3454 669 3496 quia
689 3455 724 3487 in
744 3465 878 3487 numero
890 3457 1119 3491 beneficiorum
1127 3455 1216 3491 Con·-

639 41 806 110 Prosp.
819 41 1041 109 Fagnan.
1062 39 1354 96 inPrimum
1372 37 1581 95 Librum
1595 38 1858 115 Demetai.

1260 124 1371 155 cilium
1385 124 1427 154 mi
1441 134 1504 154 nou
1515 132 1678 162 computat
1689 123 1880 162 dignitatem
1901 123 1994 163 ipsam
2005 125 2252 165 Catilinalat1133

1261 166 1404 205 alioquin
1419 165 1437 196 si
1453 167 1770 205 illamcomputaret,
1788 164 2052 201 ,Cardinalisntin
2065 171 2160 209 posset
2168 172 2253 204 obst-

1260 219 1333 241 τισι-ε
1343 210 1407 240 duo
1419 207 1574 241 beneficia
1583 206 1735 249 simplicia
1753 208 1852 241 etiam
1871 209 2051 244 tenuimma
2060 234 2070 249 ,
2091 215 2168 254 quia
2178 215 2252 248 esset

1262 252 1371 292 triplex
1386 253 1436 288 3&
1447 252 1486 284 sic
1498 250 1680 284 Cardinalis
1690 251 1763 284 esset
1773 251 1940 284 deterioris
1951 253 2148 289 con'ditionis
2159 262 2255 299 quam

1260 296 1315 327 alii
1331 294 1439 326 clerici
1452 317 1462 331 ,
1482 295 1537 336 qui
1551 305 1616 326 non
1632 295 1839 336 prohibentur
1855 295 2001 328 obtinere
2022 297 2190 334 secundum
2203 303 2253 334 be-

1259 338 1411 370 neficium
1422 358 1434 376 ,
1456 338 1475 369 si
1488 338 1623 379 primurn
1644 338 1679 370 sit
1697 337 1890 372 insufficiens
1903 361 1911 369 .

1304 380 1458 413 Praeterea
1467 381 1527 412 hoc
1540 379 1637 422 ipsum
1647 381 1719 413 satis
1732 381 1815 413 clare
1827 381 1993 422 colligitur
2004 392 2041 414 ex
2051 385 2114 415 eod.
2125 395 2150 417 c.
2164 395 2210 424 17.
2221 388 2257 419 in

1261 426 1288 461 §.
1301 426 1349 456 Hi
1359 424 1430 457 verb
1439 446 1449 461 ‚
1470 424 1525 456 ubi
1545 424 1603 464 qui
1622 434 1696 456 ante
1717 423 1904 456 Concilium
1923 425 2135 459 obtinuerunt
2154 429 2256 468 plures

1258 466 1476 504 Cathedrales,
1488 476 1638 499 tenentur
1650 478 1745 499 unam
1757 468 1922 500 dimittere
1931 492 1938 501 .
1964 468 2047 509 Ergo
2058 469 2078 500 si
2088 472 2252 504 decretum

1260 510 1336 544 illud
1346 510 1462 543 servari
1480 511 1573 543 debet
1594 511 1627 542 in
1646 510 1870 543 Cardinalibus
1881 534 1890 549 ‚
1911 522 1945 543 ut
1958 512 2054 544 initio
2064 513 2255 555 praecipitur,

1258 553 1422 586 manifeste
1432 554 1571 595 sequitur
1581 576 1592 590 ,
1612 562 1646 585 ut
1660 554 1679 585 si
1691 553 1762 594 quis
1773 553 1956 587 Cardinalis
1967 565 2006 586 eo
2017 565 2156 596 tempore
2167 557 2251 589 obti-

1257 607 1347 630 neret
1359 599 1460 638 plures
1471 596 1689 632 Catliedrale‘s‚
1700 597 1796 638 posset
1808 597 1879 630 aliis
1889 598 2022 630 dimissis
2033 610 2129 631 unam
2141 601 2255 632 retine-

1259 651 1290 672 re
1302 651 1314 677 ‚·
1334 642 1367 673 δε
1379 641 1424 673 ita
1433 639 1624 672 Concilium
1633 650 1698 671 non
1709 639 1819 672 habuit
1830 640 2050 683 Episcopatum
2057 652 2115 684 pro
2125 642 2252 675 incom-

1257 684 1383 725 patibili
1395 694 1469 715 cum
1493 683 1704 716 Cardinalatu
1718 706 1725 713 .

1301 726 1340 759 Et
1351 727 1562 759 confirmatur
1573 728 1779 767 ponderando
1790 736 1857 768 cap.
1865 737 1876 759 1
1884 726 1976 768 seffiz
1984 728 2068 768 3.ubi
2080 729 2112 761 in
2123 731 2254 762 decreto

1257 771 1296 803 de
1308 769 1461 810 personali
1473 769 1640 802 residentia
1650 769 1792 810 Episcopi
1812 769 1846 801 in
1866 770 1993 801 dioecesi
2005 771 2034 802 S.
2048 772 2191 814 Synodus
2201 774 2256 804 de-

1257 814 1356 845 clarat
1368 813 1589 853 comprehendi
1603 812 1702 845 etiam
1722 810 1832 844 §.Re
1853 811 2041 845 Cardinales
2052 837 2061 851 ,
2081 817 2115 847 &
2126 816 2171 848 ita
2188 825 2256 848 non

1256 856 1388 889 obscure
1411 856 1553 888 admittit
1563 855 1752 893 Cardiuales
1772 856 1853 895 poll'e
1864 856 2010 888 obtinere
2021 856 2254 899 Episcopatuim

1258 900 1402 940 alioquin
1414 910 1479 931 non
1490 899 1654 939 obligasset
1665 909 1717 930 eos
1730 899 1767 929 ad
1787 898 1991 939 personaliter
2010 899 2206 933 residendum
2219 902 2256 934 in

1256 943 1461 984 Episcopatu,
1472 942 1520 974 sed
1531 941 1637 982 potius
1648 941 1855 974 adstrinxisset
1867 944 1903 973 ad
1917 941 2135 984 Episcopatum
2145 944 2255 977 dimit-

1257 989 1399 1023 tendum,
1411 996 1445 1018 ιιι
1458 984 1535 1018 fecit
1547 987 1585 1017 de
1597 986 1737 1026 pluribus
1748 984 1991 1019 Cathedralibus
2002 985 2101 1029 ἅψαι).
2117 996 2164 1026 17.
2176 987 2256 1020 &in

1255 1032 1385 1062 decreto
1405 1027 1546 1070 proxime
1569 1029 1717 1062 citando.

1298 1072 1438 1105 Demum
1450 1072 1638 1114 apertissime
1650 1071 1819 1104 deducitur
1831 1082 1919 1105 mens
1929 1072 2075 1105 Concilii
2087 1084 2124 1107 ex
2146 1083 2213 1115 cap.
2231 1085 2261 1107 2.

1248 1116 1349 1158 seffl7.
1360 1117 1417 1148 ubi
1429 1116 1575 1148 statuitur
1584 1138 1594 1152 ‚
1616 1125 1651 1146 ut
1662 1126 1756 1147 nemo
1765 1126 1963 1158 quacumque
1974 1117 2072 1149 etiam
2082 1117 2255 1158 dignitate,

1255 1162 1374 1200 gradu,
1396 1170 1449 1192 aut
1459 1159 1696 1201 ptaeeminentia
1719 1158 1899 1199 prefulgeat
1908 1181 1918 1196 ‚
1938 1161 2040 1200 plures
2060 1162 2255 1193 cathedrales

1256 1203 1409 1237 Ecclesias
1421 1203 1454 1235 in
1466 1203 1616 1239 titulum,
1637 1202 1687 1233 seu
1706 1204 1931 1234 commendam
1942 1204 2100 1244 recipere,
2120 1204 2254 1237 &fimul

1255 1247 1392 1278 retinere
1403 1247 1563 1287 praesumat
1577 1258 1587 1277 :
1599 1247 1631 1278 &
1642 1245 1800 1280 rationem
1811 1245 1937 1288 subjicit
1950 1257 1958 1283 3
1978 1246 2063 1279 Ci‘im
2074 1248 2164 1279 valde
2178 1247 2254 1280 felix

1255 1290 1290 1322 sit
1303 1290 1355 1321 ille
1366 1290 1537 1323 censendus
1547 1311 1558 1326 ,
1576 1289 1630 1320 cui
1642 1299 1737 1321 unam
1751 1289 1920 1321 Ecclesiam
1933 1290 2011 1321 bene
2024 1313 2034 1326 ‚
2044 1302 2080 1322 ac
2092 1289 2252 1322 frudiuose

1255 1343 1362 1373 regere
1373 1332 1566 1373 contigerit.
1588 1331 1660 1374 Qii
1673 1342 1778 1364 autern
1798 1334 1900 1373 plures
1916 1333 2070 1365 Ecclessas
2083 1343 2160 1365 tunc
2171 1333 2253 1365 deti-

1255 1379 1372 1416 nebant
1381 1398 1391 1413 ,
1411 1386 1475 1409 una
1485 1385 1581 1416 quain
1592 1377 1723 1408 mallent
1734 1386 1859 1409 retenta
1867 1398 1878 1414 ,
1889 1377 2024 1417 reliquas
2036 1375 2120 1408 infra
2129 1386 2254 1409 certum

1255 1430 1375 1460 tempus
1387 1419 1553 1451 dimitrere
1564 1428 1771 1455 tenetentum
1784 1419 1930 1460 alioquin
1943 1420 2086 1452 Ecclesice
2099 1419 2166 1460 ipsae
2176 1442 2186 1456 ‚
2205 1420 2254 1451 ul-

1255 1463 1337 1495 timo
1347 1464 1480 1494 obtenta
1489 1464 1653 1494 dumtaxat
1665 1473 1794 1503 excepta
1805 1485 1815 1500 ,
1834 1474 1873 1495 eo
1893 1463 1957 1504 ipso
1971 1473 2081 1494 vacare
2091 1463 2255 1497 censeren-

1255 1516 1307 1538 tur
1317 1529 1325 1537 .
1346 1505 1478 1537 Constat
1500 1505 1586 1537 enim
1608 1506 1667 1536 hoc
1687 1507 1851 1538 decretum
1871 1507 2136 1546 comprehendere
2155 1506 2253 1538 etiam

1254 1549 1329 1581 §.R
1337 1550 1370 1581 E.
1382 1548 1479 1581 Card.
1501 1558 1570 1580 tum
1590 1551 1794 1590 ponderando
1813 1550 1971 1581 rationem
1994 1549 2038 1581 ibi
2057 1549 2227 1591 expressam
2245 1572 2256 1586 ,

1254 1596 1336 1626 Cum
1345 1591 1528 1633 valdefelix
1539 1614 1549 1628 ,
1559 1593 1622 1625 διε.
1635 1602 1701 1623 tum
1713 1593 1788 1633 quia
1799 1593 1899 1624 dictio
1909 1593 1998 1625 illam
2008 1592 2192 1625 universalis
2203 1603 2257 1625 ne-

1254 1635 1373 1677 gativa,
1385 1637 1498 1671 Nemo,
1509 1635 1606 1667 etiam
1617 1635 1804 1667 Cardinales
1816 1635 1964 1672 includit,
1976 1646 2010 1667 ur
2022 1646 2114 1669 notat
2125 1636 2255 1669 Archid.

1254 1680 1483 1721 joan.Andr.&
1493 1679 1659 1710 Gemin.in
1669 1690 1694 1712 c.
1708 1680 1809 1710 Nemo
1819 1701 1829 1715 ,
1840 1677 1876 1710 de
1887 1680 1968 1711 eleH.
1980 1678 2033 1711 lib.
2046 1685 2076 1712 6.
2086 1679 2255 1722 praesettim

1255 1724 1353 1756 stante
1364 1722 1562 1763 subsequenti
1585 1722 1723 1754 clausula
1732 1745 1742 1758 ‚
1768 1724 1959 1767 Quacumque
1977 1726 2072 1754 etiam
2090 1722 2255 1762 dignitate,

1251 1766 1362 1807 gradu,
1372 1776 1426 1798 aut
1435 1767 1656 1807 praeeminentia
1668 1765 1787 1806 praefi-slg
1793 1777 1843 1796 ens
1853 1787 1863 1801 ‚
1875 1766 1972 1797 Felin.
1987 1768 2019 1797 in
2030 1765 2136 1799 c.Ci4m
2147 1767 2254 1804 injure

2275 1506 2316 1540 2'6

1254 1814 1381 1852 peritus,
1391 1809 1427 1842 de
1438 1807 1608 1850 effic-deleg.
1620 1808 1657 1841 &⁴
1667 1812 1699 1842 i'n
1709 1810 1827 1840 rutundo
1838 1808 1986 1847 majam&
1995 1808 2075 1841 obed.
2087 1812 2120 1841 ὃς
2130 1810 2255 1848 Gomez
2283 1806 2287 1811 ’

1254 1857 1287 1886 in
1297 1856 1395 1893 reg.dc
1406 1854 1514 1884 Valere
1525 1874 1534 1888 ‚
1546 1862 1573 1890 q.
1583 1863 1607 1884 1.
1620 1864 1649 1883 n.
1664 1861 1690 1890 5.
1699 1851 1784 1883 Tum
1794 1853 1931 1893 denique
1943 1852 2020 1893 quia
2031 1853 2063 1884 in
2073 1852 2119 1884 his
2129 1863 2197 1894 quae
2209 1863 2255 1884 re-

1255 1898 1392 1938 spiciunt
1413 1897 1654 1930 incommodum
1663 1919 1672 1931 ,
1693 1897 1724 1927 &
1747 1893 1924 1936 periculum
1947 1895 2125 1930 animarum
2137 1918 2147 1933 ‚
2167 1906 2201 1928 ut
2213 1895 2256 1928 est

1256 1941 1399 1973 retentio
1410 1939 1546 1980 plurium
1558 1939 1801 1979 Episcopatuum
1812 1960 1823 1975 ,
1847 1938 1881 1970 in
1900 1938 2104 1978 dispositione
2113 1938 2256 1979 generali

1257 1985 1465 2017 includuntur
1476 1982 1572 2016 etiam
1584 1982 1771 2014 Cardinales
1783 2003 1791 2017 ,
1802 1991 1838 2014 ut
1850 1991 1941 2013 notat
1952 1981 2050 2022 glossa
2060 2005 2070 2019 ‚
2089 1983 2122 2014 δε
2133 1981 2208 2013 DD.
2220 1983 2256 2015 in

1254 2040 1278 2060 c.
1292 2030 1404 2061 Sciant
1412 2026 1510 2058 cunila·
1522 2048 1532 2062 ,
1549 2025 1586 2056 de
1594 2023 1765 2058 etefflibh.
1777 2025 1938 2057 Belenzin.
1949 2024 2013 2065 post
2027 2025 2211 2058 Romanuin
2221 2027 2256 2058 δε

1255 2071 1333 2103 alios
1343 2081 1422 2112 quos
1433 2070 1514 2101 citat
1526 2069 1559 2100 in
1570 2067 1703 2100 trafffide
1712 2067 2042 2113 charitativosubfidio
2050 2092 2060 2106 ,
2070 2079 2097 2107 ί]-
2109 2073 2139 2103 6.
2149 2070 2181 2101 &
2189 2069 2257 2101 Go-

1255 2114 1372 2146 iuez.in
1384 2112 1517 2152 regulae
1525 2111 1635 2153 public.
1645 2112 1789 2155 restgn.zt.
1800 2122 1827 2150 q.
1846 2122 1893 2144 12.
1903 2124 1932 2144 n.
1947 2122 1975 2154 3.
1987 2112 2027 2144 Et
2037 2114 2119 2145 lianc
2131 2113 2256 2144 senten-

1255 2159 1333 2190 tiam
1344 2156 1420 2189 :ilias
1431 2155 1577 2196 probavit
1588 2156 1617 2187 S.
1629 2155 1851 2196 Congregatio
1864 2155 2018 2187 Concilii.
2031 2156 2117 2188 Nam
2129 2156 2256 2187 consul-

1255 2212 1303 2236 ta,
1324 2212 1364 2232 an
1375 2199 1563 2233 Cardinales
1575 2199 1884 2237 comprehendantur
1905 2199 1938 2230 iri
1956 2201 2087 2230 decreto
2107 2198 2181 2230 diff.
2192 2210 2216 2230 c.
2230 2210 2259 2231 2.

1247 2243 1317 2285 seff.
1329 2253 1358 2281 7.
1370 2243 1409 2275 eo
1419 2241 1503 2284 quod
1517 2240 1743 2281 comprehendi
1756 2251 1822 2272 non
1831 2241 1980 2273 dicantur
1989 2264 1999 2278 ,
2008 2242 2066 2274 nisi
2077 2252 2188 2274 eorum
2200 2242 2254 2274 fiat

1254 2288 1378 2319 mentio
1391 2309 1400 2323 ,
1417 2288 1451 2318 &
1461 2284 1615 2326 praecipue
1629 2284 1661 2315 in
1672 2284 1806 2316 odiofis:
1829 2284 1985 2325 respondit
2007 2286 2254 2326 comprehendi,

1255 2342 1329 2363 cum
1341 2330 1431 2361 simus
1445 2329 1478 2361 in
1490 2329 1556 2368 lege
1568 2326 1761 2359 correctoria.
1772 2349 1780 2363 ‚
1801 2330 1833 2362 o'c
1846 2328 1878 2361 in
1889 2328 2023 2360 materia
2033 2328 2157 2369 peccati
2169 2340 2176 2360 ;
2190 2340 2254 2361 ma-

1254 2375 1358 2407 ximus
1369 2373 1456 2405 enim
1468 2371 1574 2412 inquit
1584 2393 1593 2407 ,
1616 2370 1725 2402 abusus
1736 2370 1776 2402 est
1788 2393 1797 2407 ,
1809 2381 1842 2402 ut
1854 2371 1909 2412 qui
1922 2371 1972 2402 vix
1985 2371 2143 2403 fructuose*
2157 2382 2255 2405 unam

1256 2417 1428 2449 Ecclesiam
1446 2425 1553 2455 regere
1574 2414 1687 2455 poffir,
1707 2415 1839 2446 alteram
1860 2414 2002 2455 accipere
2022 2417 2156 2452 audeat,
2177 2426 2252 2449 cuin

1255 2459 1512 2501 unusquisquein
1533 2457 1585 2490 sua
1607 2457 1745 2489 Ecclesia
1765 2457 1897 2489 residere
1914 2468 2067 2498 pm'cepto
2086 2459 2253 2491 divino‘te-

1256 2513 1383 2539 nentur,
1405 2500 1510 2543 utfiff.
1522 2511 1572 2542 23.
1584 2512 1608 2533 c.
1625 2511 1649 2532 1.
1661 2502 1693 2532 δε
1704 2500 1889 2533 Cardioalis
1900 2504 1935 2532 ad
1948 2501 2145 2533 residendum
2157 2501 2192 2533 sit
2203 2504 2254 2534 ad-

1257 2546 1376 2579 strictus
1387 2569 1394 2578 .
1417 2545 1451 2577 Si
1461 2545 1561 2587 igitur
1572 2544 1607 2576 in
1617 2555 1658 2576 eo
1667 2547 1798 2577 decreto
1815 2543 2005 2576 Cardinales
2024 2545 2232 2585 includuntur
2241 2567 2253 2582 ‚

1256 2589 1429 2622 necessario
1438 2589 1579 2630 sequitur
1588 2609 1598 2624 ,
1614 2597 1649 2619 ut
1660 2587 1775 2628 poffint
1787 2598 1883 2620 unam
1893 2587 2118 2622 Cathedralem
2127 2588 2255 2620 obtine-

1256 2645 1308 2670 re,
1328 2634 1362 2666 &
1373 2632 1509 2665 retinere
1520 2655 1531 2668 ,
1554 2630 1630 2663 licet
1641 2641 1707 2662 non
1728 2633 1830 2673 plures
1843 2654 1852 2662 .

1298 2676 1370 2709 Nec
1380 2686 1522 2717 unquam
1533 2675 1592 2706 hoc
1604 2675 1767 2707 revocavit
1788 2675 1824 2706 in
1841 2674 1975 2707 dubium
1993 2673 2089 2706 Sacra
2107 2673 2254 2716 Congre-

1255 2721 1365 2761 gatio,
1387 2719 1434 2751 sed
1456 2717 1681 2751 tantummodo
1703 2718 1862 2751 dubitavit
1882 2739 1895 2754 2
1922 2728 1962 2762 an
1982 2717 2094 2751 liceret
2112 2718 2250 2750 retinere

1256 2774 1349 2795 unam
1362 2763 1574 2795 cathedralem
1585 2762 1618 2793 in
1631 2762 1761 2794 titulum
1772 2784 1781 2798 ,
1801 2761 1938 2793 &aliam
1960 2760 1995 2792 in
2015 2763 2251 2799 commendam,

1256 2805 1330 2838 cum
1341 2818 1380 2840 eo
1391 2810 1521 2838 decreto
1530 2816 1596 2836 non
1608 2805 1752 2846 videatur
1763 2804 1973 2845 proliibitum3
2009 2802 2067 2836 nisi
2087 2804 2187 2844 plures
2198 2805 2253 2836 ha-

1256 2850 1371 2884 berein
1384 2849 1535 2886 titulum,
1561 2849 1607 2880 vel
1626 2849 1727 2888 plures
1748 2848 1782 2879 in
1799 2849 2041 2883 commendam,
2062 2848 2095 2879 ὃς
2117 2857 2184 2879 non
2204 2849 2255 2880 ab·

1255 2894 1380 2925 horreat
1392 2893 1429 2924 ab
1442 2891 1581 2933 antiquis
1592 2891 1684 2927 saeris
1697 2890 1873 2923 canonibus
1884 2900 1980 2921 unam
1999 2890 2032 2921 in
2044 2891 2175 2922 titulum
2185 2913 2194 2928 ,
2217 2893 2251 2924 ὃς

1256 2937 1351 2968 aliam
1363 2937 1396 2968 in
1407 2937 1630 2968 commendam
1640 2935 1786 2966 obtinere
1795 2955 1806 2970 ,
1827 2944 1860 2965 ut
1872 2942 1955 2974 patet
1976 2933 2009 2965 in
2027 2945 2054 2967 c,
2065 2935 2189 2967 Relatio
2200 2945 2248 2967 21.

1255 2980 1346 3020 quaest.
1363 2990 1388 3014 ι,
1399 2981 1432 3012 ὃ(
1452 2989 1487 3010 ex
1508 2978 1592 3011 Saer.
1603 2976 1876 3018 Congregationis
1892 2976 2049 3009 sententia
2066 2976 2187 3011 dietum
2207 2977 2250 3013 est

1256 3034 1322 3055 non
1335 3024 1428 3055 licere
1438 3045 1448 3059 ‚
1460 3031 1530 3054 turn
1538 3032 1574 3054 ex
1583 3029 1738 3052 contextu
1750 3020 1821 3052 elici.
1836 3030 1863 3053 c.
1875 3031 1903 3051 2.
1924 3028 1992 3051 tuin
2002 3030 2037 3052 ex
2048 3020 2095 3052 his
2105 3031 2173 3062 quae
2185 3031 2249 3053 tta-

1254 3069 1333 3098 dunt
1355 3065 1508 3097 Dostores
1528 3064 1561 3097 in
1583 3064 1691 3104 regula
1708 3065 1746 3094 de
1765 3062 1916 3095 triennali
1937 3063 2053 3104 possess.
2065 3063 2150 3096 Nam
2162 3074 2249 3096 com-

1255 3112 1369 3144 menda
1390 3112 1423 3140 in
1443 3107 1516 3140 diff.
1537 3117 1602 3148 cap.
1621 3107 1744 3140 Relatio
1768 3115 1834 3138 erat
1864 3107 2044 3146 temporalis
2063 3130 2072 3144 ,
2101 3109 2134 3139 ὃ(
2155 3107 2250 3139 ratio-

1255 3164 1327 3186 nem
1345 3152 1476 3193 depositi
1495 3152 1646 3186 habebat,
1667 3158 1732 3190 cap.
1755 3150 1873 3186 Nemo,
1902 3151 1935 3181 &
1955 3149 1998 3182 ibi
2018 3151 2106 3191 gloss.
2128 3150 2161 3182 in
2181 3149 2244 3182 rub.

1253 3194 1490 3231 Commendare,
1512 3193 1548 3227 dc
1557 3190 1699 3226 eleffllib.
1711 3197 1740 3223 6.
1761 3195 1793 3224 ἅ
1814 3191 2116 3226 Commendatarius
2127 3203 2191 3225 non
2202 3193 2246 3226 sa-

1253 3240 1359 3272 ciebat
1371 3238 1488 3270 fruetus
1498 3238 1566 3271 suos
1577 3259 1587 3273 ,
1608 3245 1641 3268 ut
1654 3234 1759 3277 aperte
1770 3236 1936 3276 colligitur
1946 3247 1982 3268 ex
1994 3236 2076 3279 epist.
2092 3247 2138 3278 13.
2148 3233 2202 3268 lib.
2218 3246 2243 3267 r.

1254 3285 1347 3315 Beati
1357 3283 1497 3322 Gregorii
1509 3295 1514 3312 :
1537 3279 1631 3312 hodie
1642 3278 1716 3310 vero
1726 3301 1735 3315 ,
1754 3277 1829 3311 cum
1840 3279 1876 3311 sit
1887 3289 2033 3321 perpetua
2041 3303 2050 3316 ,
2067 3277 2245 3311 &omnino

1254 3326 1365 3358 habeat
1377 3326 1536 3358 rationem
1545 3322 1650 3358 tituli,
1665 3323 1696 3353 &
1709 3322 1824 3355 fruetus
1835 3321 2134 3356 commendatarius
2145 3321 2242 3354 faciat

1254 3369 1322 3401 suos
1333 3392 1342 3406 ‚
1363 3371 1396 3402 ὃς
1407 3370 1524 3401 nudum
1535 3366 1729 3398 commenda:
1742 3376 1861 3398 nomen
1879 3366 2015 3398 retineat
2025 3388 2034 3402 ‚
2055 3364 2171 3397 non-est
2185 3365 2243 3397 nii-

1253 3422 1322 3445 rum
1332 3435 1342 3449 ,
1364 3413 1384 3444 si
1396 3422 1469 3445 cum
1481 3411 1542 3442 alia
1552 3408 1690 3441 Ecclesia
1700 3431 1709 3445 ‚
1723 3420 1791 3450 qua:
1803 3411 1954 3449 habeatur
1968 3409 2002 3440 in
2010 3409 2141 3441 titulum
2151 3430 2160 3445 ‚
2174 3418 2242 3440 tion

1253 3455 1345 3499 possit
1357 3455 1445 3490 simul
1456 3453 1600 3492 retineri,
1614 3451 1656 3486 cst
1665 3451 1940 3487 Commendatarii
1950 3452 2123 3486 habeantur
2126 3461 2168 3527 Iar
2179 3451 2245 3484 veri

2151 3505 2204 3526 ra:-

2275 2861 2314 2887 29

2273 3118 2311 3151 30
