2397 3664
286 28 386 75 628

225 128 262 153 ut
273 122 484 153 accelerandae
497 118 646 152 crestioni
658 118 782 151 Summi
794 118 956 151 pontificis
966 141 976 155 ,
1001 119 1042 153 sic
1063 129 1177 153 vacent
1188 132 1233 154 at-

228 164 351 196 tentius
364 187 372 200 ,
394 174 427 195 ut
440 164 468 195 se
488 171 687 204 nequaquam
706 163 744 192 de
756 161 819 192 alio
835 162 968 202 negotio
988 162 1231 201 intromittant,

227 209 260 239 δι’,
271 206 470 247 excipiuntur
480 209 544 237 duo
565 203 691 236 tantum
703 203 789 237 casus
802 226 811 241 ,
834 204 864 235 id
885 205 927 239 est
938 227 948 241 ,
970 206 1114 246 urgentis
1127 209 1229 239 neces-

227 250 328 282 sitatis
339 259 395 290 pto
406 260 488 281 terta
499 247 660 284 Ecclesiae,
685 247 732 279 vel
753 248 860 288 aliqua
879 249 947 289 ejus
957 259 1042 289 parte
1058 248 1228 282 defenden-

226 296 288 330 da,
306 296 339 325 ὃς
350 292 477 333 grandis
487 291 620 331 periculi
630 289 830 322 imminentis
841 313 851 327 ‚
874 301 943 332 quae
952 293 1098 332 exceptio
1112 293 1143 324 in
1157 294 1228 325 aliis

227 337 332 368 firmat
343 337 482 376 regulam
495 335 526 366 in
538 334 738 366 contrarium
749 354 759 370 ‚
781 334 861 366 itaut
874 334 1064 368 imminente
1074 336 1228 368 electione

644 31 812 99 Prosp.
852 30 1072 102 fagnan.
1094 32 1386 92 inprimunt
1402 4 1607 91 Librum
1641 33 1906 93 Decretal.

1271 123 1494 159 nitentiarius,
1520 134 1612 163 cuius
1631 123 1772 157 officium
1788 137 1856 157 non
1876 126 2059 168 expiratper
2081 130 2206 164 obitum
2227 131 2279 164 l‘a'r

1271 178 1313 207 pae
1325 189 1335 202 ‚
1357 165 1517 199 clement.
1535 167 1590 197 Ne
1601 169 1732 199 Romam*
1742 191 1752 205 ,
1778 171 1805 207 §.
1828 170 1874 200 Eo
1883 179 1986 200 tamen
2004 172 2125 210 provifit
2138 175 2174 206 de
2193 175 2277 207 σίεέἓ.

1271 209 1362 249 possit
1371 209 1449 241 Sede
1461 219 1595 241 vacante
1605 217 1749 244 exercere
1759 234 1769 247 ,
1790 223 1858 252 quae
1870 213 2029 252 pertinent
2040 218 2074 245 ad
2088 214 2191 249 forum
2201 229 2277 249 con-

1271 252 1408 284 scientiae
1418 275 1428 288 ,
1452 262 1485 283 ut
1498 252 1529 284 in
1541 254 1703 293 praecitata
1714 255 1803 286 Bulla
1815 255 1861 287 Pii
1874 256 2015 292 1V.§.10.
2025 258 2097 289 Hoc
2108 268 2214 292 rameri
2224 261 2278 293 fal-

1272 296 1307 327 lit
1329 295 1398 328 sifit
1417 296 1451 328 in
1472 295 1653 332 Conclavi3
1675 299 1751 338 quia
1762 308 1838 330 tunc
1853 299 1926 330 licet
1939 300 2074 332 retineat
2095 301 2281 342 jurisdiffio-

1277 349 1368 374 nem,
1389 349 1453 370 non
1477 349 1585 371 tamen
1604 340 1721 374 retinet
1738 341 1946 378 exercitium,
1969 342 2043 375 cum
2054 343 2090 376 sit
2108 343 2276 384 impeditus

227 379 314 419 Papae
325 379 472 410 eleetores
485 388 550 408 non
560 377 732 413 debeantse
744 379 781 409 ad
802 378 865 410 alia
874 377 1050 416 divertere,
1073 390 1145 411 nam
1165 382 1229 420 plu·
1267 391 1355 414 extra
1375 382 1553 421 negotiari.
1584 382 1664 425 Quo
1674 384 1902 422 impedimento
1914 385 2055 422 sublato,
2076 387 2203 419 velutifi
2217 399 2279 420 ma-

228 423 314 454 ribus
326 423 467 453 intentus
476 443 485 457 ‚
509 422 572 455 &a
583 419 757 462 c.Diversis
765 419 802 453 de
812 421 924 456 Cleric.
933 421 1079 461 conjugat.
1091 424 1228 459 l.Nemo,

168 475 209 504 79
231 469 269 498 C.
280 467 329 497 Dc
330 462 430 504 seffor.
444 474 558 495 notant
568 466 601 495 in
611 462 641 495 d.
655 475 678 495 c.
690 463 749 497 Ubi
769 465 932 505 periculum
942 487 952 502 ,
972 465 1061 506 Joan.
1083 467 1181 498 Andr.
1199 469 1232 498 in

230 520 296 540 ver.
310 508 387 539 Alio
398 511 512 546 negotio
522 529 532 544 ,
552 509 585 539 ὃς
596 506 678 541 Petr.
689 509 727 539 de
737 507 875 540 Anchar.
886 520 966 548 mnus.
978 510 1136 548 verfiltem
1148 519 1235 542 notat

229 555 264 583 in
277 562 340 582 ver.
363 550 461 582 Iidem
480 561 612 590 quoque,
626 550 757 583 subdens
777 550 964 584 Cardinales
985 563 1117 585 vacante
1139 553 1238 591 Sede,

232 594 340 626 necin
353 594 458 626 arduis
478 594 559 635 posse
569 594 596 627 se
617 594 812 631 immiscere,
836 595 894 626 nisi
918 594 1041 633 stricte,
1061 606 1154 636 prout
1170 607 1238 628 tex—

233 648 283 670 tus
296 637 439 677 loquitur
449 659 458 673 ,
482 638 511 669 id
522 638 562 669 est
573 660 583 674 ‚
605 637 637 669 in
649 637 830 669 defensione
843 648 950 674 terrae,
974 640 1020 669 vel
1045 639 1117 671 cum
1131 640 1234 672 immi-

171 684 211 714 80
231 691 285 714 net
297 682 414 720 grande
426 681 600 721 periculum
612 703 621 717 ‚
645 681 719 712 auiis
731 692 798 712 non
809 705 816 712 .
838 680 987 713 Praetereii
1000 681 1032 716 iti
1041 685 1072 714 d.
1085 683 1237 716 Decreta-

226 726 250 756 li
264 747 272 761 ,
294 724 353 758 Ubi
363 726 525 765 periculum
534 727 567 756 in
580 725 706 762 §.Nulli
717 747 726 761 ‚
749 725 829 758 fiunt
839 725 983 766 quinque
995 727 1236 764 prohibitiones.

233 768 338 801 Prima
349 767 391 800 est
402 790 411 804 ,
424 778 457 799 ιιι
471 768 596 804 nemini
609 770 646 799 ad
659 767 846 799 Cardinales
861 769 892 799 in
902 768 1061 804 Conclavi
1074 770 1176 802 aditus
1187 781 1238 811 pa-

235 821 300 844 teat
312 834 320 845 ,.
334 811 479 845 Secunda
489 834 499 848 ,
511 821 544 842 ιιι
557 822 615 842 nec
629 811 681 852 ipsi
692 810 878 845 Cardinales
890 812 1013 852 aliquos
1024 813 1101 844 adse
1110 814 1240 847 venien-

236 865 283 887 tes
295 854 469 889 admittant
480 877 489 891 ,
511 854 569 886 nisi
580 865 633 889 eos
643 877 653 891 ,
675 855 778 895 quide
791 855 957 890 voluntate
968 857 1115 887 omnium
1125 856 1238 889 Cardi-

233 898 356 931 nalium
371 898 452 930 inibi
464 897 659 939 praesentium
680 908 870 929 vocarentur
889 909 945 938 pro
962 898 1093 932 instanti
1110 900 1238 932 eletstio-

234 942 285 975 nis
297 941 432 981 negotio
443 964 450 972 .
473 941 586 972 Tertia
597 963 606 976 ,
627 950 662 971 ut
685 942 765 972 nulli
785 940 877 972 liceat
889 944 925 974 ad
945 941 1068 975 eosdem
1080 942 1238 976 Cardina-

230 986 274 1018 les
286 1007 296 1021 ‚
318 986 364 1015 vel
388 995 497 1015 eorum
527 984 665 1024 aliquem
686 984 834 1015 nuntium
856 985 986 1017 mittere
997 1008 1005 1016 .
1035 986 1162 1028 Qiarta
1173 1009 1181 1024 ,
1203 997 1238 1019 ut

228 1038 287 1060 nec
302 1028 397 1059 liceat
410 1030 446 1058 ad
460 1026 582 1058 cosdem
594 1027 720 1058 mittere
732 1027 918 1068 scripturam
930 1051 937 1059 .
949 1027 1095 1070 Quinta,
1119 1031 1237 1071 nequis

231 1069 351 1103 secreto
363 1081 437 1102 cum
450 1070 494 1101 eis
507 1072 654 1110 loquatur
667 1094 674 1101 .
698 1071 736 1101 lit
752 1071 896 1111 quumvis
906 1083 998 1111 poena
1018 1075 1237 1105 excommuni-

229 1114 369 1146 cationis
382 1124 448 1144 non
460 1113 653 1155 adjiciatur,
676 1114 732 1145 nisi
746 1115 844 1146 tribus
858 1115 1079 1155 posterioribus
1099 1117 1236 1156 prohibi-

228 1157 371 1190 tionibus
382 1179 391 1192 ,
414 1156 443 1188 id
457 1157 498 1188 est
508 1179 518 1193 ‚
540 1167 654 1189 contra
665 1158 830 1192 mittentes
851 1159 1000 1191 nuntium
1010 1182 1020 1197 ,
1043 1160 1090 1194 vel
1103 1160 1233 1201 scriptu-

228 1211 317 1237 ram,
337 1199 500 1232 &secreto
514 1202 677 1242 loquentes
692 1204 743 1232 z&
755 1202 812 1232 lioc
827 1203 958 1235 verbum
970 1225 979 1239 ,
995 1202 1110 1243 secreto
1122 1225 1130 1239 ,
1152 1215 1230 1245 quo-

228 1243 374 1284 :idipsam
383 1255 509 1284 poenam
520 1244 713 1276 determinet
723 1245 851 1279 tertiam
863 1268 872 1283 ,
895 1248 926 1278 δέ
937 1257 1082 1287 quartam
1094 1248 1229 1288 prohibi-

225 1287 349 1320 tionem
361 1309 371 1323 ,
392 1287 513 1319 scilicet
534 1288 734 1319 mittentium
756 1289 905 1322 nuntium
916 1312 926 1326 ,
948 1291 996 1322 vel
1024 1290 1229 1331 scripturam:

226 1340 334 1363 tamen
346 1331 428 1363 salva
441 1341 547 1363 manet
559 1331 713 1363 inhibitio
733 1333 766 1363 in
779 1332 909 1373 reliquis
928 1334 1098 1371 omnibus,
1119 1335 1230 1366 videli-

224 1384 276 1406 cet
289 1385 355 1406 non
369 1372 470 1406 solum
480 1377 584 1416 quoad
607 1385 793 1412 extraneos,
814 1376 871 1417 qui
892 1380 1049 1410 accedunt
1069 1381 1104 1409 ad
1118 1378 1230 1410 Cardi-

224 1418 313 1450 nales
324 1440 333 1454 ,
355 1420 388 1450 &
410 1420 515 1459 quoad
536 1417 724 1450 Cardinales
736 1441 745 1455 ‚
767 1420 821 1460 qui
844 1429 1011 1453 extraneos
1030 1422 1230 1463 ,admittunu

222 1463 272 1494 sed
283 1461 380 1493 etiam
390 1464 495 1502 quoad
514 1461 606 1499 illos,
626 1462 682 1503 qui
703 1462 849 1503 publice,
871 1464 1015 1504 &paldm
1035 1465 1170 1498 mittunt
1193 1468 1229 1497 ad

221 1503 411 1537 Cardinales
422 1505 572 1538 nuntium
582 1527 592 1542 ,
603 1506 650 1537 vel
663 1505 867 1546 scripturam,
889 1507 962 1539 licet
975 1508 1021 1539 liis
1029 1518 1168 1549 quatuor
1180 1520 1232 1540 ca-

222 1548 304 1580 sibus
314 1571 324 1585 ,
350 1549 382 1580 in
392 1548 505 1590 quibus
517 1549 579 1579 haec
592 1549 691 1589 palam
703 1550 782 1580 fiunt
793 1572 802 1587 ‚
822 1551 855 1582 &
867 1561 932 1581 non
942 1551 1062 1584 secreto
1072 1575 1082 1588 ,
1103 1563 1231 1585 contra-

223 1591 382 1623 -facientes
395 1602 458 1623 non
482 1592 620 1631 ligentur
631 1603 722 1633 poena
742 1594 1108 1633 excommunicationis,
1130 1607 1164 1627 ut
1188 1597 1231 1628 ibi

225 1636 366 1668 declarat
379 1633 568 1675 Atcliid.snb
578 1647 641 1676 n.4.
653 1635 774 1677 col.3.i71
787 1638 970 1670 venSecret&
979 1660 988 1674 ,
1008 1639 1054 1679 Jo.
1066 1640 1231 1672 Andi·.n.6.

221 1679 413 1716 Butr.n.7.in
423 1679 594 1711 eoasverAEt
607 1679 673 1711 aliii
682 1681 942 1713 communita-,Si
952 1692 1029 1723 ergo
1038 1683 1234 1725 quicumque

222 1722 325 1753 aditus
337 1745 346 1759 ‚
368 1722 418 1754 seu
431 1722 567 1755 accessus
586 1724 623 1755 ad
636 1722 822 1756 Cardinales
833 1746 842 1760 ,
863 1725 895 1756 ὃ(
908 1725 1011 1756 miffio
1020 1724 1140 1759 Nuntii
1151 1750 1160 1764 ,
1185 1729 1231 1760 vel

219 1765 378 1806 scriptutae
389 1766 486 1798 etiam
496 1765 621 1808 publice
637 1790 644 1803 ,
655 1769 688 1798 &
700 1765 799 1807 palam
811 1768 844 1799 in
856 1768 997 1808 praedieia
1010 1769 1173 1803 Decretali
1185 1772 1231 1803 in-

223 1809 427 1842 terdicuntur
437 1832 446 1846 ,
469 1812 503 1842 &
527 1810 682 1842 viceversa
703 1821 769 1842 non
792 1811 866 1843 licet
878 1812 987 1844 iisdem
1005 1812 1228 1847 Cardinalibus

217 1864 411 1894 quemquam
423 1854 590 1886 admittere
601 1877 610 1891 ,
631 1854 689 1886 nisi
702 1864 851 1886 vocatum
862 1857 900 1887 de
919 1857 1070 1888 consensu
1080 1859 1227 1891 omnium

218 1907 275 1938 pro
291 1897 425 1939 negotio
435 1897 616 1929 electionis:
640 1896 865 1938 profeEtbliinc
885 1899 1023 1940 sequitur
1035 1901 1225 1939 necessario,

217 1950 253 1972 ut
266 1951 323 1972 nec
345 1941 437 1973 liceat
461 1941 522 1973 illis
543 1941 736 1973 Secretarios
746 1964 756 1977 ,
778 1945 825 1973 vel
849 1943 1012 1975 Ministros
1024 1945 1132 1976 audire
1143 1968 1154 1981 ,
1176 1947 1225 1977 vel

217 1984 386 2024 scripturas
397 1985 534 2025 recipere
547 2007 556 2020 ‚
577 1996 634 2016 nec
648 1986 710 2016 alia
724 1985 874 2022 wadiare,
896 1997 949 2019 aut
968 1989 1115 2027 expedire
1126 1999 1225 2030 nego-

221 2028 269 2058 tia
280 2027 486 2068 particularia
510 2028 827 2069 congregationum,
848 2040 916 2070 quae
938 2034 974 2063 ad
990 2031 1073 2072 Papae
1094 2032 1224 2064 electio-

219 2081 293 2104 nem
304 2081 369 2102 non
381 2071 560 2112 pertinent,
581 2083 616 2103 ex
629 2073 674 2104 liis
687 2095 696 2108 ,
720 2083 787 2113 quae
798 2073 880 2105 dicta
891 2074 960 2106 sunt
972 2075 1058 2115 supr't
1068 2087 1117 2106 nu.
1130 2080 1181 2115 78.

255 2113 567 2146 DixiCardinalibus
578 2115 611 2146 in
622 2114 782 2147 Conclavi
801 2118 1024 2153 manentibus3
1046 2120 1121 2159 quia
1140 2121 1224 2152 secus

217 2158 291 2190 esset
304 2157 325 2194 si
337 2158 465 2189 illorum
476 2157 628 2198 quispiam
640 2160 827 2199 reperiretur
846 2172 933 2192 extra
943 2161 1109 2194 Conclave
1122 2186 1131 2199 ‚
1151 2165 1225 2204 quia

222 2211 299 2233 tunc
311 2201 439 2233 cessaret
452 2202 535 2234 ratio
544 2203 754 2233 accelerandae
765 2202 928 2235 elestionis
939 2227 949 2240 ‚
962 2204 1035 2236 ci'im
1048 2206 1161 2238 electio
1175 2209 1226 2239 fie-

220 2245 326 2277 rinon
338 2244 429 2286 possit
441 2245 497 2276 nisi
511 2245 543 2276 in
565 2244 742 2282 Conclavi,
764 2247 842 2277 &eo
861 2248 987 2284 clauso,
1008 2251 1142 2282 &hodie
1165 2252 1223 2284 lioc

221 2288 257 2320 sit
267 2290 305 2319 de
317 2287 417 2319 forma
429 2310 438 2324 ‚
460 2298 492 2319 ut
504 2286 746 2320 Constitutione
756 2290 903 2328 Gregorii
917 2291 986 2323 XV.
996 2291 1033 2322 de
1044 2294 1221 2335 elebbPapae

153 2334 193 2364 82
215 2333 250 2365 in
262 2334 290 2369 §.
303 2330 430 2376 Qm’dfi
439 2331 543 2367 clema
553 2354 561 2362 .
585 2331 682 2363 Unde
690 2331 833 2373 quamvis
843 2333 1025 2366 Cardinalis
1037 2336 1145 2379 Major
1155 2338 1221 2370 Ρω-

151 2119 187 2148 531

1279 434 1367 456 neret
1376 434 1465 457 extra
1484 427 1659 463 conclave,
1684 427 1792 467 utique
1813 429 1908 467 potset
1919 439 2152 462 concernentia
2173 430 2278 463 forum

1273 467 1477 499 conscientiae
1498 470 1639 508 expedite
1650 493 1658 502 .
1683 471 1730 503 Ita
1742 471 1941 512 singulariter
1957 474 2096 505 declarat
2106 475 2193 514 glots.
2203 478 2237 505 m
2249 472 2279 505 d.

1280 513 1307 549 §.
1321 513 1366 543 Eo
1376 521 1478 542 tamen
1489 512 1610 553 provisi?
1628 515 1661 544 in
1671 525 1735 545 ver.
1748 515 1904 546 Mziorem
1914 537 1923 551 ,
1943 516 2052 548 dicens
2063 539 2073 553 ‚
2093 525 2223 557 tempore
2233 519 2281 548 in-

1278 555 1305 586 cl
1308 566 1323 584 u
1320 555 1400 596 fiom'
1403 566 1417 585 s
1427 557 1492 587 Ma
1497 554 1541 592 ior
1551 557 1638 588 Poem‘
1641 560 1766 589 tentiam
1773 570 1804 588 ias
1809 558 1841 600 st
1850 557 1891 598 est
1901 559 2084 591 Cartiman-'1
2093 583 2102 596 ‚
2124 560 2213 600 perse
2223 571 2281 591 non

1278 596 1370 639 potes}
1378 600 1425 629 uti
1436 599 1532 640 officio
1543 611 1550 630 :
1568 600 1601 642 ſs
1608 609 1712 633 tamen
1730 602 1822 634 nollet
1832 604 1864 632 in
1875 601 2013 642 claufhra
2023 613 2144 635 manere
2155 626 2164 639 ,
2185 606 2280 635 etiam

1279 640 1480 681 perfhtmliti’r
1499 651 1598 675 utetur
1616 644 1731 685 officio,
1753 645 1896 676 &subdit
1908 646 2004 685 gloria
2026 647 2064 677 sic
2084 646 2189 678 feciise
2200 646 2280 679 Car-

1278 684 1417 719 dinalem
1438 684 1653 719 Tusculanum
1671 710 1678 719 .
1708 688 1924 720 Veruntamen
1952 690 2048 721 etiam
2069 691 2101 722 in
2122 688 2282 722 Conclavi

1282 728 1377 768 posset
1398 727 1538 760 officium
1558 730 1760 771 personaliter
1780 742 1923 772 exercere
1951 736 2054 773 quoad
2075 744 2150 769 eos,
2169 735 2225 774 qui
2247 734 2281 765 in

1281 775 1393 802 codem
1427 774 1574 805 conclavi
1605 774 1739 805 existunt
1762 786 1770 811 ;
1802 785 1833 805 ei
1841 777 1939 815 ceptis
1967 786 2073 807 tamen
2093 777 2153 809 illis
2173 799 2183 813 ,
2212 787 2281 818 quse

1280 814 1350 846 sunt
1361 815 1391 846 ei
1410 814 1584 855 specialiter
1603 817 1771 849 interdicta
1790 839 1800 853 ,
1823 818 1912 849 sicuti
1935 818 1974 849 esl
1998 819 2152 850 absolutio
2173 820 2188 850 a
2211 830 2285 851 cen-

1280 858 1355 890 suris
1376 857 1410 890 in
1431 859 1573 891 terminis
1604 860 1740 902 ejusdem
1758 859 2013 897 Constitutionis
2034 862 2182 903 Gregorii
2211 863 2281 894 XV.

1281 903 1308 938 §.
1324 912 1371 935 ιφ.

1321 944 1401 985 Qio
1412 944 1487 976 vero
1499 948 1535 977 ad
1549 946 1693 978 ultimam
1706 957 1824 988 partem
1837 970 1847 984 ,
1870 947 2016 980 videlicet
2037 948 2121 992 quod
2135 949 2264 989 negotia
2274 971 2284 986 ‚
2305 952 2343 992 83

1277 998 1345 1028 quae
1358 990 1390 1020 in
1401 990 1565 1023 communi
1576 991 1676 1021 forma
1688 990 1704 1021 ὲ
1715 991 1779 1022 solo
1791 992 1968 1023 Secretario
1978 994 2114 1031 expediri
2126 993 2226 1024 solent
2235 993 2280 1024 vi·-

1279 1041 1369 1063 vente
1381 1031 1535 1064 Pontifice
1548 1056 1557 1069 ,
1580 1034 1670 1073 possit
1684 1034 1826 1067 similiter
1836 1036 1973 1076 expediri
1993 1036 2056 1077 ipso
2068 1036 2132 1067 vita
2150 1035 2259 1067 funem
2270 1058 2280 1073 ,

1278 1075 1414 1107 breviter
1434 1086 1539 1108 motus
1560 1076 1639 1113 fuit,
1659 1077 1735 1117 quia
1759 1079 1789 1109 in
1812 1079 1859 1110 liis
1873 1079 2012 1115 levibus,
2035 1081 2067 1110 &
2088 1079 2279 1116 ordinariis,

1276 1129 1344 1157 qun:
1355 1119 1371 1149 ξι
1382 1119 1607 1153 Cardinalibus
1621 1131 1684 1152 non
1698 1122 1788 1161 perse
1802 1122 1896 1161 ipsos,
1919 1122 1965 1154 sed
1979 1133 2030 1163 per
2041 1122 2209 1155 Ministros
2229 1133 2282 1154 ex-

1275 1162 1374 1200 pediri
1394 1163 1642 1200 consueverunt,
1662 1165 1755 1196 cessat
1775 1166 1911 1197 omnino
1930 1167 2014 1201 ratio
2037 1166 2280 1207 prohibitionis,

1273 1207 1311 1236 de
1330 1206 1433 1246 quain
1447 1206 1589 1246 praeditsta
1600 1208 1763 1240 Decretali
1775 1231 1784 1244 ‚
1806 1209 1864 1251 Ubr
1874 1211 2054 1249 periculum,
2080 1210 2226 1242 videlicet
2240 1220 2279 1242 ne

1270 1248 1435 1281 electionis
1447 1251 1611 1290 negotium
1624 1257 1833 1292 protrahatur,
1846 1253 1877 1282 i'ti
1888 1264 1952 1292 quo
1964 1263 2056 1291 grave
2070 1253 2214 1285 imminet
2226 1265 2275 1294 pe-

1271 1292 1407 1324 riculum
1418 1315 1428 1328 ,
1450 1293 1537 1324 ut-ibi
1552 1295 1583 1326 in
1595 1295 1750 1336 principio
1760 1318 1769 1331 ,
1781 1297 1813 1326 ὅ(
1825 1296 1857 1326 iii
1871 1299 1884 1329 r}
1900 1295 1995 1327 fidem
2007 1307 2128 1334 quoque.
2149 1296 2233 1337 Ergo
2243 1298 2276 1329 &

1271 1336 1445 1375 prohibitio
1460 1337 1573 1368 cessare
1584 1339 1676 1370 debet
1687 1361 1696 1374 ,
1715 1350 1741 1370 c.
1756 1340 1835 1381 Etst
1846 1340 1983 1379 Christus
1991 1341 2027 1371 de
2037 1339 2226 1379 juniuraeum
2235 1340 2275 1382 sl-

1271 1378 1393 1411 milibus
1405 1402 1415 1415 ,
1428 1381 1459 1411 &
1472 1380 1700 1420 consequenter
1713 1380 1786 1413 cum
1799 1382 1967 1415 facultates
1976 1382 2277 1423 Congregationum

1273 1432 1402 1454 mortuo
1414 1422 1493 1463 Papa
1504 1434 1569 1455 non
1582 1424 1640 1456 sint
1651 1425 1796 1458 extinCtae
1807 1449 1816 1461 ‚
1829 1436 1862 1457 ιιι
1875 1425 1997 1457 abtim-2·
2009 1428 2164 1457 ostensum
2176 1426 2218 1461 est
2229 1426 2274 1457 su-

1271 1476 1322 1506 pra
1335 1466 1367 1497 in
1378 1467 1478 1506 prima
1497 1477 1582 1507 parte
1601 1469 1679 1499 a'nu.
1699 1473 1750 1508 64.
1763 1470 1872 1510 utique
1885 1480 2030 1509 poterunt
2045 1470 2076 1501 in
2089 1471 2134 1501 liis
2155 1469 2276 1502 levibus

1271 1520 1324 1549 per
1336 1510 1512 1547 ministros,
1535 1520 1569 1542 ut
1583 1512 1673 1542 anteit
1681 1514 1819 1545 exerceri
1831 1535 1841 1548 ‚
1853 1523 1887 1544 ut
1898 1513 1991 1544 sentit
2003 1513 2114 1554 glosin
2126 1515 2156 1546 d.
2168 1511 2273 1544 Clem.

1273 1555 1326 1585 Ne
1338 1556 1467 1586 Romani
1476 1576 1486 1589 ‚
1509 1559 1537 1591 §-
1550 1557 1596 1586 Eo
1614 1564 1716 1587 tamen
1726 1565 1776 1596 pro
1783 1556 1845 1597 znfl
1854 1567 1887 1587 m
1899 1567 1962 1588 ver.
1978 1558 2136 1597 [xpi-rare
2146 1579 2154 1587 .
2177 1555 2276 1588 Unde

1273 1597 1340 1629 dixi
1351 1608 1402 1637 per
1421 1597 1634 1629 Secretarium
1656 1597 1930 1639 Congregationis
1952 1600 2036 1639 super
2048 1599 2187 1640 negotiis
2208 1600 2277 1641 Epi-

1273 1641 1450 1681 scopotum,
1460 1643 1492 1672 ὃς
1504 1640 1712 1680 Regularium
1722 1644 1802 1683 posse
1813 1643 1956 1683 expedite
1969 1643 2114 1675 licentias·
2126 1653 2182 1684 pro
2192 1645 2276 1683 puel-

1273 1685 1310 1715 lis
1321 1685 1493 1717 educandis
1503 1696 1613 1726 ,prout
1625 1685 1752 1717 fuerunt
1761 1688 1912 1724 expeditae
1923 1687 1981 1717 lioc
1995 1686 2057 1728 ipso
2070 1693 2209 1728 tempore
2220 1686 2274 1718 Se-

1271 1728 1318 1759 dis
1332 1728 1472 1760 vacantis
1484 1740 1518 1760 ex
1541 1729 1652 1760 ordine
1663 1733 1739 1760 dato
1749 1729 1765 1760 si
1785 1729 2010 1763 Cardinalibus
2022 1738 2095 1761 ante
2106 1730 2274 1770 ingressum

1271 1772 1304 1802 in
1313 1770 1404 1803 Conc
1412 1774 1416 1801 l
1425 1783 1479 1803 ave
1490 1794 1499 1808 ,
1523 1774 1555 1803 Sc
1565 1776 1673 1804 eadem
1685 1774 1809 1805 ratione
1818 1774 1884 1805 dari
1897 1783 2045 1813 poterunt
2058 1773 2250 1812 transumpta
2260 1795 2271 1809 ,

1270 1817 1301 1846 &
1313 1816 1490 1856 duplicata,
1514 1816 1562 1847 seu
1577 1826 1609 1847 ut
1622 1826 1759 1853 vocant,
1789 1819 2017 1859 ltizrepen'tur,
2041 1819 2071 1847 δε
2083 1816 2146 1848 alia
2167 1816 2269 1858 liujus-

1270 1859 1376 1895 modi,
1396 1870 1463 1899 (ιιι-κ
1475 1869 1548 1890 cum
1561 1860 1624 1891 sola
1644 1859 1869 1900 subscriptione
1889 1859 2206 1900 Secretariiexpediri
2226 1859 2269 1890 so-

1268 1902 1353 1934 lent.
1373 1903 1520 1943 Idemque
1539 1903 1709 1934 dicendum
1728 1903 1895 1940 decausis,
1917 1903 2098 1943 &negotiis
2111 1913 2185 1934 ante
2204 1903 2270 1934 obi—

1266 1956 1334 1977 tum
1346 1945 1430 1985 Papae
1448 1947 1511 1988 jam
1529 1946 1670 1978 resolutis
1682 1946 1714 1977 in
1735 1946 2018 1987 Congregatione,
2040 1955 2109 1986 quae
2129 1945 2273 1986 expediri·

1265 1999 1413 2030 poterunt
1423 1991 1439 2020 ἐι
1450 1989 1631 2021 Secretario
1642 1990 1674 2020 in
1688 1990 1750 2021 illis
1761 1990 1880 2022 casibus
1891 2012 1900 2025 ‚
1913 1990 1946 2020 in
1955 1989 2068 2030 quibus
2080 1988 2192 2020 sufficit
2201 1988 2270 2029 ejus

1266 2032 1459 2072 subscriptio,
1472 2044 1505 2065 ut
1517 2044 1585 2065 mos
1596 2033 1636 2064 est
1647 2033 1680 2065 in
1692 2033 1946 2073 expeditionibus
1956 2055 1966 2069 ,
1987 2042 2055 2073 quie
2065 2032 2144 2066 fiunt
2158 2032 2191 2064 in
2202 2031 2267 2064 Cu·
2288 2033 2330 2071 84

1265 2077 1330 2107 tia.
1352 2076 1398 2107 Ex
1415 2077 1529 2118 quibus
1547 2077 1646 2108 etiam
1661 2077 1851 2114 deducitur,
1872 2086 1906 2107 ut
1930 2077 2023 2108 liceat
2039 2074 2266 2111 Cardinalibus

1267 2130 1407 2159 tempore
1418 2120 1602 2152 reclusionis
1609 2130 1753 2153 exercere
1764 2119 2016 2163 jurisdictionem
2026 2141 2036 2156 ‚
2046 2129 2143 2159 quam
2150 2119 2266 2151 habent

1268 2163 1300 2196 in
1311 2164 1370 2195 suis
1381 2164 1504 2200 titulis,
1525 2164 1698 2196 secundum
1707 2175 1763 2200 ea,
1783 2162 1947 2205 quaedicra
1966 2164 2034 2196 sunt
2046 2162 2133 2203 supra
2151 2173 2200 2194 nu.
2213 2164 2264 2210 68.
2312 2188 2315 2190 .

1266 2218 1331 2238 non
1342 2207 1471 2249 quidem
1482 2217 1534 2248 per
1550 2208 1686 2247 seipsos,
1706 2206 1754 2239 sed
1775 2217 1827 2248 per
1837 2207 1907 2239 suos
1920 2207 2063 2239 Vicarios
2074 2228 2083 2243 ‚
2107 2208 2139 2237 &
2163 2206 2264 2237 Mini-

1267 2251 1358 2283 ssrosss
1381 2250 1481 2292 Qiod
1494 2254 1525 2283 δε
1538 2251 1646 2282 licebit
1657 2250 1772 2291 majori
1782 2250 2027 2285 Poenitentiaiio
2047 2259 2113 2281 non
2124 2249 2266 2290 persona⁴
2287 2250 2326 2288 85

1264 2295 1356 2331 liter,
1377 2295 1426 2327 sed
1438 2305 1490 2336 per
1500 2294 1662 2326 Officiales
1673 2293 1937 2330 Poenitentiariae,
1959 2302 1993 2325 nt
2004 2292 2169 2333 colligitur
2177 2302 2212 2323 ex
2224 2291 2267 2332 gl.

1262 2340 1460 2379 praeallegata
1468 2340 1501 2370 in
1512 2337 1541 2369 d.
1556 2339 1633 2375 §.Eo
1640 2347 1747 2369 tamen
1756 2336 1877 2378 proviso
1884 2339 1918 2368 in
1928 2348 1992 2368 ver.
2004 2338 2165 2376 Expirare
2175 2358 2182 2365 .

585 2556 722 2611 DE
793 2557 1309 2626 TREGUA,
1379 2558 1521 2620 ET
1590 2557 1914 2619 PACE.

784 2681 1032 2734 Alexander
1072 2682 1170 2732 111.
1206 2687 1248 2732 in
1272 2682 1455 2734 Concilio
1481 2681 1737 2739 Lateranem

903 2807 1428 2868 CAPUT

1527 2811 1564 2866 Ι.

225 2929 305 3013 T
315 2926 457 2975 Reguas
472 2925 491 2967 ἓι
504 2940 636 2977 quarta
649 2926 744 2967 feria
765 2927 843 2976 post
857 2926 1026 2966 occasum
1041 2925 1139 2966 Solis
1150 2951 1163 2971 2
1189 2923 1300 2975 iisque
1312 2927 1358 2966 ad
1367 2925 1564 2970 secundam
1579 2926 1713 2968 feriam
1727 2931 1763 2968 iii
1775 2940 1859 2969 ortu
1875 2927 1996 2975 Soli53
2022 2928 2070 2967 ab
2085 2928 2259 2971 Adventu

332 2974 491 3013 Domini
504 2976 614 3025 usque
636 2977 682 3015 ad
694 2978 848 3016 otstavas
863 2975 1104 3024 Epiphaniae„
1129 2976 1167 3013 &
1181 2975 1201 3015 Ξι
1220 2975 1499 3024 Septuagefima
1512 3001 1526 3023 9
1554 2976 1665 3026 usque
1684 2978 1731 3017 ad
1740 2978 1891 3017 utstavas
1906 2975 2052 3028 Paschae
2073 2978 2120 3016 ab
2140 2982 2261 3016 omni-

226 3024 292 3062 bus
314 3023 585 3062 inviolabiliter
598 3024 786 3064 observari
810 3038 1057 3073 praecipimus.
1087 3025 1125 3062 Si
1139 3026 1222 3073 quis
1233 3037 1360 3063 autem
1382 3038 1530 3081 treguas
1541 3024 2085 3113 frangerepraesunipseritdpost
2108 3030 2259 3068 tertiam

227 3071 531 3111 admonitionem
557 3071 664 3111 sinon
686 3072 935 3119 satisfecerit„
963 3071 1043 3113 suus
1059 3070 1256 3120 Episcopus
1276 3073 1498 3113 sententiam
1520 3078 1925 3114 excommunicationis
1950 3074 1985 3113 di

2031 3087 2068 3113 et
2089 3077 2125 3113 in
2145 3088 2229 3114 euni
2238 3099 2259 3129 ‚³

228 3121 266 3158 &
292 3117 466 3167 scriptam
481 3124 615 3159 vicinis
631 3120 1053 3168 Episcopisamiiiiitiet:
1079 3134 1238 3168 quorum
1259 3122 1382 3161 nullus
1401 3125 1773 3162 excommunicatum
1795 3125 1832 3160 i'n
1845 3125 2149 3164 communionem
2170 3137 2260 3163 reci-

228 3171 331 3214 piat,
361 3170 439 3207 imo
460 3166 633 3216 scriptam
648 3171 871 3209 sententiam
884 3167 1036 3218 quisque
1060 3168 1286 3214 confirmet„
1313 3171 1430 3218 fiquis
1449 3184 1574 3210 aiitem
1588 3171 1664 3210 haec
1687 3169 2131 3219 violarepraesiimpserit3
2159 3171 2257 3225 ordi-

227 3229 282 3253 nis
307 3217 357 3255 sui
379 3217 548 3264 periculo
569 3215 772 3260 subjaccat.
801 3219 848 3256 Et
866 3231 1045 3267 quoniam
1071 3215 1261 3257 funiculus
1283 3220 1418 3266 triplex
1440 3219 1592 3258 difficile
1612 3223 1821 3266 rumpitur,
1847 3223 2079 3268 praecipmius
2098 3232 2139 3258 ut
2171 3219 2257 3266 Epi-

228 3260 325 3308 scopi
348 3266 393 3303 ad
415 3265 531 3304 solum
550 3266 700 3311 Deum„
727 3267 765 3303 δέ
790 3267 835 3304 :id
856 3265 1011 3306 salutem
1042 3268 1170 3314 populi
1199 3265 1378 3306 habentes
1397 3265 1603 3316 respetstuiii
1625 3292 1640 3313 9
1666 3269 1772 3309 omni
1791 3267 2043 3314 trepidatione
2075 3265 2254 3314 sepofita,

227 3311 274 3348 ad
297 3324 421 3355 pacem
439 3313 596 3353 firmiter
608 3313 805 3353 tenendam
821 3339 834 3359 a
862 3313 1109 3354 iiiutuumsibi
1128 3313 1318 3353 consilium
1334 3340 1348 3361 3
1375 3316 1607 3357 &auxilium
1632 3315 1839 3363 praebeant,
1868 3329 1985 3365 neque
2008 3317 2082 3355 hoc
2100 3317 2254 3358 alicuius

227 3372 358 3396 amore
370 3363 528 3400 velodio
540 3365 846 3408 praetermi'ttant.
871 3363 1020 3412 Quodsi
1038 3366 1121 3413 quis
1146 3367 1183 3403 iii
1203 3363 1276 3402 hoc
1301 3377 1412 3411 opere
1433 3364 1595 3412 trepidus
1614 3367 1786 3404 inventus
1807 3361 1949 3411 suerit,
1974 3365 2152 3405 damnum
2170 3376 2254 3410 pro-

227 3408 315 3453 priae
335 3407 532 3454 dignitatis
554 3414 737 3451 incurrat.

2026 3501 2221 3535 SUM-
