2397 3664
74 1043 111 1076 55

655 0 740 39 Ue
770 3 831 41 ns
853 0 961 50 quae
980 0 1030 35 Vl
1045 0 1163 31 ωσι.
1183 0 1314 30 cuui-
1337 0 1382 32 c.
1400 0 1684 28 retiatum.
1729 22 1733 27 ,

129 87 217 128 juxta
229 86 382 118 terminos
393 85 414 116 l.
426 83 598 118 Barbarins
608 105 617 118 ,
635 81 669 124 ff.
682 82 717 114 de
729 81 774 125 affl
788 85 908 114 Frater.
918 89 1012 120 quam
1023 75 1120 107 etiam

133 129 165 159 in
177 129 388 169 spiritualibus
399 127 511 159 habere
522 129 626 158 locum
637 150 645 161 ‚
668 128 796 158 tradunt
810 126 919 157 lnnoc.
931 119 1118 154 Hortcard.

129 173 160 202 ἃ
176 172 230 203 ‚ilii
242 171 455 204 communiter
466 173 498 202 ιή
517 180 582 210 cap.
597 169 693 201 Nihil
704 193 713 205 ,
732 169 767 200 de
778 168 862 201 elea.
886 165 1001 198 Rosell.
1013 168 1046 195 i'n
1059 173 1120 194 ver.

129 215 272 256 Consiffio
282 215 526 247 Sacrameiimlis
537 216 627 244 cci-tio
638 237 646 249 ,
668 223 780 244 numer.
792 223 842 251 41.
855 211 904 243 An
908 213 968 250 gel.
979 205 1122 246 Confrfflo

130 270 160 298 4.
171 270 250 289 nmn.
269 269 313 290 12.
325 257 443 289 Silvest.
454 255 604 298 Confeffiir
618 268 646 288 ι.
657 267 769 288 numer.
786 265 832 294 15.
846 254 981 286 Tabien.
995 249 1122 290 Absolu-

132 304 175 333 tio
192 313 270 332 num.
295 312 320 342 3.
341 304 373 332 ἃ
394 300 528 332 Navart.
547 312 578 330 m
600 310 663 340 cap.
676 299 819 334 Placuit,
839 298 876 329 de
886 298 990 338 poenit.
1012 291 1121 335 dist-6-

134 356 214 377 num.
229 353 296 382 177.

175 387 469 429 Pi·.t·tcrqiiainquod
491 385 521 416 lii
551 386 636 417 casus
666 396 730 417 non
753 386 921 418 admodum
943 383 1122 422 frequenter

133 429 452 469 solentcontingcre:
476 430 732 461 n.tmiiiiiltoi·um
749 437 904 460 annorum
916 426 1033 466 spatio,
1054 423 1123 464 qui-

133 474 188 504 bus
204 474 374 504 Secretarii
388 483 517 504 munere
539 471 662 503 sunchis
680 472 744 503 sum
767 472 799 503 in
819 467 1124 509 &eetigr-cgnome-

133 517 362 557 Epil‘coporum
374 539 384 551 ,
405 526 439 546 ac
455 514 664 555 Regularium
673 514 836 547 observavi
848 515 900 546 vix
911 523 972 544 tres
984 521 1037 543 aut
1047 521 1124 550 qua-

133 570 205 592 tuor
228 559 400 598 Regulates
418 568 497 599 quot
518 558 611 590 annis
631 558 748 598 petiisse
770 557 1002 590 restitutionem
1020 556 1127 586 advet-

135 602 182 635 sus
196 601 582 643 lapsumquinquenniicx
595 602 654 632 lioc
675 602 780 642 capite
798 603 883 641 quod
903 597 1125 641 professionein

134 656 200 678 non
211 645 381 677 emisissent
395 645 427 676 in
446 643 671 676 Conventibus
691 655 755 680 uon
775 643 964 684 designatis-3
990 640 1127 682 jiqucfe-

135 687 168 720 τὲ
182 699 344 729 nunquam
357 688 484 719 fuerunt
505 687 702 728 Superiores:
730 698 804 720 nam
823 687 923 728 quiin
946 684 1127 724 Religioni-

135 733 190 763 bus
201 733 317 771 pollent
331 731 544 767 authoritate,
564 734 594 762 &
616 731 684 762 aliis
696 731 825 771 praesunt
849 731 983 762 libenter
996 729 1028 760 in
1042 727 1127 758 Reli-

134 776 286 815 gionibus
306 780 515 816 perseverant:
540 775 587 806 sed
609 774 744 810 subditi,
767 785 859 815 atque
882 771 1129 805 administratio-

140 829 180 850 ne
199 829 342 851 carentes
364 819 435 850 funt
454 817 509 858 qui
528 820 729 849 contendunt
749 821 784 849 ad
806 818 950 849 i'aeculuiu
980 814 1101 852 reddire
1121 838 1128 845 .

135 862 244 903 Qiale
257 873 362 894 autem
385 862 615 893 inconveniens
627 861 688 897 est,
711 871 744 892 ut
761 872 798 893 ex
817 860 966 893 omnibus
988 857 1130 896 Religio-

136 905 352 938 nibuslaxiori
371 905 577 936 observantia·
598 905 813 946 simuljunctis
834 904 866 935 in
886 902 1065 935 universum
1077 902 1131 932 ab-

133 948 260 1022 {cedant
274 958 352 990 quot
365 948 455 980 annis
468 958 549 984 tres,
572 958 624 979 aut
643 958 759 988 quator
780 947 897 979 subditi
917 945 1049 978 nulliter
1060 955 1129 986 pro-

149 992 222 1024 essii

177 1035 215 1067 Et
244 1035 454 1067 nihilominus
484 1033 505 1065 si
536 1034 650 1074 aliquis
669 1035 756 1066 casus
773 1035 976 1075 contingeret
993 1055 1002 1069 ,
1015 1033 1047 1064 in
1066 1043 1131 1074 quo

136 1089 202 1111 non
212 1080 371 1118 expediret
384 1101 393 1114 ‚
404 1088 437 1109 ut
450 1078 563 1119 aliquis
576 1077 744 1118 Regularis
762 1078 897 1110 reddiret
919 1078 955 1108 ad
969 1076 1111 1108 saeculum
1123 1098 1133 1112 ,

137 1123 233 1163 posset
244 1122 326 1153 forte
348 1121 563 1153 SanCtislimus
584 1121 630 1152 illi
648 1124 809 1162 denegate
827 1120 1060 1154 restitutionem
1083 1121 1133 1151 ad-

135 1166 241 1197 versus
255 1165 373 1206 lapsum
390 1164 624 1205 quinquennii,
645 1175 714 1205 qua:
735 1165 777 1196 est
798 1174 884 1196 mera
904 1164 1007 1204 gratia
1027 1163 1134 1195 secun-

135 1207 214 1240 dum
235 1207 408 1247 Bald.cans.
425 1211 495 1249 338.
520 1210 709 1248 Reparatio,
731 1210 764 1238 in
782 1209 877 1248 princ.
898 1206 950 1238 lib.
967 1217 992 1247 3.
1011 1206 1135 1247 thue-

138 1253 344 1284 madmodum
368 1250 595 1283 Tridentinum
615 1251 803 1282 Gonciliurn
823 1261 888 1283 rem
912 1250 1058 1291 injustam
1068 1260 1134 1282 non

138 1296 261 1337 putavit
300 1297 455 1334 denegate
489 1293 657 1334 Religiosis
687 1294 834 1326 omnibus
873 1294 971 1326 etiam
1002 1294 1134 1325 nulliter

140 1338 282 1380 professis
304 1337 501 1370 audientiam
521 1337 585 1378 pos’t
605 1337 880 1378 quinquennium:
905 1338 949 1368 ita
967 1347 1067 1377 neque
1089 1337 1136 1368 in-

143 1381 258 1424 justum
268 1382 368 1413 videri
378 1384 470 1413 debet
481 1403 491 1417 ,
509 1390 544 1413 ut
555 1381 648 1412 Sedes
660 1381 841 1421 Apostolica
859 1391 894 1412 ex
916 1381 1023 1421 aliqua
1038 1380 1115 1422 justa
1126 1404 1135 1417 ‚

143 1427 177 1458 &
210 1425 397 1457 rationabili
417 1424 509 1457 causa
541 1425 736 1457 audientiam
763 1427 898 1466 deneget
921 1424 1020 1455 alicui
1050 1423 1137 1456 Reli-

141 1468 230 1509 gioso
247 1469 281 1500 in
301 1468 484 1508 particulari
504 1467 689 1500 abstinendo
709 1468 727 1498 a
746 1468 850 1508 gratia
870 1467 1080 1508 restitutionis
1103 1468 1138 1499 in

139 1512 302 1552 integrum
320 1522 358 1543 ex
380 1511 427 1543 lus
448 1522 515 1552 qua:
536 1521 626 1542 notat
647 1511 810 1543 Silvest.m
828 1523 894 1542 ver.
913 1510 1095 1552 praescriptio
1110 1521 1135 1543 1.

140 1566 252 1587 numer.
268 1557 360 1596 14&
379 1554 414 1586 'in
433 1555 580 1587 terminis
600 1553 672 1586 dic‘l.
693 1564 760 1596 capt
776 1565 821 1592 19.
844 1553 978 1590 Navarr.
997 1555 1072 1596 conſs
1086 1565 1138 1595 23.

142 1597 304 1631 Petrutius
319 1608 399 1630 num.
411 1609 441 1638 4.
453 1597 490 1629 de
508 1599 600 1637 regul.
611 1608 664 1629 aut
685 1597 771 1629 cette
793 1598 948 1630 Sanctitas
967 1598 1029 1630 Sua
1041 1599 1136 1639 posset

147 1642 243 1674 aliam
263 1641 422 1678 rationem
443 1641 548 1678 inire,
571 1652 605 1673 ut
625 1641 665 1672 sic
687 1641 835 1681 professus
857 1642 904 1674 vel
937 1642 1140 1674 induceretur

145 1687 184 1717 ad
203 1685 320 1717 iterum
330 1685 555 1726 profitendum,
565 1686 613 1717 vel
626 1687 663 1716 ad
676 1685 768 1717 aliam
783 1684 987 1725 Religionem
998 1685 1139 1717 transire.

188 1727 267 1761 Non
287 1739 337 1762 me
367 1730 443 1760 latet
472 1728 536 1770 post
563 1729 686 1760 litteras
716 1728 748 1760 in
770 1728 871 1760 farma
903 1729 1008 1760 Brevis
1027 1729 1140 1770 quibus

147 1771 179 1808 S.
201 1771 241 1803 D.
261 1770 305 1803 N.
326 1772 486 1803 asserendo
506 1772 679 1803 invalidam
703 1772 830 1803 existere
852 1771 1073 1812 profesIionem
1090 1783 1142 1805 eo-

149 1825 218 1847 rum
231 1837 240 1851 ,
262 1815 319 1856 qui
331 1825 450 1847 annum
462 1815 661 1856 probationis
680 1825 746 1846 non
760 1814 904 1847 fecerunt
915 1816 949 1847 in
960 1815 1141 1848 Conventi-

145 1859 203 1890 bus
214 1860 251 1889 ad
278 1859 475 1899 recipiendos
487 1858 642 1890 Novitios
652 1858 822 1899 designatis
832 1881 843 1895 ‚
862 1861 991 1891 mandat
1002 1858 1142 1890 Ordina-

145 1901 201 1933 riis
212 1902 355 1933 locorum
367 1924 377 1939 ,
400 1903 433 1934 ὃς
444 1901 664 1943 Superioribus
674 1902 882 1943 regularibus,
894 1912 928 1935 ut
941 1902 980 1934 sic
995 1902 1141 1943 professos

148 1947 188 1976 ad
199 1943 419 1986 professionem
428 1945 535 1977 denuo
554 1945 764 1977 emittendam
775 1945 946 1978 admittant
967 1945 1077 1987 absque
1088 1956 1143 1977 no-

148 1997 190 2019 vo
200 1989 398 2028 probationis
409 1999 494 2020 anno
504 2011 514 2025 ,
535 1988 644 2028 gravia
654 1989 798 2020 scandala
817 1988 905 2022 fuisse
915 1999 1024 2022 exorta
1035 2011 1045 2025 ,
1066 1989 1144 2030 quia

147 2031 375 2079 quamplurimi
395 2031 548 2073 Religiosi
561 2041 625 2063 tam
645 2032 749 2068 intra,
771 2032 864 2072 quam
883 2033 948 2074 post
967 2033 1144 2074 quinquen-

151 2084 245 2107 nium
255 2076 345 2107 nullo
354 2075 434 2117 juris
440 2075 554 2108 ordine
564 2074 685 2108 servato
694 2075 820 2107 dimisso
839 2076 948 2108 habitu
959 2076 1096 2118 regulari
1106 2077 1143 2108 ad

153 2117 299 2150 saeculum
310 2119 487 2151 redierunt.

196 2161 301 2210 Hujus
311 2163 388 2194 mali
399 2162 476 2194 caus
474 2174 492 2194 a
501 2162 561 2195 fuit
571 2185 581 2200 ,
592 2161 670 2204 quia
680 2161 854 2204 Regulares
866 2162 1062 2206 interpretati
1074 2163 1144 2195 sunt

154 2204 210 2236 has
221 2205 342 2237 litteras
354 2207 412 2238 effe
420 2205 641 2238 facultativas:
664 2206 799 2248 indeque
810 2206 919 2239 inferri
930 2229 939 2244 ,
960 2217 994 2239 ut
1007 2206 1146 2238 nolenti-

154 2248 213 2279 bus
231 2248 346 2296 iterum
359 2250 499 2290 profiteri
509 2250 634 2282 licuerit
645 2251 681 2281 ad
693 2249 838 2282 saeculum
857 2250 974 2282 redire.
998 2250 1067 2291 Qu
1077 2249 1146 2291 qui-

157 2292 232 2322 dem
244 2292 423 2326 intelledkus
445 2303 535 2325 verus
554 2294 595 2325 est
615 2294 648 2324 in
664 2304 701 2324 ea
720 2304 826 2334 parte,
846 2303 880 2326 ut
901 2294 997 2325 inviti
1017 2304 1082 2325 non
1094 2304 1146 2324 co—

156 2343 272 2375 gantur
285 2335 401 2367 iterum
411 2336 574 2377 profiteri,
597 2337 644 2368 sed
667 2336 757 2368 falsus
768 2337 854 2369 estin
867 2337 947 2374 alia,
972 2348 1005 2369 ut
1027 2346 1148 2378 propte-

155 2387 207 2408 rea
227 2378 340 2417 poffint
362 2381 462 2412 redire
485 2381 521 2411 ad
545 2379 690 2411 faeculum
710 2380 822 2421 absque
845 2391 884 2412 eo
904 2382 990 2421 quod
1011 2381 1148 2412 servetur

158 2419 263 2467 forma
282 2420 300 2452 ἐ
321 2420 478 2455 Concilio
496 2423 688 2463 pra-scripta,
708 2433 778 2464 qua>
798 2424 936 2455 consistit
958 2424 991 2456 in
1013 2424 1092 2460 hoc,
1114 2433 1148 2454 ut

156 2466 249 2495 caula
258 2465 417 2511 nullitatis
426 2464 510 2497 infra
518 2465 773 2506 quinquennium
782 2469 957 2499 deducatur
967 2490 977 2504 ,
998 2469 1031 2498 &
1041 2477 1150 2498 coram

157 2507 326 2554 Supenore
337 2506 512 2549 Regulari,
533 2508 771 2546 &Omina-io,
791 2511 844 2541 cui
855 2510 985 2551 quidem
996 2509 1149 2542 forinaein

158 2551 277 2582 litteris
287 2550 472 2583 Sanffitatis
484 2551 542 2583 suae
554 2562 611 2583 nec
623 2552 760 2592 expresse
773 2574 782 2588 ,
803 2564 862 2585 nec
875 2553 975 2585 tacite
996 2554 1149 2594 reperitur

157 2594 367 2634 derogatum3
389 2605 491 2638 neque
508 2595 594 2626 enim
614 2594 733 2626 censeri
752 2597 844 2627 debet
865 2596 963 2628 unico
984 2597 1042 2628 illo
1053 2598 1150 2628 verbo

159 2635 263 2668 SanCt.
274 2637 337 2670 Sua
348 2638 488 2670 funditus
499 2637 645 2670 sustulisse
656 2637 746 2670 Trid.
757 2638 886 2670 Concil.
897 2639 1131 2680 dispositionem
1142 2662 1151 2676 ,

160 2689 197 2710 ut
209 2679 244 2712 in
260 2681 405 2714 terminis
417 2681 547 2717 alterius
565 2680 713 2713 Concilii
725 2682 840 2722 legitur
860 2682 894 2713 in
913 2694 938 2714 c.
950 2684 1090 2726 Ecclefia
1103 2695 1153 2723 ver

155 2721 225 2763 stra
236 2745 246 2760 ‚
266 2725 292 2756 il
302 2724 370 2756 2.de
378 2725 498 2757 elea&
509 2724 542 2756 in
553 2723 664 2756 nostris
675 2723 739 2756 fere
751 2725 898 2757 terminis
907 2728 1004 2758 tradit
1015 2727 1153 2759 Navarr.

164 2767 240 2814 cons.
252 2777 303 2808 40.
315 2767 440 2801 Matth.
451 2772 563 2800 num.6.
574 2766 610 2798 de
619 2767 933 2809 regul.Qiamobte1n
946 2780 1002 2810 pro
1014 2770 1155 2802 remedio

162 2810 404 2847 deliberandum
433 2822 474 2845 an
495 2812 532 2844 sit
553 2812 674 2847 edenda
688 2811 863 2844 declaratio
881 2813 1082 2853 particularis
1101 2823 1155 2857 per

255 3450 361 3494 Prosp.
380 3452 568 3497 Fagnanqn
576 3454 603 3486 l.
614 3450 685 3487 Lib.
697 3451 852 3486 Decrml.

2001 0 2104 39 «η,

1161 73 1236 104 alias
1249 72 1367 103 litteras
1379 72 1412 102 in
1425 71 1524 102 torma
1537 70 1641 102 Brevis
1653 92 1662 106 ,
1674 75 1814 110 mentem
1825 64 2008 98 sanctitatis
2020 66 2076 96 suae
2089 75 2154 97 non

1160 115 1247 147 fuisse
1267 115 1300 146 in
1328 115 1436 156 primis
1457 114 1571 146 litteris
1604 114 1763 144 ullatenus
1787 113 1939 150 derogare
1960 105 2156 141 Tridentino

1160 158 1316 190 Concilio
1337 170 1343 189 :
1368 169 1402 189 ac
1425 157 1557 198 proinde
1579 165 1633 189 eos
1650 156 1766 197 quibus
1785 151 2044 195 qtiiiiquennium
2060 151 2077 182 a
2103 151 2155 183 die

1161 201 1357 242 professionis
1379 201 1513 241 elapsum
1534 199 1692 235 nonfuit,
1717 198 1763 230 ita
1782 201 1908 230 demum
1921 195 2052 237 potuisse
2072 194 2157 228 liabi-

1163 255 1229 277 tum
1240 245 1417 292 regularem
1427 243 1610 280 dimittere,
1633 242 1908 274 sideclaratoriam
1930 238 2085 270 nullitatis
2097 238 2153 269 ob-

1163 289 1320 320 tinuerint
1331 289 1346 318 a
1359 288 1412 318 suo
1423 288 1589 328 Superiore
1602 298 1610 322 ·,
1623 297 1676 317 eos
1689 286 1762 317 vero
1773 285 1885 324 quibus
1896 282 2156 323 quinquennium

1166 333 1224 373 jam
1239 332 1296 362 fuit
1317 332 1458 362 exactum
1480 331 1676 362 nullomodo
1695 327 1853 369 potuiffcc·
1875 325 2030 365 religione
2050 325 2155 360 erite,

1161 377 1194 408 δέ
1206 374 1270 409 τῖιιη
1282 375 1398 414 primos
1409 397 1418 410 ,
1439 374 1533 415 quam
1543 373 1692 405 secundos
1704 395 1712 407 ‚
1732 371 1834 412 quide
1856 370 1938 401 sacto
1950 380 2016 400 non
2036 368 2156 400 servata

1162 418 1266 449 forma
1275 417 1423 449 Concilii
1436 417 1578 448 habitum
1589 415 1777 447 dimiserunt
1791 414 1910 446 teneri:
1933 411 2155 452 cogendosque

1163 462 1221 493 eise
1233 462 1374 493 habitum
1387 461 1589 496 reassumere,
1614 469 1706 499 atque
1719 460 1755 490 ad
1777 457 1965 497 religionem
1976 455 2097 491 redire,
2120 464 2156 486 ac

1164 504 1221 538 nisi
1233 504 1392 545 paruerint
1416 514 1578 544 tamquam
1596 502 1747 543 apostatas
1764 501 1822 532 else
1843 499 2018 541 puniendos
2040 498 2076 530 ad
2086 508 2158 538 pra:—

1164 548 1313 588 striptum
1324 546 1430 588 d.cap.
1448 546 1565 586 ¹9·s⁶'ffi
1579 544 1776 585 25.deregul.
1796 543 1962 576 novissime
1975 553 2011 574 ex
2034 543 2158 574 senten-

1165 591 1211 625 tia
1230 592 1298 623 Sac.
1320 589 1591 631 Confert-gationis
1603 587 1749 621 Concilii
1768 588 1890 621 editum
1911 585 1997 618 fuiti
2019 585 2048 617 S.
2061 584 2103 616 D.
2114 584 2157 616 N.

1166 637 1329 668 decretum
1344 634 1533 674 infrascripti
1545 631 1667 664 tenoris
1676 631 1826 664 videlicet
1837 654 1844 661 .

1211 677 1450 718 [Sanffislimus
1472 676 1630 708 Dominus
1650 673 1917 706 nosterUrbanus
1938 673 2048 705 divina
2060 672 2161 714 provi·

1168 722 1275 753 dentia
1295 721 1375 762 Papa
1392 720 1476 751 VIII.
1498 721 1535 752 ad
1556 720 1788 751 occurrendum
1806 717 1946 748 moribus
1965 716 2021 757 qui
2041 715 2161 757 possent

1169 765 1202 795 in
1215 765 1437 805 Religionibus
1449 764 1527 795 oriri
1538 762 1699 794 occasione
1721 761 1913 801 receptionis
1933 758 2160 795 Novitiorum,

1167 810 1200 839 &
1218 808 1414 850 professionis
1442 818 1493 848 per
1512 817 1565 838 eos
1584 805 1697 838 emissa:
1719 803 1752 836 in
1772 803 1996 835 Conventibus
2019 813 2084 834 non
2104 804 2159 834 de-

1169 852 1298 891 signatis
1329 861 1442 883 contra
1464 851 1596 881 formam
1627 851 1829 880 decretorum
1858 844 1978 878 Sanctae
2002 845 2162 877 meinotiae

1169 895 1346 928 Clementis
1368 894 1452 925 VIII.
1473 896 1510 925 de
1544 892 1689 924 Novitiis
1723 894 1757 922 ad
1791 889 1934 922 habitum
1955 889 2130 928 regularem
2150 910 2162 924 ‚

1170 942 1203 971 &
1231 938 1451 980 profesIIOnem
1481 947 1547 968 non
1580 934 1777 967 admittentis
1797 956 1806 969 ,
1840 932 1897 964 nisi
1922 934 1953 963 in
1985 930 2164 963 Conventi-

1171 984 1227 1014 bus
1238 982 1425 1022 designatis,
1448 979 1648 1020 auditasuper
1668 979 1726 1009 lioc
1739 976 1895 1009 sententia
1905 975 2005 1007 Sacra:
2019 973 2165 1015 Congre-

1171 1026 1311 1067 gationis
1322 1024 1514 1059 declaravit,
1535 1025 1567 1055 &
1587 1021 1727 1054 decrevit
1747 1019 1890 1051 liusmodi
1912 1019 2065 1059 susceptos
2087 1027 2164 1049 con-

1172 1080 1221 1101 tra
1239 1069 1373 1100 formam
1394 1067 1551 1099 dictorum
1579 1068 1780 1097 decretorum
1802 1064 1972 1104 allegantes
2003 1061 2167 1103 propterea.

1172 1113 1353 1144 nullitatem
1373 1110 1565 1151 receptionis
1584 1131 1593 1145 ‚
1616 1110 1649 1140 &
1668 1106 1864 1149 professionis
1886 1116 1951 1137 non
1973 1104 2055 1146 posse
2077 1104 2165 1145 super

1171 1155 1349 1198 hujusmodi
1377 1155 1524 1186 nullitate
1560 1151 1624 1193 post
1654 1151 1770 1192 lapsum
1799 1148 2015 1191 quinquennii
2034 1158 2168 1190 quoquo

1172 1202 1269 1231 modo
1287 1198 1409 1231 audiri.
1431 1196 1530 1238 Qiod
1558 1196 1579 1227 si
1600 1194 1700 1235 aliqui
1726 1203 1840 1225 contra
1861 1192 1996 1224 formam
2024 1190 2167 1233 pra’fato-

1173 1253 1243 1275 rum
1263 1244 1463 1274 decretorum
1484 1240 1601 1280 recepti
1621 1261 1630 1275 ,
1659 1240 1692 1270 &
1712 1236 1834 1278 professi
1866 1234 1882 1266 ἐ
1904 1235 2061 1274 religione
2084 1233 2167 1266 infra

1173 1284 1429 1327 quinquennium
1451 1284 1552 1319 exite,
1577 1284 1622 1314 vel
1647 1281 1828 1321 Superiores
1848 1289 1937 1310 extra
1948 1277 2167 1318 eamrespetsti-

1176 1331 1212 1362 vc
1225 1330 1295 1361 illos
1306 1329 1420 1371 ejicere
1442 1326 1599 1358 voluerint
1613 1347 1622 1362 ,
1643 1327 1752 1357 eadem
1764 1321 1920 1354 Sanstitas
1932 1322 1993 1353 Sua
2003 1321 2144 1353 decrevit
2156 1342 2167 1357 ‚

1175 1384 1209 1406 ut
1222 1372 1284 1405 tam
1299 1372 1352 1414 ipsi
1373 1370 1496 1412 professi
1509 1393 1517 1405 ,
1538 1370 1633 1410 quam
1653 1367 1833 1407 Superiores
1853 1364 2019 1406 respeffive
2039 1374 2169 1396 tenean-

1176 1428 1227 1450 tur
1247 1417 1320 1457 Jura
1329 1425 1396 1457 quie
1419 1414 1474 1445 libi
1488 1413 1589 1445 favere
1608 1411 1672 1443 visa
1683 1409 1800 1442 fuerint
1815 1431 1824 1446 ‚
1844 1409 1928 1449 prius
1946 1410 2101 1440 deducere
2112 1418 2169 1438 co-

1175 1471 1243 1493 ram
1253 1461 1361 1492 eadem
1378 1456 1640 1498 Congregatione
1650 1464 1718 1496 quae
1739 1464 1773 1485 ex
1786 1452 1911 1493 speciali
1931 1451 2028 1484 etiam
2048 1449 2171 1482 Sancti-

1177 1504 1252 1536 tatis
1262 1504 1330 1534 Sua:
1342 1502 1492 1534 facultate
1512 1500 1597 1540 super
1617 1500 1676 1530 lioc
1701 1496 1845 1529 concessa
1862 1494 2060 1537 providebit.
2087 1493 2174 1525 Inhi-

1177 1549 1315 1579 bendum
1343 1546 1504 1586 propterea
1524 1541 1734 1577 Friniatibus,
1758 1539 1946 1571 Patriarcliis
1966 1561 1976 1575 ,
2008 1536 2175 1578 Arcliiepi-

1177 1590 1297 1632 scopis,
1327 1588 1521 1623 Abbatibus,
1544 1588 1577 1618 &
1595 1585 1734 1617 Praelatis
1756 1582 1959 1614 inferioribus
1980 1579 2174 1622 Jurisdistio-

1178 1645 1254 1666 nem
1271 1632 1508 1667 exercentibus,
1530 1633 1562 1662 ὃς
1580 1628 1830 1671 quibuscumque
1849 1625 2012 1667 Judicibus
2032 1623 2176 1656 Ordina-

1179 1678 1259 1713 riis,
1280 1675 1476 1716 &delegatis
1496 1674 1594 1705 etiam
1613 1672 1775 1704 causarum
1793 1667 2093 1710 PalatiiApostolici
2113 1668 2177 1700 Au-

1178 1720 1336 1753 ditoribus
1357 1718 1430 1751 &S.
1444 1717 1483 1749 R.
1496 1717 1531 1748 E.
1551 1715 1777 1749 Cardinalibus
1795 1736 1806 1750 ,
1826 1713 1926 1746 etiam
1944 1714 1983 1744 de
2004 1713 2100 1744 latere
2120 1711 2177 1744 Le-

1179 1764 1282 1805 gatis‚
1303 1762 1451 1803 Sedisque
1474 1759 1660 1801 Apostolicae
1681 1757 1837 1794 Nuntiis,
1858 1766 1898 1789 ne
1917 1757 1952 1788 in
1972 1755 2127 1797 posterum
2139 1756 2175 1788 in

1179 1809 1240 1839 lioc
1261 1806 1491 1848 quoquomodo
1509 1805 1536 1836 se
1557 1804 1704 1844 ingerant
1733 1800 1847 1842 absque
1871 1799 1997 1840 speciali
2017 1799 2174 1841 ejusdem.

1180 1850 1364 1883 Sanffitatis
1383 1847 1604 1881 commissione
1615 1846 1668 1878 sub
1688 1855 1780 1886 poena
1799 1843 1863 1884 ipso
1880 1843 1963 1875 faeto
1984 1842 2177 1875 incurrendis

1180 1897 1285 1936 quoad
1311 1893 1497 1934 episcopos.
1522 1887 1799 1929 Areliiepiscopos,
1823 1886 2040 1922 patriarchas,
2059 1888 2092 1918 &
2111 1885 2177 1918 Pri-

1181 1947 1280 1970 mates
1302 1935 1461 1968 interditsti
1493 1935 1529 1966 ab
1549 1933 1684 1974 ingressu
1704 1929 1865 1963 Ecclesiae:
1887 1932 1992 1971 quoad
2013 1929 2150 1961 Abbates
2164 1952 2174 1963 .,

1183 1981 1329 2013 Praelatos
1341 1978 1507 2011 inferiores
1517 2000 1527 2014 ‚
1548 1983 1584 2009 ac
1597 1976 1674 2009 alios
1685 1975 1810 2016 Judices
1821 1972 1982 2015 ptaedietos
1993 1981 2175 2004 excommu-

1182 2023 1358 2056 nicationis
1368 2024 1436 2054 lata:
1446 2021 1609 2054 sententiae
1621 2032 1628 2051 :
1640 2018 1719 2060 Qio
1730 2016 1805 2049 vero
1817 2019 1853 2049 ad
1864 2016 2025 2052 Nuntios,
2052 2017 2088 2047 ad
2100 2015 2176 2048 San-

1181 2068 1238 2101 ‹stae
1250 2067 1402 2099 Romanae
1413 2065 1556 2097 Ecclesia:
1570 2062 1758 2095 Cardinales
1768 2060 1864 2093 etiam
1874 2063 1912 2092 de
1925 2061 2020 2091 latere
2040 2058 2177 2099 Legatos

1184 2110 1419 2152 indignationis
1430 2109 1497 2140 Suae
1517 2105 1700 2139 SanCtitatis
1719 2105 1751 2136 δε
1763 2109 1927 2144 poenarum
1946 2102 2080 2134 arbitrio
2099 2102 2178 2145 ejus-

1184 2158 1256 2187 dem
1276 2154 1559 2195 imponendarum.

1227 2199 1262 2230 Si
1288 2195 1365 2228 verb
1383 2196 1480 2227 iidem
1509 2204 1543 2226 ut
1564 2193 1652 2234 supra
1680 2190 1819 2232 recepti,
1846 2191 1879 2222 δε
1909 2188 2033 2231 professi
2053 2188 2179 2230 Juribus

1185 2242 1245 2274 suis
1269 2239 1403 2273 minime
1424 2237 1565 2271 deduCtis
1587 2245 1694 2268 coram
1714 2234 1784 2265 Sao.
1804 2232 2066 2273 congregatione
2089 2231 2178 2264 Con—

1185 2284 1276 2320 cilii,
1304 2285 1336 2315 &
1365 2282 1428 2314 sine
1451 2281 1538 2313 illius
1562 2279 1695 2320 expressa
1715 2276 1846 2309 licentia
1867 2274 1884 2307 ὲ
1914 2276 2096 2316 Religionis
2116 2275 2179 2306 exi-

1186 2339 1239 2365 te,
1261 2328 1308 2358 vel
1321 2325 1501 2366 Superiores
1523 2321 1706 2363 Religionis
1726 2321 1841 2362 ejicere
1863 2318 1927 2350 ausi
1950 2318 2068 2350 fuerint
2088 2328 2174 2350 rece-

1187 2372 1232 2413 pti
1242 2394 1252 2408 ,
1272 2373 1304 2402 &
1317 2369 1439 2411 professi
1451 2377 1612 2409 tamquam
1623 2365 1776 2405 Apostatce
1786 2363 1975 2404 puniantur,
1995 2363 2028 2393 &
2039 2372 2096 2402 pro
2106 2361 2180 2392 tali-

1187 2417 1244 2447 bus
1255 2415 1446 2448 habeantur,
1470 2420 1596 2442 necnon
1608 2407 1853 2440 contraeosdem
1878 2415 1952 2438 uxta
1971 2404 2106 2437 formam
2126 2406 2179 2436 de-

1188 2458 1318 2490 cretide
1330 2454 1542 2497 Regular'ibus
1567 2451 1741 2493 Apostatis‚
1761 2451 1869 2492 &ejec
1887 2448 1911 2479 is
1921 2448 2055 2490 ejusdem
2068 2471 2075 2478 .
2098 2447 2178 2479 San-

1189 2501 1308 2534 ffitatis
1328 2500 1395 2531 Suae
1425 2498 1502 2540 jussu
1523 2497 1559 2528 ab
1588 2497 1695 2527 eadem
1715 2494 1811 2525 Sacra
1832 2491 2094 2533 congregatione
2124 2490 2179 2522 sub

1188 2545 1240 2577 die
1261 2554 1310 2575 21.
1330 2540 1520 2584 Septembris
1549 2543 1639 2578 1624.
1660 2536 1739 2569 editi
1759 2537 1965 2577 procedatur,
1984 2536 2017 2567 δέ
2034 2533 2179 2575 Superio-

1190 2599 1258 2624 res,
1276 2587 1331 2627 qui
1351 2585 1503 2629 ejecerint
1523 2592 1647 2624 poenam
1668 2579 1868 2621 suspensionis
1889 2580 1925 2610 ad
1938 2577 2079 2614 divinis,
2103 2586 2179 2608 nec-

1191 2641 1257 2663 non
1277 2628 1465 2671 privationis
1484 2626 1661 2659 officiorum
1679 2623 1844 2658 omnium,
1864 2631 1934 2663 quae
1951 2631 2029 2652 tunc
2050 2620 2179 2651 obtine-

1192 2677 1271 2706 bunt
1290 2696 1300 2709 ,
1324 2683 1359 2704 ac
1379 2680 1531 2713 perpetuae
1550 2667 1759 2700 inhabilitatis
1778 2667 1814 2697 ad
1836 2676 1873 2697 ea
1893 2664 1927 2696 in
1952 2663 2107 2705 posterum
2126 2663 2181 2694 ob-

1193 2718 1343 2752 tinenda,
1364 2715 1512 2755 vocisque
1541 2711 1646 2744 affivae
1673 2720 1708 2742 ac
1729 2708 1848 2750 paffivae
1869 2708 1933 2749 ipso
1954 2706 2036 2755 facito
2066 2706 2178 2747 absque

1194 2762 1257 2793 alia
1272 2759 1488 2791 decl-aratione
1506 2757 1688 2790 incurrant.
1718 2753 1839 2788 Datum
1858 2749 1970 2784 Romae
1989 2752 2041 2783 die
2064 2758 2112 2790 15.
2132 2748 2181 2790 Ja-

1195 2804 1301 2837 nuarii
1324 2801 1439 2843 16362)

1774 3443 1832 3476 V'u
1876 3454 1897 3483 4
2067 3441 2098 3472 D
2120 3441 2143 3472 E
