<?xml version="1.0" encoding="UTF-8"?>
<!DOCTYPE html PUBLIC "-//W3C//DTD XHTML 1.0 Transitional//EN"
    "http://www.w3.org/TR/xhtml1/DTD/xhtml1-transitional.dtd">
<html xmlns="http://www.w3.org/1999/xhtml" xml:lang="en" lang="en">
 <head>
  <title>
</title>
<meta http-equiv="Content-Type" content="text/html;charset=utf-8" />
  <meta name='ocr-system' content='tesseract 3.04.00' />
  <meta name='ocr-capabilities' content='ocr_page ocr_carea ocr_par ocr_line ocrx_word'/>
</head>
<body>
  <div class='ocr_page' id='page_1' title='image "./commentariainpri01fagn_0605.png"; bbox 0 0 2397 3664; ppageno 0'>
   <div class='ocr_carea' id='block_1_1' title="bbox 671 39 2130 111">
    <p class='ocr_par' dir='ltr' id='par_1_1' title="bbox 671 39 2130 111">
     <span class='ocr_line' id='line_1_1' title="bbox 671 39 2130 111; baseline -0.001 -13"><span class='ocrx_word' id='word_1_1' title='bbox 671 43 758 98; x_wconf 89' lang='lat' dir='ltr'>De</span> <span class='ocrx_word' id='word_1_2' title='bbox 782 41 908 98; x_wconf 88' lang='lat' dir='ltr'>offic.</span> <span class='ocrx_word' id='word_1_3' title='bbox 930 39 1170 97; x_wconf 83' lang='lat' dir='ltr'>Ordinar.</span> <span class='ocrx_word' id='word_1_4' title='bbox 1197 58 1241 94; x_wconf 84' lang='lat' dir='ltr'>c·</span> <span class='ocrx_word' id='word_1_5' title='bbox 1271 39 1657 111; x_wconf 59' lang='lat' dir='ltr'>Conquerentm</span> <span class='ocrx_word' id='word_1_6' title='bbox 2039 61 2060 103; x_wconf 84' lang='lat'>5</span> <span class='ocrx_word' id='word_1_7' title='bbox 2074 56 2130 104; x_wconf 84' lang='lat'>83</span> 
     </span>
    </p>
   </div>
   <div class='ocr_carea' id='block_1_2' title="bbox 151 125 1144 473">
    <p class='ocr_par' dir='ltr' id='par_1_2' title="bbox 151 125 1144 473">
     <span class='ocr_line' id='line_1_2' title="bbox 155 125 1143 163; baseline -0.007 0"><span class='ocrx_word' id='word_1_8' title='bbox 155 130 314 163; x_wconf 77' lang='lat' dir='ltr'>habetein</span> <span class='ocrx_word' id='word_1_9' title='bbox 334 129 393 162; x_wconf 79' lang='lat' dir='ltr'>suis</span> <span class='ocrx_word' id='word_1_10' title='bbox 413 128 645 163; x_wconf 70' lang='lat' dir='ltr'>parochialibus</span> <span class='ocrx_word' id='word_1_11' title='bbox 666 128 889 159; x_wconf 75' lang='lat' dir='ltr'>l&#39;i‘xdicatores</span> <span class='ocrx_word' id='word_1_12' title='bbox 901 125 1073 161; x_wconf 78' lang='lat' dir='ltr'>formatos,</span> <span class='ocrx_word' id='word_1_13' title='bbox 1094 125 1143 156; x_wconf 85' lang='lat' dir='ltr'>sed</span> 
     </span>
     <span class='ocr_line' id='line_1_3' title="bbox 154 170 1143 212; baseline -0.005 -7"><span class='ocrx_word' id='word_1_14' title='bbox 154 173 228 206; x_wconf 84' lang='lat' dir='ltr'>satis</span> <span class='ocrx_word' id='word_1_15' title='bbox 237 173 298 205; x_wconf 79' lang='lat' dir='ltr'>esse</span> <span class='ocrx_word' id='word_1_16' title='bbox 310 173 328 205; x_wconf 92' lang='lat' dir='ltr'>si</span> <span class='ocrx_word' id='word_1_17' title='bbox 339 176 474 205; x_wconf 81' lang='lat' dir='ltr'>doceant</span> <span class='ocrx_word' id='word_1_18' title='bbox 486 170 657 204; x_wconf 74' lang='lat' dir='ltr'>secundum</span> <span class='ocrx_word' id='word_1_19' title='bbox 668 171 698 203; x_wconf 85' lang='lat' dir='ltr'>d.</span> <span class='ocrx_word' id='word_1_20' title='bbox 709 180 775 212; x_wconf 66' lang='lat' dir='ltr'>cap.</span> <span class='ocrx_word' id='word_1_21' title='bbox 789 183 818 202; x_wconf 64' lang='grc' dir='ltr'>ι.</span> <span class='ocrx_word' id='word_1_22' title='bbox 830 170 891 202; x_wconf 90' lang='lat' dir='ltr'>Alii</span> <span class='ocrx_word' id='word_1_23' title='bbox 904 170 1143 201; x_wconf 85' lang='lat' dir='ltr'>considerarunt</span> 
     </span>
     <span class='ocr_line' id='line_1_4' title="bbox 153 211 1144 257; baseline -0.005 -9"><span class='ocrx_word' id='word_1_24' title='bbox 153 226 221 248; x_wconf 83' lang='lat' dir='ltr'>rem</span> <span class='ocrx_word' id='word_1_25' title='bbox 231 215 311 248; x_wconf 82' lang='lat' dir='ltr'>hanc</span> <span class='ocrx_word' id='word_1_26' title='bbox 323 217 381 249; x_wconf 79' lang='lat' dir='ltr'>else</span> <span class='ocrx_word' id='word_1_27' title='bbox 390 226 518 257; x_wconf 79' lang='lat' dir='ltr'>gravem</span> <span class='ocrx_word' id='word_1_28' title='bbox 528 238 537 251; x_wconf 91' lang='lat'>,</span> <span class='ocrx_word' id='word_1_29' title='bbox 556 219 587 246; x_wconf 60' lang='grc' dir='ltr'>δι’</span> <span class='ocrx_word' id='word_1_30' title='bbox 599 215 807 254; x_wconf 75' lang='lat' dir='ltr'>exemplarem</span> <span class='ocrx_word' id='word_1_31' title='bbox 820 225 828 249; x_wconf 78' lang='lat'>3</span> <span class='ocrx_word' id='word_1_32' title='bbox 847 217 879 246; x_wconf 72' lang='grc' dir='ltr'>ὅ(</span> <span class='ocrx_word' id='word_1_33' title='bbox 892 212 913 245; x_wconf 87' lang='lat' dir='ltr'>si</span> <span class='ocrx_word' id='word_1_34' title='bbox 933 213 978 244; x_wconf 87' lang='lat' dir='ltr'>ita</span> <span class='ocrx_word' id='word_1_35' title='bbox 989 211 1144 245; x_wconf 83' lang='lat' dir='ltr'>universa-</span> 
     </span>
     <span class='ocr_line' id='line_1_5' title="bbox 155 254 1143 299; baseline -0.005 -8"><span class='ocrx_word' id='word_1_36' title='bbox 155 260 481 295; x_wconf 82' lang='lat' dir='ltr'>litcrenunciarctur,</span> <span class='ocrx_word' id='word_1_37' title='bbox 503 258 674 299; x_wconf 68' lang='lat' dir='ltr'>parituram</span> <span class='ocrx_word' id='word_1_38' title='bbox 692 257 893 293; x_wconf 78' lang='lat' dir='ltr'>scandalum,</span> <span class='ocrx_word' id='word_1_39' title='bbox 913 258 1030 288; x_wconf 89' lang='lat' dir='ltr'>multos</span> <span class='ocrx_word' id='word_1_40' title='bbox 1051 254 1143 287; x_wconf 81' lang='lat' dir='ltr'>Paro-</span> 
     </span>
     <span class='ocr_line' id='line_1_6' title="bbox 154 300 1141 344; baseline -0.004 -11"><span class='ocrx_word' id='word_1_41' title='bbox 154 302 251 340; x_wconf 70' lang='lat' dir='ltr'>elios,</span> <span class='ocrx_word' id='word_1_42' title='bbox 265 304 322 344; x_wconf 87' lang='lat' dir='ltr'>qui</span> <span class='ocrx_word' id='word_1_43' title='bbox 340 303 509 344; x_wconf 80' lang='lat' dir='ltr'>praedicant</span> <span class='ocrx_word' id='word_1_44' title='bbox 531 301 676 333; x_wconf 81' lang='lat' dir='ltr'>formiter</span> <span class='ocrx_word' id='word_1_45' title='bbox 697 310 901 332; x_wconf 82' lang='lat' dir='ltr'>avocaturam</span> <span class='ocrx_word' id='word_1_46' title='bbox 920 301 958 331; x_wconf 87' lang='lat' dir='ltr'>ab</span> <span class='ocrx_word' id='word_1_47' title='bbox 976 301 1036 331; x_wconf 85' lang='lat' dir='ltr'>lioc</span> <span class='ocrx_word' id='word_1_48' title='bbox 1057 300 1141 332; x_wconf 89' lang='lat' dir='ltr'>bono</span> 
     </span>
     <span class='ocr_line' id='line_1_7' title="bbox 153 342 1140 387; baseline -0.003 -11"><span class='ocrx_word' id='word_1_49' title='bbox 153 355 245 387; x_wconf 83' lang='lat' dir='ltr'>opere</span> <span class='ocrx_word' id='word_1_50' title='bbox 257 370 264 377; x_wconf 92' lang='lat'><strong><em>.</em></strong></span> <span class='ocrx_word' id='word_1_51' title='bbox 288 345 436 378; x_wconf 69' lang='lat' dir='ltr'>Dra-terea</span> <span class='ocrx_word' id='word_1_52' title='bbox 447 356 512 376; x_wconf 89' lang='lat' dir='ltr'>non</span> <span class='ocrx_word' id='word_1_53' title='bbox 523 345 580 376; x_wconf 79' lang='lat' dir='ltr'>else</span> <span class='ocrx_word' id='word_1_54' title='bbox 593 353 698 376; x_wconf 87' lang='lat' dir='ltr'>tutum</span> <span class='ocrx_word' id='word_1_55' title='bbox 708 343 897 376; x_wconf 83' lang='lat' dir='ltr'>sententiam</span> <span class='ocrx_word' id='word_1_56' title='bbox 909 342 948 374; x_wconf 88' lang='lat' dir='ltr'>sic</span> <span class='ocrx_word' id='word_1_57' title='bbox 959 343 1140 383; x_wconf 74' lang='lat' dir='ltr'>generalem</span> 
     </span>
     <span class='ocr_line' id='line_1_8' title="bbox 153 386 1141 431; baseline -0.003 -11"><span class='ocrx_word' id='word_1_58' title='bbox 153 389 327 422; x_wconf 85' lang='lat' dir='ltr'>enunciare</span> <span class='ocrx_word' id='word_1_59' title='bbox 338 399 462 431; x_wconf 88' lang='lat' dir='ltr'>propter</span> <span class='ocrx_word' id='word_1_60' title='bbox 473 388 669 420; x_wconf 76' lang='lat' dir='ltr'>Parocliiales</span> <span class='ocrx_word' id='word_1_61' title='bbox 679 409 689 424; x_wconf 91' lang='lat'>,</span> <span class='ocrx_word' id='word_1_62' title='bbox 717 389 750 418; x_wconf 70' lang='grc' dir='ltr'>ὃ(</span> <span class='ocrx_word' id='word_1_63' title='bbox 761 388 875 428; x_wconf 88' lang='lat' dir='ltr'>populo</span> <span class='ocrx_word' id='word_1_64' title='bbox 886 409 895 422; x_wconf 94' lang='lat'><em>,</em></span> <span class='ocrx_word' id='word_1_65' title='bbox 916 389 948 418; x_wconf 63' lang='grc' dir='ltr'>ὃς</span> <span class='ocrx_word' id='word_1_66' title='bbox 960 386 1064 418; x_wconf 89' lang='lat' dir='ltr'>reditu</span> <span class='ocrx_word' id='word_1_67' title='bbox 1075 396 1141 417; x_wconf 82' lang='lat' dir='ltr'>ma-</span> 
     </span>
     <span class='ocr_line' id='line_1_9' title="bbox 151 428 1139 473; baseline -0.005 -8"><span class='ocrx_word' id='word_1_68' title='bbox 151 441 250 472; x_wconf 80' lang='lat' dir='ltr'>gnas,</span> <span class='ocrx_word' id='word_1_69' title='bbox 267 442 335 473; x_wconf 69' lang='lat' dir='ltr'>quae</span> <span class='ocrx_word' id='word_1_70' title='bbox 349 434 532 472; x_wconf 81' lang='lat' dir='ltr'>plerumque</span> <span class='ocrx_word' id='word_1_71' title='bbox 551 432 685 471; x_wconf 68' lang='lat' dir='ltr'>majores</span> <span class='ocrx_word' id='word_1_72' title='bbox 697 429 765 461; x_wconf 92' lang='lat' dir='ltr'>sunt</span> <span class='ocrx_word' id='word_1_73' title='bbox 783 430 923 471; x_wconf 84' lang='lat' dir='ltr'>pluribus</span> <span class='ocrx_word' id='word_1_74' title='bbox 942 428 1139 462; x_wconf 77' lang='lat' dir='ltr'>Catliedrali-</span> 
     </span>
    </p>
   </div>
   <div class='ocr_carea' id='block_1_3' title="bbox 1179 121 2188 471">
    <p class='ocr_par' dir='ltr' id='par_1_3' title="bbox 1179 121 2188 471">
     <span class='ocr_line' id='line_1_10' title="bbox 1222 121 2184 165; baseline 0.004 -11"><span class='ocrx_word' id='word_1_75' title='bbox 1222 122 1445 165; x_wconf 76' lang='lat' dir='ltr'>Supi·alcrip.is</span> <span class='ocrx_word' id='word_1_76' title='bbox 1467 129 1543 157; x_wconf 73' lang='lat' dir='ltr'>adde</span> <span class='ocrx_word' id='word_1_77' title='bbox 1554 124 1744 157; x_wconf 78' lang='lat' dir='ltr'>Concilium</span> <span class='ocrx_word' id='word_1_78' title='bbox 1766 121 1947 157; x_wconf 77' lang='lat' dir='ltr'>Arelatense</span> <span class='ocrx_word' id='word_1_79' title='bbox 1968 123 2024 156; x_wconf 82' lang='lat' dir='ltr'>lv.</span> <span class='ocrx_word' id='word_1_80' title='bbox 2047 126 2184 159; x_wconf 69' lang='lat' dir='ltr'>celebra-</span> 
     </span>
     <span class='ocr_line' id='line_1_11' title="bbox 1186 167 2185 208; baseline 0.004 -11"><span class='ocrx_word' id='word_1_81' title='bbox 1186 176 1254 198; x_wconf 89' lang='lat' dir='ltr'>tum</span> <span class='ocrx_word' id='word_1_82' title='bbox 1285 167 1338 198; x_wconf 84' lang='lat' dir='ltr'>sub</span> <span class='ocrx_word' id='word_1_83' title='bbox 1370 168 1476 200; x_wconf 83' lang='lat' dir='ltr'>Leone</span> <span class='ocrx_word' id='word_1_84' title='bbox 1505 169 1578 200; x_wconf 85' lang='lat'>111.</span> <span class='ocrx_word' id='word_1_85' title='bbox 1609 168 1730 201; x_wconf 73' lang='lat' dir='ltr'>carolo</span> <span class='ocrx_word' id='word_1_86' title='bbox 1751 167 1876 208; x_wconf 83' lang='lat' dir='ltr'>Magno</span> <span class='ocrx_word' id='word_1_87' title='bbox 1910 167 2104 208; x_wconf 82' lang='lat' dir='ltr'>Imperatore</span> <span class='ocrx_word' id='word_1_88' title='bbox 2130 179 2185 201; x_wconf 86' lang='lat' dir='ltr'>an-</span> 
     </span>
     <span class='ocr_line' id='line_1_12' title="bbox 1185 208 2179 252; baseline 0.002 -11"><span class='ocrx_word' id='word_1_89' title='bbox 1185 219 1228 241; x_wconf 89' lang='lat' dir='ltr'>no</span> <span class='ocrx_word' id='word_1_90' title='bbox 1247 208 1354 242; x_wconf 83' lang='lat' dir='ltr'>salutis</span> <span class='ocrx_word' id='word_1_91' title='bbox 1375 213 1446 250; x_wconf 82' lang='lat'>813.</span> <span class='ocrx_word' id='word_1_92' title='bbox 1460 221 1524 252; x_wconf 79' lang='lat' dir='ltr'>cap.</span> <span class='ocrx_word' id='word_1_93' title='bbox 1552 222 1598 244; x_wconf 87' lang='lat'>10.</span> <span class='ocrx_word' id='word_1_94' title='bbox 1618 210 1656 243; x_wconf 82' lang='lat' dir='ltr'>de</span> <span class='ocrx_word' id='word_1_95' title='bbox 1682 210 1894 252; x_wconf 61' lang='lat' dir='ltr'>predicatione</span> <span class='ocrx_word' id='word_1_96' title='bbox 1911 221 1991 244; x_wconf 84' lang='lat' dir='ltr'>tomo</span> <span class='ocrx_word' id='word_1_97' title='bbox 2015 221 2041 251; x_wconf 88' lang='lat'>3.</span> <span class='ocrx_word' id='word_1_98' title='bbox 2061 214 2179 244; x_wconf 74' lang='lat' dir='ltr'>Concil.</span> 
     </span>
     <span class='ocr_line' id='line_1_13' title="bbox 1183 253 2182 298; baseline 0.003 -14"><span class='ocrx_word' id='word_1_99' title='bbox 1183 261 1264 294; x_wconf 65' lang='lat' dir='ltr'>part.</span> <span class='ocrx_word' id='word_1_100' title='bbox 1291 264 1315 285; x_wconf 86' lang='lat'>1.</span> <span class='ocrx_word' id='word_1_101' title='bbox 1331 253 1405 294; x_wconf 60' lang='lat' dir='ltr'>sesi.</span> <span class='ocrx_word' id='word_1_102' title='bbox 1427 267 1454 287; x_wconf 82' lang='lat'>2.</span> <span class='ocrx_word' id='word_1_103' title='bbox 1487 265 1555 296; x_wconf 65' lang='lat' dir='ltr'>pag.</span> <span class='ocrx_word' id='word_1_104' title='bbox 1580 259 1649 293; x_wconf 78' lang='lat'>188.</span> <span class='ocrx_word' id='word_1_105' title='bbox 1679 256 1732 286; x_wconf 87' lang='lat' dir='ltr'>ubi</span> <span class='ocrx_word' id='word_1_106' title='bbox 1757 254 1797 287; x_wconf 87' lang='lat' dir='ltr'>s1c</span> <span class='ocrx_word' id='word_1_107' title='bbox 1820 255 1955 298; x_wconf 82' lang='lat' dir='ltr'>legitur:</span> <span class='ocrx_word' id='word_1_108' title='bbox 1977 253 2182 287; x_wconf 65' lang='lat' dir='ltr'>providimus</span> 
     </span>
     <span class='ocr_line' id='line_1_14' title="bbox 1182 297 2188 342; baseline 0.002 -15"><span class='ocrx_word' id='word_1_109' title='bbox 1182 299 1262 327; x_wconf 82' lang='lat' dir='ltr'>enim</span> <span class='ocrx_word' id='word_1_110' title='bbox 1281 306 1333 337; x_wconf 84' lang='lat' dir='ltr'>pro</span> <span class='ocrx_word' id='word_1_111' title='bbox 1352 297 1549 337; x_wconf 68' lang='lat' dir='ltr'>edificatione</span> <span class='ocrx_word' id='word_1_112' title='bbox 1572 309 1702 330; x_wconf 71' lang='lat' dir='ltr'>omnium</span> <span class='ocrx_word' id='word_1_113' title='bbox 1724 299 1954 342; x_wconf 73' lang='lat' dir='ltr'>Ecclefiarum,</span> <span class='ocrx_word' id='word_1_114' title='bbox 1976 302 2015 332; x_wconf 60' lang='grc' dir='ltr'><em>Ψ</em></span> <span class='ocrx_word' id='word_1_115' title='bbox 2031 307 2084 339; x_wconf 84' lang='lat' dir='ltr'>pro</span> <span class='ocrx_word' id='word_1_116' title='bbox 2101 299 2188 330; x_wconf 79' lang='lat' dir='ltr'>utili-</span> 
     </span>
     <span class='ocr_line' id='line_1_15' title="bbox 1181 340 2184 383; baseline 0.003 -14"><span class='ocrx_word' id='word_1_117' title='bbox 1181 348 1247 370; x_wconf 72' lang='lat' dir='ltr'>tate</span> <span class='ocrx_word' id='word_1_118' title='bbox 1266 344 1357 371; x_wconf 76' lang='lat' dir='ltr'>totius</span> <span class='ocrx_word' id='word_1_119' title='bbox 1375 342 1474 382; x_wconf 78' lang='lat' dir='ltr'>populi</span> <span class='ocrx_word' id='word_1_120' title='bbox 1485 352 1517 374; x_wconf 74' lang='lat' dir='ltr'>ue</span> <span class='ocrx_word' id='word_1_121' title='bbox 1527 341 1689 381; x_wconf 71' lang='lat' dir='ltr'>masolam</span> <span class='ocrx_word' id='word_1_122' title='bbox 1709 343 1951 378; x_wconf 64' lang='lat' dir='ltr'>inanitatibus,</span> <span class='ocrx_word' id='word_1_123' title='bbox 1966 340 2026 383; x_wconf 83' lang='lat' dir='ltr'>sed</span> <span class='ocrx_word' id='word_1_124' title='bbox 2041 343 2136 373; x_wconf 83' lang='lat' dir='ltr'>etiam</span> <span class='ocrx_word' id='word_1_125' title='bbox 2148 344 2184 372; x_wconf 79' lang='lat' dir='ltr'>in</span> 
     </span>
     <span class='ocr_line' id='line_1_16' title="bbox 1179 381 2185 428; baseline 0.005 -16"><span class='ocrx_word' id='word_1_126' title='bbox 1179 381 1312 414; x_wconf 81' lang='lat' dir='ltr'>omnibus</span> <span class='ocrx_word' id='word_1_127' title='bbox 1331 385 1512 421; x_wconf 62' lang='lat' dir='ltr'>Paraclu&#39;is,</span> <span class='ocrx_word' id='word_1_128' title='bbox 1533 395 1564 415; x_wconf 82' lang='lat' dir='ltr'>ut</span> <span class='ocrx_word' id='word_1_129' title='bbox 1585 383 1758 428; x_wconf 74' lang='lat' dir='ltr'>Presbyteri</span> <span class='ocrx_word' id='word_1_130' title='bbox 1779 385 1822 418; x_wconf 81' lang='lat' dir='ltr'>ad</span> <span class='ocrx_word' id='word_1_131' title='bbox 1843 386 1979 426; x_wconf 86' lang='lat' dir='ltr'>populum</span> <span class='ocrx_word' id='word_1_132' title='bbox 1998 384 2123 417; x_wconf 78' lang='lat' dir='ltr'>verbum</span> <span class='ocrx_word' id='word_1_133' title='bbox 2132 384 2185 426; x_wconf 83' lang='lat' dir='ltr'>ja·-</span> 
     </span>
     <span class='ocr_line' id='line_1_17' title="bbox 1180 425 2179 471; baseline 0.004 -15"><span class='ocrx_word' id='word_1_134' title='bbox 1180 428 1285 462; x_wconf 74' lang='lat' dir='ltr'>ciaent‚</span> <span class='ocrx_word' id='word_1_135' title='bbox 1307 425 1344 458; x_wconf 60' lang='lat'>(9³</span> <span class='ocrx_word' id='word_1_136' title='bbox 1364 436 1397 458; x_wconf 79' lang='lat' dir='ltr'>ut</span> <span class='ocrx_word' id='word_1_137' title='bbox 1414 427 1485 459; x_wconf 79' lang='lat' dir='ltr'>bcne&#39;</span> <span class='ocrx_word' id='word_1_138' title='bbox 1501 430 1606 459; x_wconf 83' lang='lat' dir='ltr'>vivere</span> <span class='ocrx_word' id='word_1_139' title='bbox 1620 428 1781 468; x_wconf 75' lang='lat' dir='ltr'>studeant,</span> <span class='ocrx_word' id='word_1_140' title='bbox 1804 428 1842 461; x_wconf 54' lang='grc' dir='ltr'><em>Φ</em></span> <span class='ocrx_word' id='word_1_141' title='bbox 1852 430 1956 470; x_wconf 79' lang='lat' dir='ltr'>populo</span> <span class='ocrx_word' id='word_1_142' title='bbox 1960 427 2023 471; x_wconf 80' lang='lat' dir='ltr'>fibi</span> <span class='ocrx_word' id='word_1_143' title='bbox 2042 428 2179 468; x_wconf 59' lang='lat' dir='ltr'>commis&gt;</span> 
     </span>
    </p>
   </div>
   <div class='ocr_carea' id='block_1_4' title="bbox 154 467 2184 514">
    <p class='ocr_par' dir='ltr' id='par_1_4' title="bbox 154 467 2184 514">
     <span class='ocr_line' id='line_1_18' title="bbox 154 467 2184 514; baseline -0.001 -8"><span class='ocrx_word' id='word_1_144' title='bbox 154 476 229 506; x_wconf 86' lang='lat' dir='ltr'>bus.</span> <span class='ocrx_word' id='word_1_145' title='bbox 252 474 327 507; x_wconf 79' lang='lat' dir='ltr'>Ideo</span> <span class='ocrx_word' id='word_1_146' title='bbox 338 474 530 506; x_wconf 80' lang='lat' dir='ltr'>satiscsseita</span> <span class='ocrx_word' id='word_1_147' title='bbox 541 473 641 506; x_wconf 82' lang='lat' dir='ltr'>solum</span> <span class='ocrx_word' id='word_1_148' title='bbox 659 474 843 514; x_wconf 85' lang='lat' dir='ltr'>respondere</span> <span class='ocrx_word' id='word_1_149' title='bbox 862 473 1016 514; x_wconf 86' lang='lat' dir='ltr'>Episcopo</span> <span class='ocrx_word' id='word_1_150' title='bbox 1036 472 1140 512; x_wconf 80' lang='lat' dir='ltr'>Eiigu-</span> <span class='ocrx_word' id='word_1_151' title='bbox 1173 467 1382 510; x_wconf 74' lang='lat' dir='ltr'>sopraedicare</span> <span class='ocrx_word' id='word_1_152' title='bbox 1399 472 1638 510; x_wconf 69' lang='lat' dir='ltr'>nounegligant.</span> <span class='ocrx_word' id='word_1_153' title='bbox 1662 472 1737 503; x_wconf 34' lang='lat' dir='ltr'>Hiec</span> <span class='ocrx_word' id='word_1_154' title='bbox 1750 472 1811 503; x_wconf 92' lang='lat' dir='ltr'>ibi.</span> <span class='ocrx_word' id='word_1_155' title='bbox 1836 472 1883 504; x_wconf 83' lang='lat' dir='ltr'>Di:</span> <span class='ocrx_word' id='word_1_156' title='bbox 1906 473 2127 512; x_wconf 59' lang='lat' dir='ltr'>predicatione</span> <span class='ocrx_word' id='word_1_157' title='bbox 2138 481 2184 504; x_wconf 85' lang='lat' dir='ltr'>ct-</span> 
     </span>
    </p>
   </div>
   <div class='ocr_carea' id='block_1_5' title="bbox 152 516 1155 1414">
    <p class='ocr_par' dir='ltr' id='par_1_5' title="bbox 153 516 1143 560">
     <span class='ocr_line' id='line_1_19' title="bbox 153 516 1143 560; baseline -0.001 -12"><span class='ocrx_word' id='word_1_158' title='bbox 153 518 233 550; x_wconf 91' lang='lat' dir='ltr'>bino</span> <span class='ocrx_word' id='word_1_159' title='bbox 254 529 309 560; x_wconf 88' lang='lat' dir='ltr'>pro</span> <span class='ocrx_word' id='word_1_160' title='bbox 328 517 562 550; x_wconf 77' lang='lat' dir='ltr'>Parocliialibu&#39;s</span> <span class='ocrx_word' id='word_1_161' title='bbox 582 517 639 549; x_wconf 80' lang='lat' dir='ltr'>sua:</span> <span class='ocrx_word' id='word_1_162' title='bbox 657 517 819 552; x_wconf 68' lang='lat' dir='ltr'>civit-itis,</span> <span class='ocrx_word' id='word_1_163' title='bbox 839 516 1000 552; x_wconf 82' lang='lat' dir='ltr'>dioecefis‚</span> <span class='ocrx_word' id='word_1_164' title='bbox 1021 516 1055 548; x_wconf 75' lang='grc' dir='ltr'>δι</span> <span class='ocrx_word' id='word_1_165' title='bbox 1070 525 1143 555; x_wconf 78' lang='lat' dir='ltr'>prae-</span> 
     </span>
    </p>

    <p class='ocr_par' dir='ltr' id='par_1_6' title="bbox 155 557 1140 600">
     <span class='ocr_line' id='line_1_20' title="bbox 155 557 1140 600; baseline -0.003 -8"><span class='ocrx_word' id='word_1_166' title='bbox 155 562 264 593; x_wconf 81' lang='lat' dir='ltr'>sertim</span> <span class='ocrx_word' id='word_1_167' title='bbox 280 561 395 593; x_wconf 87' lang='lat' dir='ltr'>horum</span> <span class='ocrx_word' id='word_1_168' title='bbox 423 560 617 600; x_wconf 70' lang='lat' dir='ltr'>regularium</span> <span class='ocrx_word' id='word_1_169' title='bbox 636 559 885 592; x_wconf 70' lang='lat' dir='ltr'>olivetanorum</span> <span class='ocrx_word' id='word_1_170' title='bbox 903 582 912 596; x_wconf 93' lang='lat'>‚</span> <span class='ocrx_word' id='word_1_171' title='bbox 941 569 1018 600; x_wconf 86' lang='lat' dir='ltr'>quas</span> <span class='ocrx_word' id='word_1_172' title='bbox 1038 557 1140 590; x_wconf 87' lang='lat' dir='ltr'>sciunt</span> 
     </span>
    </p>

    <p class='ocr_par' dir='ltr' id='par_1_7' title="bbox 153 602 1142 644">
     <span class='ocr_line' id='line_1_21' title="bbox 153 602 1142 644; baseline -0.003 -8"><span class='ocrx_word' id='word_1_173' title='bbox 153 614 265 636; x_wconf 88' lang='lat' dir='ltr'>omnes</span> <span class='ocrx_word' id='word_1_174' title='bbox 278 615 290 639; x_wconf 89' lang='lat'><em>;</em></span> <span class='ocrx_word' id='word_1_175' title='bbox 305 605 338 635; x_wconf 89' lang='lat'>&amp;</span> <span class='ocrx_word' id='word_1_176' title='bbox 350 603 436 644; x_wconf 80' lang='lat' dir='ltr'>parvi</span> <span class='ocrx_word' id='word_1_177' title='bbox 449 604 567 635; x_wconf 83' lang='lat' dir='ltr'>reditus</span> <span class='ocrx_word' id='word_1_178' title='bbox 578 625 588 639; x_wconf 86' lang='lat'>‚</span> <span class='ocrx_word' id='word_1_179' title='bbox 608 604 641 635; x_wconf 89' lang='lat'>&amp;</span> <span class='ocrx_word' id='word_1_180' title='bbox 662 602 811 635; x_wconf 73' lang='lat' dir='ltr'>nonsatis</span> <span class='ocrx_word' id='word_1_181' title='bbox 831 602 1009 644; x_wconf 88' lang='lat' dir='ltr'>frequentes</span> <span class='ocrx_word' id='word_1_182' title='bbox 1027 603 1142 642; x_wconf 89' lang='lat' dir='ltr'>populo</span> 
     </span>
    </p>

    <p class='ocr_par' dir='ltr' id='par_1_8' title="bbox 152 645 1143 681">
     <span class='ocr_line' id='line_1_22' title="bbox 152 645 1143 681; baseline -0.002 -3"><span class='ocrx_word' id='word_1_183' title='bbox 152 647 211 678; x_wconf 84' lang='lat' dir='ltr'>esse</span> <span class='ocrx_word' id='word_1_184' title='bbox 223 670 231 678; x_wconf 91' lang='lat'><strong>.</strong></span> <span class='ocrx_word' id='word_1_185' title='bbox 251 645 396 678; x_wconf 83' lang='lat' dir='ltr'>Tandem</span> <span class='ocrx_word' id='word_1_186' title='bbox 407 646 553 678; x_wconf 89' lang='lat' dir='ltr'>omnium</span> <span class='ocrx_word' id='word_1_187' title='bbox 563 646 715 677; x_wconf 86' lang='lat' dir='ltr'>consensu</span> <span class='ocrx_word' id='word_1_188' title='bbox 725 648 888 678; x_wconf 85' lang='lat' dir='ltr'>decretum</span> <span class='ocrx_word' id='word_1_189' title='bbox 898 645 959 678; x_wconf 81' lang='lat' dir='ltr'>fuit</span> <span class='ocrx_word' id='word_1_190' title='bbox 970 667 980 681; x_wconf 89' lang='lat'>,</span> <span class='ocrx_word' id='word_1_191' title='bbox 990 654 1024 676; x_wconf 92' lang='lat' dir='ltr'>ut</span> <span class='ocrx_word' id='word_1_192' title='bbox 1038 645 1143 677; x_wconf 82' lang='lat' dir='ltr'>Aleia-</span> 
     </span>
    </p>

    <p class='ocr_par' dir='ltr' id='par_1_9' title="bbox 152 687 1155 1414">
     <span class='ocr_line' id='line_1_23' title="bbox 154 687 1146 730; baseline -0.001 -10"><span class='ocrx_word' id='word_1_193' title='bbox 154 699 206 721; x_wconf 88' lang='lat' dir='ltr'>tiis</span> <span class='ocrx_word' id='word_1_194' title='bbox 217 700 270 721; x_wconf 91' lang='lat' dir='ltr'>ore</span> <span class='ocrx_word' id='word_1_195' title='bbox 283 687 409 721; x_wconf 78' lang='lat' dir='ltr'>tantum</span> <span class='ocrx_word' id='word_1_196' title='bbox 421 711 430 725; x_wconf 89' lang='lat'>,</span> <span class='ocrx_word' id='word_1_197' title='bbox 450 691 483 721; x_wconf 68' lang='grc' dir='ltr'>ὃ(</span> <span class='ocrx_word' id='word_1_198' title='bbox 496 689 607 729; x_wconf 79' lang='lat' dir='ltr'>absque</span> <span class='ocrx_word' id='word_1_199' title='bbox 619 689 740 729; x_wconf 90' lang='lat' dir='ltr'>scriptis</span> <span class='ocrx_word' id='word_1_200' title='bbox 751 689 834 720; x_wconf 80' lang='lat' dir='ltr'>dicat</span> <span class='ocrx_word' id='word_1_201' title='bbox 847 689 999 730; x_wconf 85' lang='lat' dir='ltr'>Episcopo</span> <span class='ocrx_word' id='word_1_202' title='bbox 1009 687 1146 728; x_wconf 86' lang='lat' dir='ltr'>Eiigubi-</span> 
     </span>
     <span class='ocr_line' id='line_1_24' title="bbox 152 731 1145 773; baseline -0.002 -9"><span class='ocrx_word' id='word_1_203' title='bbox 152 742 200 764; x_wconf 90' lang='lat' dir='ltr'>no</span> <span class='ocrx_word' id='word_1_204' title='bbox 210 755 220 769; x_wconf 90' lang='lat'>,</span> <span class='ocrx_word' id='word_1_205' title='bbox 228 743 262 764; x_wconf 87' lang='lat' dir='ltr'>ut</span> <span class='ocrx_word' id='word_1_206' title='bbox 274 733 356 764; x_wconf 91' lang='lat' dir='ltr'>nolit</span> <span class='ocrx_word' id='word_1_207' title='bbox 367 742 480 773; x_wconf 76' lang='lat' dir='ltr'>cogere</span> <span class='ocrx_word' id='word_1_208' title='bbox 492 732 564 765; x_wconf 78' lang='lat' dir='ltr'>istos</span> <span class='ocrx_word' id='word_1_209' title='bbox 575 733 731 773; x_wconf 77' lang='lat' dir='ltr'>regulares</span> <span class='ocrx_word' id='word_1_210' title='bbox 740 734 777 764; x_wconf 82' lang='lat' dir='ltr'>ad</span> <span class='ocrx_word' id='word_1_211' title='bbox 789 732 1023 764; x_wconf 80' lang='lat' dir='ltr'>sustentandum</span> <span class='ocrx_word' id='word_1_212' title='bbox 1034 731 1145 762; x_wconf 69' lang='lat' dir='ltr'>Praedi-</span> 
     </span>
     <span class='ocr_line' id='line_1_25' title="bbox 154 774 1146 815; baseline -0.002 -7"><span class='ocrx_word' id='word_1_213' title='bbox 154 785 299 808; x_wconf 82' lang='lat' dir='ltr'>catorem</span> <span class='ocrx_word' id='word_1_214' title='bbox 312 775 483 808; x_wconf 79' lang='lat' dir='ltr'>formatum</span> <span class='ocrx_word' id='word_1_215' title='bbox 494 776 529 807; x_wconf 92' lang='lat' dir='ltr'>in</span> <span class='ocrx_word' id='word_1_216' title='bbox 540 775 598 806; x_wconf 90' lang='lat' dir='ltr'>suis</span> <span class='ocrx_word' id='word_1_217' title='bbox 610 775 845 808; x_wconf 80' lang='lat' dir='ltr'>Parocliialibus</span> <span class='ocrx_word' id='word_1_218' title='bbox 857 799 864 807; x_wconf 92' lang='lat'><strong>.</strong></span> <span class='ocrx_word' id='word_1_219' title='bbox 890 775 952 809; x_wconf 81' lang='lat' dir='ltr'>Etsi</span> <span class='ocrx_word' id='word_1_220' title='bbox 974 775 1052 807; x_wconf 89' lang='lat' dir='ltr'>alius</span> <span class='ocrx_word' id='word_1_221' title='bbox 1063 774 1146 815; x_wconf 87' lang='lat' dir='ltr'>Epis-</span> 
     </span>
     <span class='ocr_line' id='line_1_26' title="bbox 156 818 1146 860; baseline -0.001 -10"><span class='ocrx_word' id='word_1_222' title='bbox 156 829 256 859; x_wconf 84' lang='lat' dir='ltr'>copus</span> <span class='ocrx_word' id='word_1_223' title='bbox 267 819 326 850; x_wconf 91' lang='lat' dir='ltr'>lioc</span> <span class='ocrx_word' id='word_1_224' title='bbox 338 819 421 851; x_wconf 85' lang='lat' dir='ltr'>idem</span> <span class='ocrx_word' id='word_1_225' title='bbox 430 818 584 859; x_wconf 74' lang='lat' dir='ltr'>quaefierit</span> <span class='ocrx_word' id='word_1_226' title='bbox 598 841 607 855; x_wconf 87' lang='lat'>‚</span> <span class='ocrx_word' id='word_1_227' title='bbox 633 828 686 851; x_wconf 80' lang='lat' dir='ltr'>aut</span> <span class='ocrx_word' id='word_1_228' title='bbox 699 818 878 851; x_wconf 77' lang='lat' dir='ltr'>alialimilis</span> <span class='ocrx_word' id='word_1_229' title='bbox 888 818 1016 860; x_wconf 79' lang='lat' dir='ltr'>quaestio</span> <span class='ocrx_word' id='word_1_230' title='bbox 1035 827 1146 849; x_wconf 90' lang='lat' dir='ltr'>occur—</span> 
     </span>
     <span class='ocr_line' id='line_1_27' title="bbox 157 861 1149 902; baseline -0.001 -9"><span class='ocrx_word' id='word_1_231' title='bbox 157 863 255 899; x_wconf 83' lang='lat' dir='ltr'>rerit,</span> <span class='ocrx_word' id='word_1_232' title='bbox 279 861 408 895; x_wconf 79' lang='lat' dir='ltr'>referret</span> <span class='ocrx_word' id='word_1_233' title='bbox 420 862 584 899; x_wconf 66' lang='lat' dir='ltr'>Alcizitus,</span> <span class='ocrx_word' id='word_1_234' title='bbox 602 864 634 894; x_wconf 85' lang='lat'>&amp;</span> <span class='ocrx_word' id='word_1_235' title='bbox 656 872 845 902; x_wconf 78' lang='lat' dir='ltr'>proponeret</span> <span class='ocrx_word' id='word_1_236' title='bbox 864 861 1072 901; x_wconf 70' lang='lat' dir='ltr'>inS-Congr.</span> <span class='ocrx_word' id='word_1_237' title='bbox 1091 871 1149 893; x_wconf 91' lang='lat' dir='ltr'>nec</span> 
     </span>
     <span class='ocr_line' id='line_1_28' title="bbox 154 904 1149 947; baseline -0.001 -10"><span class='ocrx_word' id='word_1_238' title='bbox 154 905 237 938; x_wconf 81' lang='lat' dir='ltr'>hanc</span> <span class='ocrx_word' id='word_1_239' title='bbox 252 905 483 947; x_wconf 85' lang='lat' dir='ltr'>responsionem</span> <span class='ocrx_word' id='word_1_240' title='bbox 494 908 602 936; x_wconf 80' lang='lat' dir='ltr'>datam</span> <span class='ocrx_word' id='word_1_241' title='bbox 620 905 769 946; x_wconf 82' lang='lat' dir='ltr'>Episcopo</span> <span class='ocrx_word' id='word_1_242' title='bbox 786 904 957 946; x_wconf 83' lang='lat' dir='ltr'>Eugubino</span> <span class='ocrx_word' id='word_1_243' title='bbox 974 907 1062 937; x_wconf 84' lang='lat' dir='ltr'>daret</span> <span class='ocrx_word' id='word_1_244' title='bbox 1075 904 1149 941; x_wconf 78' lang='lat' dir='ltr'>alii,</span> 
     </span>
     <span class='ocr_line' id='line_1_29' title="bbox 152 948 1149 989; baseline -0.003 -7"><span class='ocrx_word' id='word_1_245' title='bbox 152 949 213 982; x_wconf 81' lang='lat' dir='ltr'>nisi</span> <span class='ocrx_word' id='word_1_246' title='bbox 227 948 310 982; x_wconf 76' lang='lat' dir='ltr'>faCto</span> <span class='ocrx_word' id='word_1_247' title='bbox 321 950 416 982; x_wconf 83' lang='lat' dir='ltr'>verbo</span> <span class='ocrx_word' id='word_1_248' title='bbox 426 949 459 980; x_wconf 89' lang='lat' dir='ltr'>in</span> <span class='ocrx_word' id='word_1_249' title='bbox 469 948 732 989; x_wconf 69' lang='lat' dir='ltr'>congregatione</span> <span class='ocrx_word' id='word_1_250' title='bbox 743 972 750 980; x_wconf 91' lang='lat'><strong>.</strong></span> <span class='ocrx_word' id='word_1_251' title='bbox 765 948 895 981; x_wconf 64' lang='lat' dir='ltr'>Dictum</span> <span class='ocrx_word' id='word_1_252' title='bbox 903 949 945 981; x_wconf 86' lang='lat' dir='ltr'>est</span> <span class='ocrx_word' id='word_1_253' title='bbox 956 948 1065 983; x_wconf 81' lang='lat' dir='ltr'>etiam,</span> <span class='ocrx_word' id='word_1_254' title='bbox 1073 949 1149 979; x_wconf 88' lang='lat' dir='ltr'>dum</span> 
     </span>
     <span class='ocr_line' id='line_1_30' title="bbox 152 990 1149 1032; baseline -0.001 -8"><span class='ocrx_word' id='word_1_255' title='bbox 152 992 185 1025; x_wconf 78' lang='lat' dir='ltr'>S.</span> <span class='ocrx_word' id='word_1_256' title='bbox 196 992 335 1025; x_wconf 78' lang='lat' dir='ltr'>Thomas</span> <span class='ocrx_word' id='word_1_257' title='bbox 345 1014 355 1029; x_wconf 75' lang='lat'>‚</span> <span class='ocrx_word' id='word_1_258' title='bbox 374 991 522 1032; x_wconf 79' lang='lat' dir='ltr'>Cajetan.</span> <span class='ocrx_word' id='word_1_259' title='bbox 534 994 565 1023; x_wconf 66' lang='grc' dir='ltr'>δέ</span> <span class='ocrx_word' id='word_1_260' title='bbox 577 991 643 1023; x_wconf 89' lang='lat' dir='ltr'>Sot.</span> <span class='ocrx_word' id='word_1_261' title='bbox 654 991 768 1023; x_wconf 89' lang='lat' dir='ltr'>dicunt</span> <span class='ocrx_word' id='word_1_262' title='bbox 778 991 922 1027; x_wconf 82' lang='lat' dir='ltr'>officium</span> <span class='ocrx_word' id='word_1_263' title='bbox 933 992 990 1024; x_wconf 80' lang='lat' dir='ltr'>else</span> <span class='ocrx_word' id='word_1_264' title='bbox 1004 990 1149 1031; x_wconf 83' lang='lat' dir='ltr'>Episcopi</span> 
     </span>
     <span class='ocr_line' id='line_1_31' title="bbox 154 1034 1146 1077; baseline 0 -11"><span class='ocrx_word' id='word_1_265' title='bbox 154 1035 309 1076; x_wconf 64' lang='lat' dir='ltr'>precipue</span> <span class='ocrx_word' id='word_1_266' title='bbox 321 1035 487 1077; x_wconf 78' lang='lat' dir='ltr'>praedicare</span> <span class='ocrx_word' id='word_1_267' title='bbox 497 1057 507 1070; x_wconf 66' lang='lat'><em>2</em></span> <span class='ocrx_word' id='word_1_268' title='bbox 528 1034 639 1066; x_wconf 87' lang='lat' dir='ltr'>verum</span> <span class='ocrx_word' id='word_1_269' title='bbox 660 1035 690 1066; x_wconf 91' lang='lat' dir='ltr'>id</span> <span class='ocrx_word' id='word_1_270' title='bbox 713 1035 771 1067; x_wconf 83' lang='lat' dir='ltr'>effe</span> <span class='ocrx_word' id='word_1_271' title='bbox 783 1059 790 1066; x_wconf 94' lang='lat'><strong>.</strong></span> <span class='ocrx_word' id='word_1_272' title='bbox 811 1035 870 1067; x_wconf 86' lang='lat' dir='ltr'>Sed</span> <span class='ocrx_word' id='word_1_273' title='bbox 889 1035 964 1067; x_wconf 81' lang='lat' dir='ltr'>cum</span> <span class='ocrx_word' id='word_1_274' title='bbox 975 1034 1146 1077; x_wconf 87' lang='lat' dir='ltr'>subjiciunt</span> 
     </span>
     <span class='ocr_line' id='line_1_32' title="bbox 153 1077 1150 1112; baseline -0.002 -2"><span class='ocrx_word' id='word_1_275' title='bbox 153 1078 331 1112; x_wconf 79' lang='lat' dir='ltr'>Parocliuin</span> <span class='ocrx_word' id='word_1_276' title='bbox 341 1088 447 1110; x_wconf 86' lang='lat' dir='ltr'>autem</span> <span class='ocrx_word' id='word_1_277' title='bbox 458 1077 558 1109; x_wconf 82' lang='lat' dir='ltr'>solum</span> <span class='ocrx_word' id='word_1_278' title='bbox 568 1079 683 1109; x_wconf 83' lang='lat' dir='ltr'>docere</span> <span class='ocrx_word' id='word_1_279' title='bbox 702 1079 814 1111; x_wconf 89' lang='lat' dir='ltr'>debere</span> <span class='ocrx_word' id='word_1_280' title='bbox 825 1078 1017 1111; x_wconf 83' lang='lat' dir='ltr'>Orationem</span> <span class='ocrx_word' id='word_1_281' title='bbox 1037 1077 1150 1109; x_wconf 86' lang='lat' dir='ltr'>Domi-</span> 
     </span>
     <span class='ocr_line' id='line_1_33' title="bbox 152 1121 1149 1164; baseline -0.002 -10"><span class='ocrx_word' id='word_1_282' title='bbox 152 1123 283 1159; x_wconf 83' lang='lat' dir='ltr'>nicam,</span> <span class='ocrx_word' id='word_1_283' title='bbox 305 1121 530 1164; x_wconf 85' lang='lat' dir='ltr'>&amp;Symbolum</span> <span class='ocrx_word' id='word_1_284' title='bbox 542 1143 551 1157; x_wconf 85' lang='lat'>,</span> <span class='ocrx_word' id='word_1_285' title='bbox 570 1132 635 1152; x_wconf 92' lang='lat' dir='ltr'>non</span> <span class='ocrx_word' id='word_1_286' title='bbox 648 1121 710 1152; x_wconf 88' lang='lat' dir='ltr'>alia</span> <span class='ocrx_word' id='word_1_287' title='bbox 722 1121 795 1154; x_wconf 87' lang='lat' dir='ltr'>fidei</span> <span class='ocrx_word' id='word_1_288' title='bbox 814 1122 981 1164; x_wconf 84' lang='lat' dir='ltr'>mysteria,·</span> <span class='ocrx_word' id='word_1_289' title='bbox 1004 1130 1070 1152; x_wconf 89' lang='lat' dir='ltr'>non</span> <span class='ocrx_word' id='word_1_290' title='bbox 1091 1121 1149 1154; x_wconf 78' lang='lat' dir='ltr'>effe</span> 
     </span>
     <span class='ocr_line' id='line_1_34' title="bbox 153 1163 1150 1205; baseline -0.001 -9"><span class='ocrx_word' id='word_1_291' title='bbox 153 1164 326 1198; x_wconf 70' lang='lat' dir='ltr'>secundum</span> <span class='ocrx_word' id='word_1_292' title='bbox 338 1176 362 1196; x_wconf 87' lang='lat' dir='ltr'>c.</span> <span class='ocrx_word' id='word_1_293' title='bbox 374 1163 450 1203; x_wconf 76' lang='lat' dir='ltr'>quod</span> <span class='ocrx_word' id='word_1_294' title='bbox 461 1166 522 1196; x_wconf 77' lang='lat' dir='ltr'>Dei</span> <span class='ocrx_word' id='word_1_295' title='bbox 534 1167 672 1196; x_wconf 80' lang='lat' dir='ltr'>timorem</span> <span class='ocrx_word' id='word_1_296' title='bbox 684 1187 693 1201; x_wconf 90' lang='lat'>‚</span> <span class='ocrx_word' id='word_1_297' title='bbox 705 1164 789 1205; x_wconf 75' lang='lat' dir='ltr'>quod</span> <span class='ocrx_word' id='word_1_298' title='bbox 802 1165 880 1197; x_wconf 89' lang='lat' dir='ltr'>dicit</span> <span class='ocrx_word' id='word_1_299' title='bbox 892 1175 945 1196; x_wconf 89' lang='lat' dir='ltr'>eos</span> <span class='ocrx_word' id='word_1_300' title='bbox 956 1164 1068 1196; x_wconf 90' lang='lat' dir='ltr'>debere</span> <span class='ocrx_word' id='word_1_301' title='bbox 1078 1175 1150 1204; x_wconf 74' lang='lat' dir='ltr'>prae-</span> 
     </span>
     <span class='ocr_line' id='line_1_35' title="bbox 155 1206 1151 1249; baseline -0.002 -9"><span class='ocrx_word' id='word_1_302' title='bbox 155 1209 280 1241; x_wconf 82' lang='lat' dir='ltr'>dicare.</span> <span class='ocrx_word' id='word_1_303' title='bbox 303 1208 342 1239; x_wconf 79' lang='lat' dir='ltr'>Et</span> <span class='ocrx_word' id='word_1_304' title='bbox 354 1211 429 1240; x_wconf 91' lang='lat' dir='ltr'>dum</span> <span class='ocrx_word' id='word_1_305' title='bbox 439 1206 532 1239; x_wconf 87' lang='lat' dir='ltr'>Sotus</span> <span class='ocrx_word' id='word_1_306' title='bbox 543 1207 621 1240; x_wconf 90' lang='lat' dir='ltr'>dicit</span> <span class='ocrx_word' id='word_1_307' title='bbox 635 1208 668 1239; x_wconf 91' lang='lat' dir='ltr'>in</span> <span class='ocrx_word' id='word_1_308' title='bbox 679 1206 833 1240; x_wconf 84' lang='lat' dir='ltr'>Concilio</span> <span class='ocrx_word' id='word_1_309' title='bbox 847 1207 1042 1240; x_wconf 85' lang='lat' dir='ltr'>Tridentino</span> <span class='ocrx_word' id='word_1_310' title='bbox 1051 1208 1151 1249; x_wconf 88' lang='lat' dir='ltr'>super-</span> 
     </span>
     <span class='ocr_line' id='line_1_36' title="bbox 156 1250 1155 1292; baseline 0 -9"><span class='ocrx_word' id='word_1_311' title='bbox 156 1251 266 1283; x_wconf 83' lang='lat' dir='ltr'>selsum</span> <span class='ocrx_word' id='word_1_312' title='bbox 277 1251 365 1284; x_wconf 77' lang='lat' dir='ltr'>fuisse</span> <span class='ocrx_word' id='word_1_313' title='bbox 375 1252 392 1282; x_wconf 75' lang='lat' dir='ltr'>a</span> <span class='ocrx_word' id='word_1_314' title='bbox 408 1253 511 1283; x_wconf 83' lang='lat' dir='ltr'>danda</span> <span class='ocrx_word' id='word_1_315' title='bbox 531 1250 678 1283; x_wconf 86' lang='lat' dir='ltr'>Patochis</span> <span class='ocrx_word' id='word_1_316' title='bbox 701 1250 852 1283; x_wconf 86' lang='lat' dir='ltr'>facultate</span> <span class='ocrx_word' id='word_1_317' title='bbox 874 1251 1083 1292; x_wconf 75' lang='lat' dir='ltr'>praedicandi,</span> <span class='ocrx_word' id='word_1_318' title='bbox 1104 1262 1155 1283; x_wconf 89' lang='lat' dir='ltr'>ve-</span> 
     </span>
     <span class='ocr_line' id='line_1_37' title="bbox 155 1293 1153 1335; baseline -0.001 -9"><span class='ocrx_word' id='word_1_319' title='bbox 155 1293 228 1326; x_wconf 74' lang='lat' dir='ltr'>tum</span> <span class='ocrx_word' id='word_1_320' title='bbox 239 1296 297 1327; x_wconf 75' lang='lat' dir='ltr'>esse</span> <span class='ocrx_word' id='word_1_321' title='bbox 309 1294 362 1326; x_wconf 91' lang='lat' dir='ltr'>sub</span> <span class='ocrx_word' id='word_1_322' title='bbox 375 1294 472 1327; x_wconf 74' lang='lat' dir='ltr'>Paulo</span> <span class='ocrx_word' id='word_1_323' title='bbox 486 1294 540 1326; x_wconf 86' lang='lat'>111.</span> <span class='ocrx_word' id='word_1_324' title='bbox 551 1293 724 1326; x_wconf 77' lang='lat' dir='ltr'>secundum</span> <span class='ocrx_word' id='word_1_325' title='bbox 734 1293 764 1325; x_wconf 83' lang='lat' dir='ltr'>d.</span> <span class='ocrx_word' id='word_1_326' title='bbox 777 1304 875 1335; x_wconf 45' lang='lat' dir='ltr'>capa.</span> <span class='ocrx_word' id='word_1_327' title='bbox 887 1295 940 1326; x_wconf 91' lang='lat' dir='ltr'>cui</span> <span class='ocrx_word' id='word_1_328' title='bbox 951 1295 1045 1327; x_wconf 80' lang='lat' dir='ltr'>Sotiis</span> <span class='ocrx_word' id='word_1_329' title='bbox 1057 1295 1153 1326; x_wconf 89' lang='lat' dir='ltr'>inter-</span> 
     </span>
     <span class='ocr_line' id='line_1_38' title="bbox 156 1336 1147 1378; baseline 0 -9"><span class='ocrx_word' id='word_1_330' title='bbox 156 1337 219 1369; x_wconf 73' lang='lat' dir='ltr'>fuit</span> <span class='ocrx_word' id='word_1_331' title='bbox 232 1361 240 1369; x_wconf 88' lang='lat'><strong>.</strong></span> <span class='ocrx_word' id='word_1_332' title='bbox 259 1338 355 1370; x_wconf 79' lang='lat' dir='ltr'>secus</span> <span class='ocrx_word' id='word_1_333' title='bbox 367 1348 472 1370; x_wconf 85' lang='lat' dir='ltr'>autem</span> <span class='ocrx_word' id='word_1_334' title='bbox 486 1338 544 1370; x_wconf 77' lang='lat' dir='ltr'>esse</span> <span class='ocrx_word' id='word_1_335' title='bbox 553 1339 657 1378; x_wconf 82' lang='lat' dir='ltr'>quoad</span> <span class='ocrx_word' id='word_1_336' title='bbox 669 1336 775 1370; x_wconf 81' lang='lat' dir='ltr'>Cone.</span> <span class='ocrx_word' id='word_1_337' title='bbox 794 1337 941 1374; x_wconf 79' lang='lat' dir='ltr'>Trident.</span> <span class='ocrx_word' id='word_1_338' title='bbox 962 1339 1015 1370; x_wconf 87' lang='lat' dir='ltr'>sub</span> <span class='ocrx_word' id='word_1_339' title='bbox 1026 1338 1083 1369; x_wconf 87' lang='lat' dir='ltr'>Pio</span> <span class='ocrx_word' id='word_1_340' title='bbox 1094 1338 1147 1369; x_wconf 69' lang='lat' dir='ltr'>lv„</span> 
     </span>
     <span class='ocr_line' id='line_1_39' title="bbox 156 1381 571 1414; baseline 0 -2"><span class='ocrx_word' id='word_1_341' title='bbox 156 1381 212 1412; x_wconf 92' lang='lat' dir='ltr'>cui</span> <span class='ocrx_word' id='word_1_342' title='bbox 222 1381 317 1414; x_wconf 85' lang='lat' dir='ltr'>Sotus</span> <span class='ocrx_word' id='word_1_343' title='bbox 327 1391 393 1413; x_wconf 89' lang='lat' dir='ltr'>non</span> <span class='ocrx_word' id='word_1_344' title='bbox 407 1381 552 1414; x_wconf 85' lang='lat' dir='ltr'>interfuit</span> <span class='ocrx_word' id='word_1_345' title='bbox 564 1404 571 1412; x_wconf 92' lang='lat'>.</span> 
     </span>
    </p>
   </div>
   <div class='ocr_carea' id='block_1_6' title="bbox 423 1546 1138 1605">
    <p class='ocr_par' dir='ltr' id='par_1_10' title="bbox 423 1546 1138 1605">
     <span class='ocr_line' id='line_1_40' title="bbox 423 1546 1138 1605; baseline -0.003 -1"><span class='ocrx_word' id='word_1_346' title='bbox 423 1547 559 1604; x_wconf 89' lang='lat' dir='ltr'>DE</span> <span class='ocrx_word' id='word_1_347' title='bbox 632 1546 1138 1605; x_wconf 85' lang='lat' dir='ltr'>OFFIClO</span> 
     </span>
    </p>
   </div>
   <div class='ocr_carea' id='block_1_7' title="bbox 1184 512 2190 1413">
    <p class='ocr_par' dir='ltr' id='par_1_11' title="bbox 1184 512 2186 944">
     <span class='ocr_line' id='line_1_41' title="bbox 1185 512 2180 553; baseline 0.006 -10"><span class='ocrx_word' id='word_1_348' title='bbox 1185 512 1248 544; x_wconf 86' lang='lat' dir='ltr'>iam</span> <span class='ocrx_word' id='word_1_349' title='bbox 1269 513 1409 553; x_wconf 89' lang='lat' dir='ltr'>loquitur</span> <span class='ocrx_word' id='word_1_350' title='bbox 1430 514 1618 546; x_wconf 86' lang='lat' dir='ltr'>Concilium</span> <span class='ocrx_word' id='word_1_351' title='bbox 1636 515 1812 546; x_wconf 85' lang='lat' dir='ltr'>Viennense</span> <span class='ocrx_word' id='word_1_352' title='bbox 1832 516 1864 546; x_wconf 88' lang='lat' dir='ltr'>in</span> <span class='ocrx_word' id='word_1_353' title='bbox 1886 515 1991 547; x_wconf 86' lang='lat' dir='ltr'>Clcm.</span> <span class='ocrx_word' id='word_1_354' title='bbox 2020 513 2147 548; x_wconf 79' lang='lat' dir='ltr'>Dudum</span> <span class='ocrx_word' id='word_1_355' title='bbox 2168 537 2180 549; x_wconf 54' lang='lat'>³</span> 
     </span>
     <span class='ocr_line' id='line_1_42' title="bbox 1186 554 2182 603; baseline 0.005 -17"><span class='ocrx_word' id='word_1_356' title='bbox 1186 554 1391 596; x_wconf 61' lang='lat' dir='ltr'>§.hujusmodi</span> <span class='ocrx_word' id='word_1_357' title='bbox 1409 556 1446 588; x_wconf 80' lang='lat' dir='ltr'>de</span> <span class='ocrx_word' id='word_1_358' title='bbox 1456 556 1603 598; x_wconf 80' lang='lat' dir='ltr'>sepultur.</span> <span class='ocrx_word' id='word_1_359' title='bbox 1635 558 1701 593; x_wconf 86' lang='lat' dir='ltr'>ibi,</span> <span class='ocrx_word' id='word_1_360' title='bbox 1733 557 1931 590; x_wconf 68' lang='lat' dir='ltr'>parochiales</span> <span class='ocrx_word' id='word_1_361' title='bbox 1956 560 2115 603; x_wconf 67' lang='lat' dir='ltr'>Ecclefie,</span> <span class='ocrx_word' id='word_1_362' title='bbox 2145 556 2182 591; x_wconf 49' lang='grc' dir='ltr'>(θ’</span> 
     </span>
     <span class='ocr_line' id='line_1_43' title="bbox 1184 597 2182 644; baseline 0.003 -15"><span class='ocrx_word' id='word_1_363' title='bbox 1184 597 1320 639; x_wconf 67' lang='lat' dir='ltr'>ipfivrum</span> <span class='ocrx_word' id='word_1_364' title='bbox 1350 602 1482 637; x_wconf 83' lang='lat' dir='ltr'>Curati,</span> <span class='ocrx_word' id='word_1_365' title='bbox 1516 602 1588 644; x_wconf 79' lang='lat' dir='ltr'>five</span> <span class='ocrx_word' id='word_1_366' title='bbox 1608 601 1764 637; x_wconf 63' lang='lat' dir='ltr'>Reflores,</span> <span class='ocrx_word' id='word_1_367' title='bbox 1794 605 1843 639; x_wconf 76' lang='lat' dir='ltr'>qui</span> <span class='ocrx_word' id='word_1_368' title='bbox 1864 601 2039 643; x_wconf 61' lang='lat' dir='ltr'>ministrare</span> <span class='ocrx_word' id='word_1_369' title='bbox 2070 599 2182 634; x_wconf 71' lang='lat' dir='ltr'>habent</span> 
     </span>
     <span class='ocr_line' id='line_1_44' title="bbox 1186 640 2178 686; baseline 0.001 -12"><span class='ocrx_word' id='word_1_370' title='bbox 1186 640 1402 686; x_wconf 80' lang='lat' dir='ltr'>Ecclefiastica</span> <span class='ocrx_word' id='word_1_371' title='bbox 1423 647 1626 676; x_wconf 75' lang='lat' dir='ltr'>Sacramenta</span> <span class='ocrx_word' id='word_1_372' title='bbox 1646 666 1656 680; x_wconf 89' lang='lat'>‚</span> <span class='ocrx_word' id='word_1_373' title='bbox 1686 643 1790 681; x_wconf 78' lang='lat' dir='ltr'>quibus</span> <span class='ocrx_word' id='word_1_374' title='bbox 1809 643 1939 683; x_wconf 74' lang='lat' dir='ltr'>noscitur</span> <span class='ocrx_word' id='word_1_375' title='bbox 1959 645 1996 676; x_wconf 84' lang='lat' dir='ltr'>dc</span> <span class='ocrx_word' id='word_1_376' title='bbox 2016 646 2080 684; x_wconf 78' lang='lat' dir='ltr'>jure</span> <span class='ocrx_word' id='word_1_377' title='bbox 2098 655 2178 677; x_wconf 89' lang='lat' dir='ltr'>com-</span> 
     </span>
     <span class='ocr_line' id='line_1_45' title="bbox 1184 685 2184 728; baseline 0.003 -12"><span class='ocrx_word' id='word_1_378' title='bbox 1184 694 1282 725; x_wconf 81' lang='lat' dir='ltr'>petere</span> <span class='ocrx_word' id='word_1_379' title='bbox 1310 686 1474 726; x_wconf 59' lang='lat' dir='ltr'>praedicizre</span> <span class='ocrx_word' id='word_1_380' title='bbox 1490 711 1499 725; x_wconf 88' lang='lat'>,</span> <span class='ocrx_word' id='word_1_381' title='bbox 1523 686 1576 727; x_wconf 76' lang='grc' dir='ltr'>[ιίι</span> <span class='ocrx_word' id='word_1_382' title='bbox 1603 696 1763 728; x_wconf 80' lang='lat' dir='ltr'>proponere</span> <span class='ocrx_word' id='word_1_383' title='bbox 1791 685 1914 719; x_wconf 85' lang='lat' dir='ltr'>verbum</span> <span class='ocrx_word' id='word_1_384' title='bbox 1938 690 2021 725; x_wconf 89' lang='lat' dir='ltr'>Dei,</span> <span class='ocrx_word' id='word_1_385' title='bbox 2052 688 2118 721; x_wconf 61' lang='lat' dir='ltr'>&amp;a</span> <span class='ocrx_word' id='word_1_386' title='bbox 2143 687 2184 719; x_wconf 83' lang='lat' dir='ltr'>Et</span> 
     </span>
     <span class='ocr_line' id='line_1_46' title="bbox 1186 728 2185 773; baseline 0.002 -13"><span class='ocrx_word' id='word_1_387' title='bbox 1186 728 1374 761; x_wconf 86' lang='lat' dir='ltr'>Concilium</span> <span class='ocrx_word' id='word_1_388' title='bbox 1395 730 1624 763; x_wconf 86' lang='lat' dir='ltr'>Tridentinum</span> <span class='ocrx_word' id='word_1_389' title='bbox 1644 732 1677 762; x_wconf 86' lang='lat' dir='ltr'>in</span> <span class='ocrx_word' id='word_1_390' title='bbox 1698 739 1764 770; x_wconf 83' lang='lat' dir='ltr'>cap.</span> <span class='ocrx_word' id='word_1_391' title='bbox 1779 739 1803 762; x_wconf 85' lang='lat'>1.</span> <span class='ocrx_word' id='word_1_392' title='bbox 1825 732 1858 761; x_wconf 89' lang='lat' dir='ltr'>in</span> <span class='ocrx_word' id='word_1_393' title='bbox 1868 734 1964 771; x_wconf 78' lang='lat' dir='ltr'>princ.</span> <span class='ocrx_word' id='word_1_394' title='bbox 1978 730 2044 773; x_wconf 83' lang='lat' dir='ltr'>sess.</span> <span class='ocrx_word' id='word_1_395' title='bbox 2058 741 2108 771; x_wconf 81' lang='lat'>23.</span> <span class='ocrx_word' id='word_1_396' title='bbox 2130 731 2185 763; x_wconf 90' lang='lat' dir='ltr'>ubi</span> 
     </span>
     <span class='ocr_line' id='line_1_47' title="bbox 1186 772 2186 814; baseline 0.001 -10"><span class='ocrx_word' id='word_1_397' title='bbox 1186 772 1228 804; x_wconf 84' lang='lat' dir='ltr'>est</span> <span class='ocrx_word' id='word_1_398' title='bbox 1257 773 1428 813; x_wconf 71' lang='lat' dir='ltr'>expressum</span> <span class='ocrx_word' id='word_1_399' title='bbox 1459 785 1586 806; x_wconf 80' lang='lat' dir='ltr'>curatos</span> <span class='ocrx_word' id='word_1_400' title='bbox 1616 784 1725 806; x_wconf 85' lang='lat' dir='ltr'>omnes</span> <span class='ocrx_word' id='word_1_401' title='bbox 1756 774 1857 805; x_wconf 86' lang='lat' dir='ltr'>teneri</span> <span class='ocrx_word' id='word_1_402' title='bbox 1886 784 2042 814; x_wconf 60' lang='lat' dir='ltr'>praecepto</span> <span class='ocrx_word' id='word_1_403' title='bbox 2072 774 2186 806; x_wconf 89' lang='lat' dir='ltr'>divino</span> 
     </span>
     <span class='ocr_line' id='line_1_48' title="bbox 1193 815 2185 858; baseline 0.001 -12"><span class='ocrx_word' id='word_1_404' title='bbox 1193 826 1267 847; x_wconf 89' lang='lat' dir='ltr'>oves</span> <span class='ocrx_word' id='word_1_405' title='bbox 1291 815 1346 847; x_wconf 90' lang='lat' dir='ltr'>sibi</span> <span class='ocrx_word' id='word_1_406' title='bbox 1375 818 1552 849; x_wconf 78' lang='lat' dir='ltr'>commissas</span> <span class='ocrx_word' id='word_1_407' title='bbox 1575 818 1696 858; x_wconf 77' lang='lat' dir='ltr'>pascere</span> <span class='ocrx_word' id='word_1_408' title='bbox 1720 817 1807 848; x_wconf 88' lang='lat' dir='ltr'>verbi</span> <span class='ocrx_word' id='word_1_409' title='bbox 1839 816 1901 848; x_wconf 93' lang='lat' dir='ltr'>Dei</span> <span class='ocrx_word' id='word_1_410' title='bbox 1923 817 2148 857; x_wconf 80' lang='lat' dir='ltr'>praedicatione</span> <span class='ocrx_word' id='word_1_411' title='bbox 2178 841 2185 847; x_wconf 96' lang='lat'>.</span> 
     </span>
     <span class='ocr_line' id='line_1_49' title="bbox 1192 859 2185 902; baseline 0.001 -12"><span class='ocrx_word' id='word_1_412' title='bbox 1192 859 1232 890; x_wconf 85' lang='lat' dir='ltr'>Et</span> <span class='ocrx_word' id='word_1_413' title='bbox 1250 861 1288 891; x_wconf 91' lang='lat' dir='ltr'>de</span> <span class='ocrx_word' id='word_1_414' title='bbox 1307 859 1416 892; x_wconf 81' lang='lat' dir='ltr'>officio</span> <span class='ocrx_word' id='word_1_415' title='bbox 1437 862 1627 902; x_wconf 67' lang='lat' dir='ltr'>praedicandi</span> <span class='ocrx_word' id='word_1_416' title='bbox 1649 860 1792 892; x_wconf 86' lang='lat' dir='ltr'>similiter</span> <span class='ocrx_word' id='word_1_417' title='bbox 1813 860 1988 902; x_wconf 88' lang='lat' dir='ltr'>loquuntur</span> <span class='ocrx_word' id='word_1_418' title='bbox 2009 859 2083 891; x_wconf 89' lang='lat' dir='ltr'>DD.</span> <span class='ocrx_word' id='word_1_419' title='bbox 2105 870 2185 900; x_wconf 84' lang='lat' dir='ltr'>quos</span> 
     </span>
     <span class='ocr_line' id='line_1_50' title="bbox 1191 902 1480 944; baseline 0.014 -11"><span class='ocrx_word' id='word_1_420' title='bbox 1191 902 1291 934; x_wconf 79' lang='lat' dir='ltr'>citavi</span> <span class='ocrx_word' id='word_1_421' title='bbox 1311 903 1398 944; x_wconf 82' lang='lat' dir='ltr'>supra</span> <span class='ocrx_word' id='word_1_422' title='bbox 1407 916 1436 935; x_wconf 87' lang='lat' dir='ltr'>n.</span> <span class='ocrx_word' id='word_1_423' title='bbox 1450 914 1480 943; x_wconf 79' lang='lat'>7.</span> 
     </span>
    </p>

    <p class='ocr_par' dir='ltr' id='par_1_12' title="bbox 1185 945 2190 1413">
     <span class='ocr_line' id='line_1_51' title="bbox 1233 945 2185 984; baseline -0.002 -6"><span class='ocrx_word' id='word_1_424' title='bbox 1233 945 1383 982; x_wconf 62' lang='lat' dir='ltr'>P-raeterea</span> <span class='ocrx_word' id='word_1_425' title='bbox 1407 958 1479 982; x_wconf 80' lang='lat' dir='ltr'>orta</span> <span class='ocrx_word' id='word_1_426' title='bbox 1498 947 1718 984; x_wconf 79' lang='lat' dir='ltr'>dubitatione,</span> <span class='ocrx_word' id='word_1_427' title='bbox 1739 958 1778 980; x_wconf 79' lang='lat' dir='ltr'>:in</span> <span class='ocrx_word' id='word_1_428' title='bbox 1810 948 1843 980; x_wconf 90' lang='lat' dir='ltr'>in</span> <span class='ocrx_word' id='word_1_429' title='bbox 1856 946 2032 981; x_wconf 75' lang='lat' dir='ltr'>parochiali</span> <span class='ocrx_word' id='word_1_430' title='bbox 2046 945 2185 978; x_wconf 81' lang='lat' dir='ltr'>Ecclesia</span> 
     </span>
     <span class='ocr_line' id='line_1_52' title="bbox 1190 989 2185 1032; baseline 0 -12"><span class='ocrx_word' id='word_1_431' title='bbox 1190 989 1282 1021; x_wconf 84' lang='lat' dir='ltr'>unita</span> <span class='ocrx_word' id='word_1_432' title='bbox 1312 989 1521 1031; x_wconf 81' lang='lat' dir='ltr'>Regularium</span> <span class='ocrx_word' id='word_1_433' title='bbox 1545 991 1760 1028; x_wconf 81' lang='lat' dir='ltr'>Monasterio,</span> <span class='ocrx_word' id='word_1_434' title='bbox 1782 992 1814 1023; x_wconf 89' lang='lat' dir='ltr'>in</span> <span class='ocrx_word' id='word_1_435' title='bbox 1835 1002 1898 1032; x_wconf 80' lang='lat' dir='ltr'>qua</span> <span class='ocrx_word' id='word_1_436' title='bbox 1918 1001 1969 1032; x_wconf 81' lang='lat' dir='ltr'>per</span> <span class='ocrx_word' id='word_1_437' title='bbox 1990 989 2185 1031; x_wconf 81' lang='lat' dir='ltr'>Regularern</span> 
     </span>
     <span class='ocr_line' id='line_1_53' title="bbox 1190 1033 2184 1075; baseline 0 -12"><span class='ocrx_word' id='word_1_438' title='bbox 1190 1042 1266 1064; x_wconf 82' lang='lat' dir='ltr'>cura</span> <span class='ocrx_word' id='word_1_439' title='bbox 1287 1035 1464 1067; x_wconf 79' lang='lat' dir='ltr'>animarum</span> <span class='ocrx_word' id='word_1_440' title='bbox 1487 1045 1671 1071; x_wconf 79' lang='lat' dir='ltr'>exercetur,</span> <span class='ocrx_word' id='word_1_441' title='bbox 1694 1035 1784 1075; x_wconf 74' lang='lat' dir='ltr'>possit</span> <span class='ocrx_word' id='word_1_442' title='bbox 1807 1035 1974 1075; x_wconf 83' lang='lat' dir='ltr'>Episcopus</span> <span class='ocrx_word' id='word_1_443' title='bbox 1995 1033 2184 1074; x_wconf 84' lang='lat' dir='ltr'>compellere</span> 
     </span>
     <span class='ocr_line' id='line_1_54' title="bbox 1192 1075 2187 1119; baseline 0 -12"><span class='ocrx_word' id='word_1_444' title='bbox 1192 1075 1366 1117; x_wconf 81' lang='lat' dir='ltr'>Regularcs</span> <span class='ocrx_word' id='word_1_445' title='bbox 1397 1088 1431 1110; x_wconf 87' lang='lat' dir='ltr'>ut</span> <span class='ocrx_word' id='word_1_446' title='bbox 1459 1078 1597 1119; x_wconf 75' lang='lat' dir='ltr'>aliquem</span> <span class='ocrx_word' id='word_1_447' title='bbox 1626 1078 1763 1119; x_wconf 86' lang='lat' dir='ltr'>ejusdem</span> <span class='ocrx_word' id='word_1_448' title='bbox 1794 1079 1915 1110; x_wconf 86' lang='lat' dir='ltr'>ordinis</span> <span class='ocrx_word' id='word_1_449' title='bbox 1947 1079 1983 1109; x_wconf 81' lang='lat' dir='ltr'>:id</span> <span class='ocrx_word' id='word_1_450' title='bbox 2015 1075 2187 1116; x_wconf 81' lang='lat' dir='ltr'>praedican-</span> 
     </span>
     <span class='ocr_line' id='line_1_55' title="bbox 1185 1118 2187 1162; baseline -0.001 -11"><span class='ocrx_word' id='word_1_451' title='bbox 1185 1121 1266 1151; x_wconf 84' lang='lat' dir='ltr'>&#39;dum</span> <span class='ocrx_word' id='word_1_452' title='bbox 1300 1120 1333 1152; x_wconf 88' lang='lat' dir='ltr'>in</span> <span class='ocrx_word' id='word_1_453' title='bbox 1363 1123 1471 1153; x_wconf 83' lang='lat' dir='ltr'>eadem</span> <span class='ocrx_word' id='word_1_454' title='bbox 1494 1121 1634 1153; x_wconf 81' lang='lat' dir='ltr'>Ecclesia</span> <span class='ocrx_word' id='word_1_455' title='bbox 1655 1124 1807 1162; x_wconf 86' lang='lat' dir='ltr'>deputent</span> <span class='ocrx_word' id='word_1_456' title='bbox 1828 1144 1840 1158; x_wconf 76' lang='lat'>‚</span> <span class='ocrx_word' id='word_1_457' title='bbox 1865 1122 1922 1162; x_wconf 87' lang='lat' dir='ltr'>qui</span> <span class='ocrx_word' id='word_1_458' title='bbox 1941 1124 1982 1153; x_wconf 84' lang='lat' dir='ltr'>de</span> <span class='ocrx_word' id='word_1_459' title='bbox 2002 1119 2132 1151; x_wconf 87' lang='lat' dir='ltr'>licentia</span> <span class='ocrx_word' id='word_1_460' title='bbox 2151 1118 2187 1150; x_wconf 87' lang='grc' dir='ltr'>Ε-</span> 
     </span>
     <span class='ocr_line' id='line_1_56' title="bbox 1191 1161 2190 1205; baseline -0.001 -11"><span class='ocrx_word' id='word_1_461' title='bbox 1191 1163 1310 1203; x_wconf 87' lang='lat' dir='ltr'>piscopi</span> <span class='ocrx_word' id='word_1_462' title='bbox 1353 1165 1411 1197; x_wconf 85' lang='lat' dir='ltr'>hoc</span> <span class='ocrx_word' id='word_1_463' title='bbox 1451 1174 1566 1196; x_wconf 86' lang='lat' dir='ltr'>munus</span> <span class='ocrx_word' id='word_1_464' title='bbox 1599 1165 1720 1205; x_wconf 82' lang='lat' dir='ltr'>expleat</span> <span class='ocrx_word' id='word_1_465' title='bbox 1758 1175 1825 1196; x_wconf 91' lang='lat' dir='ltr'>non</span> <span class='ocrx_word' id='word_1_466' title='bbox 1862 1164 2005 1196; x_wconf 82' lang='lat' dir='ltr'>obstante</span> <span class='ocrx_word' id='word_1_467' title='bbox 2036 1161 2122 1203; x_wconf 78' lang='lat' dir='ltr'>quod</span> <span class='ocrx_word' id='word_1_468' title='bbox 2154 1162 2190 1194; x_wconf 85' lang='lat' dir='ltr'>in</span> 
     </span>
     <span class='ocr_line' id='line_1_57' title="bbox 1194 1206 2190 1248; baseline -0.001 -10"><span class='ocrx_word' id='word_1_469' title='bbox 1194 1206 1333 1239; x_wconf 81' lang='lat' dir='ltr'>Ecclesia</span> <span class='ocrx_word' id='word_1_470' title='bbox 1352 1207 1538 1241; x_wconf 77' lang='lat' dir='ltr'>Monasterii</span> <span class='ocrx_word' id='word_1_471' title='bbox 1559 1217 1611 1247; x_wconf 89' lang='lat' dir='ltr'>per</span> <span class='ocrx_word' id='word_1_472' title='bbox 1640 1208 1763 1239; x_wconf 86' lang='lat' dir='ltr'>eosdem</span> <span class='ocrx_word' id='word_1_473' title='bbox 1791 1206 1964 1248; x_wconf 81' lang='lat' dir='ltr'>Regulares</span> <span class='ocrx_word' id='word_1_474' title='bbox 1995 1206 2114 1238; x_wconf 90' lang='lat' dir='ltr'>concio</span> <span class='ocrx_word' id='word_1_475' title='bbox 2136 1206 2190 1237; x_wconf 77' lang='lat' dir='ltr'>lia-</span> 
     </span>
     <span class='ocr_line' id='line_1_58' title="bbox 1193 1250 2188 1291; baseline -0.003 -9"><span class='ocrx_word' id='word_1_476' title='bbox 1193 1250 1303 1282; x_wconf 87' lang='lat' dir='ltr'>beatur</span> <span class='ocrx_word' id='word_1_477' title='bbox 1321 1262 1328 1281; x_wconf 78' lang='lat' dir='ltr'><strong><em>z</em></strong></span> <span class='ocrx_word' id='word_1_478' title='bbox 1359 1250 1454 1283; x_wconf 79' lang='lat' dir='ltr'>Sacra</span> <span class='ocrx_word' id='word_1_479' title='bbox 1475 1250 1697 1291; x_wconf 85' lang='lat' dir='ltr'>Congregatio</span> <span class='ocrx_word' id='word_1_480' title='bbox 1718 1251 1840 1282; x_wconf 87' lang='lat' dir='ltr'>censuit</span> <span class='ocrx_word' id='word_1_481' title='bbox 1863 1251 1943 1291; x_wconf 70' lang='lat' dir='ltr'>posse</span> <span class='ocrx_word' id='word_1_482' title='bbox 1967 1250 2157 1288; x_wconf 83' lang='lat' dir='ltr'>compellere</span> <span class='ocrx_word' id='word_1_483' title='bbox 2177 1271 2188 1285; x_wconf 79' lang='lat'>,</span> 
     </span>
     <span class='ocr_line' id='line_1_59' title="bbox 1193 1292 2189 1336; baseline -0.003 -11"><span class='ocrx_word' id='word_1_484' title='bbox 1193 1293 1242 1325; x_wconf 90' lang='lat' dir='ltr'>sed</span> <span class='ocrx_word' id='word_1_485' title='bbox 1264 1304 1330 1328; x_wconf 80' lang='lat' dir='ltr'>non</span> <span class='ocrx_word' id='word_1_486' title='bbox 1352 1294 1435 1334; x_wconf 88' lang='lat' dir='ltr'>posse</span> <span class='ocrx_word' id='word_1_487' title='bbox 1457 1295 1577 1330; x_wconf 84' lang='lat' dir='ltr'>alium,</span> <span class='ocrx_word' id='word_1_488' title='bbox 1602 1303 1807 1334; x_wconf 71' lang='lat' dir='ltr'>pi&#39;aeterquam</span> <span class='ocrx_word' id='word_1_489' title='bbox 1839 1294 1979 1336; x_wconf 75' lang='lat' dir='ltr'>ejusdem</span> <span class='ocrx_word' id='word_1_490' title='bbox 2000 1292 2121 1324; x_wconf 84' lang='lat' dir='ltr'>ordinis</span> <span class='ocrx_word' id='word_1_491' title='bbox 2143 1293 2189 1323; x_wconf 86' lang='lat' dir='ltr'>in-</span> 
     </span>
     <span class='ocr_line' id='line_1_60' title="bbox 1193 1335 2189 1379; baseline -0.003 -10"><span class='ocrx_word' id='word_1_492' title='bbox 1193 1337 1268 1369; x_wconf 85' lang='lat' dir='ltr'>vitis</span> <span class='ocrx_word' id='word_1_493' title='bbox 1290 1337 1448 1369; x_wconf 81' lang='lat' dir='ltr'>Fratribus</span> <span class='ocrx_word' id='word_1_494' title='bbox 1469 1340 1505 1370; x_wconf 88' lang='lat' dir='ltr'>ad</span> <span class='ocrx_word' id='word_1_495' title='bbox 1524 1338 1756 1379; x_wconf 70' lang='lat' dir='ltr'>praedicandum</span> <span class='ocrx_word' id='word_1_496' title='bbox 1777 1338 1811 1371; x_wconf 88' lang='lat' dir='ltr'>in</span> <span class='ocrx_word' id='word_1_497' title='bbox 1831 1337 1915 1369; x_wconf 64' lang='lat' dir='ltr'>dicta</span> <span class='ocrx_word' id='word_1_498' title='bbox 1937 1335 2076 1367; x_wconf 81' lang='lat' dir='ltr'>Ecclesia</span> <span class='ocrx_word' id='word_1_499' title='bbox 2095 1337 2189 1376; x_wconf 85' lang='lat' dir='ltr'>depu-</span> 
     </span>
     <span class='ocr_line' id='line_1_61' title="bbox 1193 1390 1277 1413; baseline -0.012 0"><span class='ocrx_word' id='word_1_500' title='bbox 1193 1390 1277 1413; x_wconf 86' lang='lat' dir='ltr'>tare.</span> 
     </span>
    </p>
   </div>
   <div class='ocr_carea' id='block_1_8' title="bbox 1811 1485 2175 1500">
    <p class='ocr_par' dir='ltr' id='par_1_13' title="bbox 1811 1485 2175 1500">
     <span class='ocr_line' id='line_1_62' title="bbox 1811 1485 2175 1500; baseline -0.011 0"><span class='ocrx_word' id='word_1_501' title='bbox 1811 1485 2175 1500; x_wconf 60' lang='lat' dir='ltr'><em>w</em></span> 
     </span>
    </p>
   </div>
   <div class='ocr_carea' id='block_1_9' title="bbox 1207 1546 1915 1602">
    <p class='ocr_par' dir='ltr' id='par_1_14' title="bbox 1207 1546 1915 1602">
     <span class='ocr_line' id='line_1_63' title="bbox 1207 1546 1915 1602; baseline 0 -1"><span class='ocrx_word' id='word_1_502' title='bbox 1207 1546 1915 1602; x_wconf 85' lang='lat' dir='ltr'>ORDINARII.</span> 
     </span>
    </p>
   </div>
   <div class='ocr_carea' id='block_1_10' title="bbox 734 1660 1642 1730">
    <p class='ocr_par' dir='ltr' id='par_1_15' title="bbox 734 1660 1642 1730">
     <span class='ocr_line' id='line_1_64' title="bbox 734 1660 1642 1730; baseline 0 -17"><span class='ocrx_word' id='word_1_503' title='bbox 734 1663 957 1714; x_wconf 85' lang='lat' dir='ltr'>Honorius</span> <span class='ocrx_word' id='word_1_504' title='bbox 991 1665 1109 1717; x_wconf 89' lang='grc' dir='ltr'><em>ΙΙΙ.</em></span> <span class='ocrx_word' id='word_1_505' title='bbox 1144 1660 1350 1730; x_wconf 87' lang='lat' dir='ltr'>Episcopo</span> <span class='ocrx_word' id='word_1_506' title='bbox 1384 1660 1642 1729; x_wconf 76' lang='lat' dir='ltr'>Affifinatin.</span> 
     </span>
    </p>
   </div>
   <div class='ocr_carea' id='block_1_11' title="bbox 827 1773 1218 1830">
    <p class='ocr_par' dir='ltr' id='par_1_16' title="bbox 827 1773 1218 1830">
     <span class='ocr_line' id='line_1_65' title="bbox 827 1773 1218 1830; baseline -0.005 0"><span class='ocrx_word' id='word_1_507' title='bbox 827 1773 1218 1830; x_wconf 90' lang='lat' dir='ltr'>CAPUT</span> 
     </span>
    </p>
   </div>
   <div class='ocr_carea' id='block_1_12' title="bbox 1359 1772 1538 1829">
    <p class='ocr_par' dir='ltr' id='par_1_17' title="bbox 1359 1772 1538 1829">
     <span class='ocr_line' id='line_1_66' title="bbox 1359 1772 1538 1829; baseline 0 -1"><span class='ocrx_word' id='word_1_508' title='bbox 1359 1772 1538 1829; x_wconf 85' lang='lat' dir='ltr'>XVI·</span> 
     </span>
    </p>
   </div>
   <div class='ocr_carea' id='block_1_13' title="bbox 160 1903 2193 2005">
    <p class='ocr_par' dir='ltr' id='par_1_18' title="bbox 160 1903 2193 2005">
     <span class='ocr_line' id='line_1_67' title="bbox 160 1903 2193 1994; baseline 0.001 -48"><span class='ocrx_word' id='word_1_509' title='bbox 160 1908 491 1994; x_wconf 84' lang='lat' dir='ltr'>Canuerente</span> <span class='ocrx_word' id='word_1_510' title='bbox 517 1918 724 1947; x_wconf 88' lang='lat' dir='ltr'>oecoiiomo</span> <span class='ocrx_word' id='word_1_511' title='bbox 747 1907 964 1947; x_wconf 85' lang='lat' dir='ltr'>monasterii</span> <span class='ocrx_word' id='word_1_512' title='bbox 976 1907 1220 1948; x_wconf 70' lang='lat' dir='ltr'>§.Benedicti</span> <span class='ocrx_word' id='word_1_513' title='bbox 1232 1906 1373 1946; x_wconf 85' lang='lat' dir='ltr'>montis</span> <span class='ocrx_word' id='word_1_514' title='bbox 1385 1903 1528 1944; x_wconf 79' lang='lat' dir='ltr'>Subasii</span> <span class='ocrx_word' id='word_1_515' title='bbox 1543 1904 1649 1944; x_wconf 88' lang='lat' dir='ltr'>nobis</span> <span class='ocrx_word' id='word_1_516' title='bbox 1661 1906 1827 1945; x_wconf 83' lang='lat' dir='ltr'>innotuit</span> <span class='ocrx_word' id='word_1_517' title='bbox 1839 1929 1854 1952; x_wconf 86' lang='grc'>3</span> <span class='ocrx_word' id='word_1_518' title='bbox 1879 1907 1982 1957; x_wconf 82' lang='lat' dir='ltr'>quod</span> <span class='ocrx_word' id='word_1_519' title='bbox 1994 1919 2034 1947; x_wconf 93' lang='lat' dir='ltr'>tii</span> <span class='ocrx_word' id='word_1_520' title='bbox 2048 1907 2193 1953; x_wconf 79' lang='lat' dir='ltr'>juribus</span> 
     </span>
     <span class='ocr_line' id='line_1_68' title="bbox 269 1951 2193 2005; baseline 0.002 -11"><span class='ocrx_word' id='word_1_521' title='bbox 269 1953 547 2003; x_wconf 88' lang='lat' dir='ltr'>Episcopalibus</span> <span class='ocrx_word' id='word_1_522' title='bbox 560 1970 636 1994; x_wconf 91' lang='lat' dir='ltr'>non</span> <span class='ocrx_word' id='word_1_523' title='bbox 645 1968 845 1995; x_wconf 85' lang='lat' dir='ltr'>contentus</span> <span class='ocrx_word' id='word_1_524' title='bbox 858 1968 874 2002; x_wconf 77' lang='grc'>’3</span> <span class='ocrx_word' id='word_1_525' title='bbox 895 1968 974 2005; x_wconf 88' lang='lat' dir='ltr'>quae</span> <span class='ocrx_word' id='word_1_526' title='bbox 985 1960 1023 1995; x_wconf 88' lang='lat' dir='ltr'>in</span> <span class='ocrx_word' id='word_1_527' title='bbox 1040 1955 1214 1996; x_wconf 84' lang='lat' dir='ltr'>Ecclesiis</span> <span class='ocrx_word' id='word_1_528' title='bbox 1227 1980 1241 2002; x_wconf 87' lang='grc'>3</span> <span class='ocrx_word' id='word_1_529' title='bbox 1262 1953 1330 2004; x_wconf 48' lang='lat' dir='ltr'>seu·</span> <span class='ocrx_word' id='word_1_530' title='bbox 1342 1953 1496 2000; x_wconf 78' lang='lat' dir='ltr'>capellis</span> <span class='ocrx_word' id='word_1_531' title='bbox 1507 1951 1667 1995; x_wconf 80' lang='lat' dir='ltr'>eiusdem</span> <span class='ocrx_word' id='word_1_532' title='bbox 1678 1954 1895 1996; x_wconf 86' lang='lat' dir='ltr'>monasterii</span> <span class='ocrx_word' id='word_1_533' title='bbox 1905 1955 2014 1995; x_wconf 88' lang='lat' dir='ltr'>debes</span> <span class='ocrx_word' id='word_1_534' title='bbox 2028 1956 2193 2003; x_wconf 70' lang='lat' dir='ltr'>habere,</span> 
     </span>
    </p>
   </div>
   <div class='ocr_carea' id='block_1_14' title="bbox 158 2001 2196 2140">
    <p class='ocr_par' dir='ltr' id='par_1_19' title="bbox 158 2001 2196 2140">
     <span class='ocr_line' id='line_1_69' title="bbox 158 2001 2196 2054; baseline 0.001 -11"><span class='ocrx_word' id='word_1_535' title='bbox 158 2003 184 2043; x_wconf 65' lang='grc' dir='ltr'>ἐι</span> <span class='ocrx_word' id='word_1_536' title='bbox 192 2003 411 2052; x_wconf 79' lang='lat' dir='ltr'>quibusdam</span> <span class='ocrx_word' id='word_1_537' title='bbox 421 2017 549 2043; x_wconf 88' lang='lat' dir='ltr'>earum</span> <span class='ocrx_word' id='word_1_538' title='bbox 562 2007 870 2051; x_wconf 80' lang='lat' dir='ltr'>procurationem</span> <span class='ocrx_word' id='word_1_539' title='bbox 879 2008 1011 2052; x_wconf 86' lang='lat' dir='ltr'>exigis:</span> <span class='ocrx_word' id='word_1_540' title='bbox 1023 2017 1113 2054; x_wconf 87' lang='lat' dir='ltr'>quas</span> <span class='ocrx_word' id='word_1_541' title='bbox 1123 2005 1169 2044; x_wconf 86' lang='lat' dir='ltr'>ad</span> <span class='ocrx_word' id='word_1_542' title='bbox 1180 2002 1340 2042; x_wconf 86' lang='lat' dir='ltr'>dandam</span> <span class='ocrx_word' id='word_1_543' title='bbox 1353 2005 1656 2050; x_wconf 68' lang='lat' dir='ltr'>procurationem</span> <span class='ocrx_word' id='word_1_544' title='bbox 1666 2003 1826 2041; x_wconf 75' lang='lat' dir='ltr'>minime</span> <span class='ocrx_word' id='word_1_545' title='bbox 1838 2001 2000 2044; x_wconf 87' lang='lat' dir='ltr'>sufficere</span> <span class='ocrx_word' id='word_1_546' title='bbox 2011 2017 2196 2052; x_wconf 86' lang='lat' dir='ltr'>propone-</span> 
     </span>
     <span class='ocr_line' id='line_1_70' title="bbox 158 2048 2196 2140; baseline 0.001 -49"><span class='ocrx_word' id='word_1_547' title='bbox 158 2051 247 2092; x_wconf 82' lang='lat' dir='ltr'>bat:</span> <span class='ocrx_word' id='word_1_548' title='bbox 274 2065 402 2101; x_wconf 88' lang='lat' dir='ltr'>petens</span> <span class='ocrx_word' id='word_1_549' title='bbox 414 2065 456 2091; x_wconf 93' lang='lat' dir='ltr'>ut</span> <span class='ocrx_word' id='word_1_550' title='bbox 464 2049 487 2091; x_wconf 96' lang='lat' dir='ltr'>s</span> <span class='ocrx_word' id='word_1_551' title='bbox 480 2051 692 2100; x_wconf 86' lang='lat' dir='ltr'>pecificares</span> <span class='ocrx_word' id='word_1_552' title='bbox 705 2065 785 2140; x_wconf 54' lang='grc' dir='ltr'>Ἳικε</span> <span class='ocrx_word' id='word_1_553' title='bbox 795 2052 865 2091; x_wconf 85' lang='lat' dir='ltr'>tibi</span> <span class='ocrx_word' id='word_1_554' title='bbox 876 2065 1023 2092; x_wconf 83' lang='lat' dir='ltr'>ratione</span> <span class='ocrx_word' id='word_1_555' title='bbox 1031 2055 1119 2098; x_wconf 85' lang='lat' dir='ltr'>juris</span> <span class='ocrx_word' id='word_1_556' title='bbox 1134 2049 1365 2099; x_wconf 82' lang='lat' dir='ltr'>Episcopalis</span> <span class='ocrx_word' id='word_1_557' title='bbox 1391 2063 1650 2097; x_wconf 86' lang='lat' dir='ltr'>competerent</span> <span class='ocrx_word' id='word_1_558' title='bbox 1680 2053 1719 2090; x_wconf 88' lang='lat' dir='ltr'>in</span> <span class='ocrx_word' id='word_1_559' title='bbox 1740 2048 1897 2092; x_wconf 85' lang='lat' dir='ltr'>eisdem:</span> <span class='ocrx_word' id='word_1_560' title='bbox 1926 2064 2088 2101; x_wconf 89' lang='lat' dir='ltr'>quorum</span> <span class='ocrx_word' id='word_1_561' title='bbox 2110 2056 2196 2103; x_wconf 91' lang='lat' dir='ltr'>qui-</span> 
     </span>
     <span class='ocr_line' id='line_1_71' title="bbox 694 2113 709 2140; baseline 0 0"><span class='ocrx_word' id='word_1_562' title='bbox 694 2113 709 2140; x_wconf 90' lang='lat' dir='ltr'>t</span> 
     </span>
    </p>
   </div>
   <div class='ocr_carea' id='block_1_15' title="bbox 159 2098 691 2147">
    <p class='ocr_par' dir='ltr' id='par_1_20' title="bbox 159 2098 691 2147">
     <span class='ocr_line' id='line_1_72' title="bbox 159 2098 691 2147; baseline 0 -7"><span class='ocrx_word' id='word_1_563' title='bbox 159 2098 314 2140; x_wconf 86' lang='lat' dir='ltr'>busdam</span> <span class='ocrx_word' id='word_1_564' title='bbox 329 2098 547 2147; x_wconf 89' lang='lat' dir='ltr'>specificatis</span> <span class='ocrx_word' id='word_1_565' title='bbox 558 2125 572 2146; x_wconf 89' lang='grc'>3</span> <span class='ocrx_word' id='word_1_566' title='bbox 582 2101 627 2139; x_wconf 84' lang='lat' dir='ltr'>lis</span> <span class='ocrx_word' id='word_1_567' title='bbox 639 2100 691 2140; x_wconf 87' lang='lat' dir='ltr'>fui</span> 
     </span>
    </p>
   </div>
   <div class='ocr_carea' id='block_1_16' title="bbox 737 2097 2196 2150">
    <p class='ocr_par' dir='ltr' id='par_1_21' title="bbox 737 2097 2196 2150">
     <span class='ocr_line' id='line_1_73' title="bbox 737 2097 2196 2150; baseline 0.002 -11"><span class='ocrx_word' id='word_1_568' title='bbox 737 2101 896 2148; x_wconf 77' lang='lat' dir='ltr'>egitime</span> <span class='ocrx_word' id='word_1_569' title='bbox 908 2101 1115 2144; x_wconf 86' lang='lat' dir='ltr'>contestata</span> <span class='ocrx_word' id='word_1_570' title='bbox 1126 2128 1135 2137; x_wconf 91' lang='lat'><strong>.</strong></span> <span class='ocrx_word' id='word_1_571' title='bbox 1147 2101 1230 2140; x_wconf 88' lang='lat' dir='ltr'>Nos</span> <span class='ocrx_word' id='word_1_572' title='bbox 1243 2111 1369 2139; x_wconf 85' lang='lat' dir='ltr'>autem</span> <span class='ocrx_word' id='word_1_573' title='bbox 1385 2097 1558 2146; x_wconf 62' lang='lat' dir='ltr'>inspectis</span> <span class='ocrx_word' id='word_1_574' title='bbox 1571 2099 1852 2147; x_wconf 82' lang='lat' dir='ltr'>probationibus</span> <span class='ocrx_word' id='word_1_575' title='bbox 1867 2124 1880 2146; x_wconf 98' lang='grc'>3</span> <span class='ocrx_word' id='word_1_576' title='bbox 1893 2100 1932 2138; x_wconf 87' lang='lat'>&amp;</span> <span class='ocrx_word' id='word_1_577' title='bbox 1944 2113 2024 2150; x_wconf 81' lang='lat' dir='ltr'>quae</span> <span class='ocrx_word' id='word_1_578' title='bbox 2034 2101 2083 2140; x_wconf 84' lang='lat' dir='ltr'>ab</span> <span class='ocrx_word' id='word_1_579' title='bbox 2092 2115 2196 2142; x_wconf 86' lang='lat' dir='ltr'>utra.-</span> 
     </span>
    </p>
   </div>
   <div class='ocr_carea' id='block_1_17' title="bbox 155 2145 2200 2728">
    <p class='ocr_par' dir='ltr' id='par_1_22' title="bbox 155 2145 2200 2728">
     <span class='ocr_line' id='line_1_74' title="bbox 158 2145 2195 2197; baseline 0 -9"><span class='ocrx_word' id='word_1_580' title='bbox 158 2160 234 2197; x_wconf 86' lang='lat' dir='ltr'>que</span> <span class='ocrx_word' id='word_1_581' title='bbox 242 2161 349 2197; x_wconf 82' lang='lat' dir='ltr'>parte</span> <span class='ocrx_word' id='word_1_582' title='bbox 361 2148 465 2187; x_wconf 91' lang='lat' dir='ltr'>fuere</span> <span class='ocrx_word' id='word_1_583' title='bbox 475 2148 662 2197; x_wconf 82' lang='lat' dir='ltr'>proposita</span> <span class='ocrx_word' id='word_1_584' title='bbox 676 2150 879 2190; x_wconf 62' lang='lat' dir='ltr'>intellectis</span> <span class='ocrx_word' id='word_1_585' title='bbox 891 2166 904 2195; x_wconf 78' lang='lat'>3</span> <span class='ocrx_word' id='word_1_586' title='bbox 929 2149 1177 2189; x_wconf 87' lang='lat' dir='ltr'>Decreviiniis</span> <span class='ocrx_word' id='word_1_587' title='bbox 1192 2172 1204 2194; x_wconf 88' lang='grc'>3</span> <span class='ocrx_word' id='word_1_588' title='bbox 1225 2160 1266 2187; x_wconf 90' lang='lat' dir='ltr'>ut</span> <span class='ocrx_word' id='word_1_589' title='bbox 1278 2151 1315 2186; x_wconf 88' lang='lat' dir='ltr'>in</span> <span class='ocrx_word' id='word_1_590' title='bbox 1329 2146 1501 2186; x_wconf 83' lang='lat' dir='ltr'>Ecclefiis</span> <span class='ocrx_word' id='word_1_591' title='bbox 1514 2170 1529 2191; x_wconf 91' lang='grc'>3</span> <span class='ocrx_word' id='word_1_592' title='bbox 1550 2145 1609 2186; x_wconf 89' lang='lat' dir='ltr'>seu</span> <span class='ocrx_word' id='word_1_593' title='bbox 1619 2147 1773 2194; x_wconf 87' lang='lat' dir='ltr'>capellis</span> <span class='ocrx_word' id='word_1_594' title='bbox 1783 2160 1855 2187; x_wconf 88' lang='lat' dir='ltr'>tiiae</span> <span class='ocrx_word' id='word_1_595' title='bbox 1864 2148 2035 2188; x_wconf 83' lang='lat' dir='ltr'>dioecesis</span> <span class='ocrx_word' id='word_1_596' title='bbox 2047 2149 2092 2189; x_wconf 80' lang='lat' dir='ltr'>ad</span> <span class='ocrx_word' id='word_1_597' title='bbox 2107 2164 2195 2189; x_wconf 88' lang='lat' dir='ltr'>mo-</span> 
     </span>
     <span class='ocr_line' id='line_1_75' title="bbox 156 2193 2190 2245; baseline 0.001 -10"><span class='ocrx_word' id='word_1_598' title='bbox 156 2196 361 2237; x_wconf 87' lang='lat' dir='ltr'>nasterium</span> <span class='ocrx_word' id='word_1_599' title='bbox 375 2195 490 2244; x_wconf 83' lang='lat' dir='ltr'>ipsum</span> <span class='ocrx_word' id='word_1_600' title='bbox 505 2196 774 2245; x_wconf 68' lang='lat' dir='ltr'>spectantibus,</span> <span class='ocrx_word' id='word_1_601' title='bbox 787 2197 924 2237; x_wconf 84' lang='lat' dir='ltr'>habeas</span> <span class='ocrx_word' id='word_1_602' title='bbox 938 2198 1178 2238; x_wconf 84' lang='lat' dir='ltr'>Canonicam</span> <span class='ocrx_word' id='word_1_603' title='bbox 1190 2195 1462 2241; x_wconf 73' lang='lat' dir='ltr'>obedientiam,</span> <span class='ocrx_word' id='word_1_604' title='bbox 1476 2193 1744 2240; x_wconf 55' lang='lat' dir='ltr'>subjectionem</span> <span class='ocrx_word' id='word_1_605' title='bbox 1755 2196 2072 2243; x_wconf 69' lang='lat' dir='ltr'>&amp;revereiitiaim</span> <span class='ocrx_word' id='word_1_606' title='bbox 2087 2198 2190 2238; x_wconf 88' lang='lat' dir='ltr'>insti-</span> 
     </span>
     <span class='ocr_line' id='line_1_76' title="bbox 155 2240 2198 2292; baseline 0 -9"><span class='ocrx_word' id='word_1_607' title='bbox 155 2247 345 2287; x_wconf 83' lang='lat' dir='ltr'>tutionem</span> <span class='ocrx_word' id='word_1_608' title='bbox 356 2245 395 2283; x_wconf 86' lang='lat'>&amp;</span> <span class='ocrx_word' id='word_1_609' title='bbox 403 2245 1039 2292; x_wconf 61' lang='lat' dir='ltr'>destitittionem2corre6tionem2&amp;</span> <span class='ocrx_word' id='word_1_610' title='bbox 1049 2244 1426 2286; x_wconf 50' lang='lat' dir='ltr'>reformationemqac</span> <span class='ocrx_word' id='word_1_611' title='bbox 1435 2240 1626 2283; x_wconf 85' lang='lat' dir='ltr'>censuram</span> <span class='ocrx_word' id='word_1_612' title='bbox 1639 2243 1950 2290; x_wconf 76' lang='lat' dir='ltr'>Ecclefiasticam,</span> <span class='ocrx_word' id='word_1_613' title='bbox 1967 2245 2198 2291; x_wconf 58' lang='lat' dir='ltr'>jurisdictio-</span> 
     </span>
     <span class='ocr_line' id='line_1_77' title="bbox 156 2289 2197 2342; baseline 0 -9"><span class='ocrx_word' id='word_1_614' title='bbox 156 2306 246 2333; x_wconf 87' lang='lat' dir='ltr'>nem</span> <span class='ocrx_word' id='word_1_615' title='bbox 259 2291 610 2342; x_wconf 86' lang='lat' dir='ltr'>quoquecausarum</span> <span class='ocrx_word' id='word_1_616' title='bbox 623 2297 794 2333; x_wconf 86' lang='lat' dir='ltr'>omnium</span> <span class='ocrx_word' id='word_1_617' title='bbox 806 2319 821 2340; x_wconf 85' lang='grc'>3</span> <span class='ocrx_word' id='word_1_618' title='bbox 842 2294 889 2334; x_wconf 89' lang='lat' dir='ltr'>ad</span> <span class='ocrx_word' id='word_1_619' title='bbox 901 2294 1026 2333; x_wconf 87' lang='lat' dir='ltr'>forum</span> <span class='ocrx_word' id='word_1_620' title='bbox 1042 2293 1341 2335; x_wconf 80' lang='lat' dir='ltr'>Ecclefiasticum</span> <span class='ocrx_word' id='word_1_621' title='bbox 1354 2291 1400 2330; x_wconf 90' lang='lat' dir='ltr'>de</span> <span class='ocrx_word' id='word_1_622' title='bbox 1415 2296 1490 2337; x_wconf 87' lang='lat' dir='ltr'>jure</span> <span class='ocrx_word' id='word_1_623' title='bbox 1499 2289 1747 2339; x_wconf 74' lang='lat' dir='ltr'>specstantiiim</span> <span class='ocrx_word' id='word_1_624' title='bbox 1760 2316 1775 2338; x_wconf 93' lang='grc'>3</span> <span class='ocrx_word' id='word_1_625' title='bbox 1796 2295 2044 2339; x_wconf 87' lang='lat' dir='ltr'>poenitentias</span> <span class='ocrx_word' id='word_1_626' title='bbox 2055 2318 2070 2338; x_wconf 82' lang='grc'>3</span> <span class='ocrx_word' id='word_1_627' title='bbox 2093 2295 2132 2332; x_wconf 89' lang='lat'>&amp;</span> <span class='ocrx_word' id='word_1_628' title='bbox 2141 2292 2197 2333; x_wconf 80' lang='lat' dir='ltr'>sa-</span> 
     </span>
     <span class='ocr_line' id='line_1_78' title="bbox 159 2338 2200 2392; baseline 0 -12"><span class='ocrx_word' id='word_1_629' title='bbox 159 2355 311 2380; x_wconf 88' lang='lat' dir='ltr'>crorum</span> <span class='ocrx_word' id='word_1_630' title='bbox 324 2344 495 2380; x_wconf 89' lang='lat' dir='ltr'>omnium</span> <span class='ocrx_word' id='word_1_631' title='bbox 508 2367 522 2388; x_wconf 86' lang='grc'>3</span> <span class='ocrx_word' id='word_1_632' title='bbox 571 2355 625 2381; x_wconf 84' lang='lat' dir='ltr'>uae</span> <span class='ocrx_word' id='word_1_633' title='bbox 637 2343 685 2381; x_wconf 84' lang='lat' dir='ltr'>ab</span> <span class='ocrx_word' id='word_1_634' title='bbox 698 2340 881 2390; x_wconf 81' lang='lat' dir='ltr'>Episcopo</span> <span class='ocrx_word' id='word_1_635' title='bbox 893 2342 975 2382; x_wconf 88' lang='lat' dir='ltr'>sunt</span> <span class='ocrx_word' id='word_1_636' title='bbox 988 2342 1199 2390; x_wconf 84' lang='lat' dir='ltr'>recipienda</span> <span class='ocrx_word' id='word_1_637' title='bbox 1209 2365 1223 2387; x_wconf 84' lang='grc'>3</span> <span class='ocrx_word' id='word_1_638' title='bbox 1244 2340 1489 2392; x_wconf 36' lang='lat' dir='ltr'>collar-ionem</span> <span class='ocrx_word' id='word_1_639' title='bbox 1501 2364 1516 2385; x_wconf 90' lang='grc'>3</span> <span class='ocrx_word' id='word_1_640' title='bbox 1527 2338 1712 2388; x_wconf 86' lang='lat' dir='ltr'>synodum</span> <span class='ocrx_word' id='word_1_641' title='bbox 1729 2365 1744 2387; x_wconf 89' lang='grc'>3</span> <span class='ocrx_word' id='word_1_642' title='bbox 1767 2341 1806 2377; x_wconf 85' lang='lat'>&amp;</span> <span class='ocrx_word' id='word_1_643' title='bbox 1818 2339 2030 2388; x_wconf 89' lang='lat' dir='ltr'>synodatici</span> <span class='ocrx_word' id='word_1_644' title='bbox 2043 2340 2101 2381; x_wconf 88' lang='lat' dir='ltr'>seu</span> <span class='ocrx_word' id='word_1_645' title='bbox 2116 2340 2200 2382; x_wconf 85' lang='lat' dir='ltr'>Ca.-</span> 
     </span>
     <span class='ocr_line' id='line_1_79' title="bbox 160 2387 2199 2441; baseline 0.001 -14"><span class='ocrx_word' id='word_1_646' title='bbox 160 2389 365 2428; x_wconf 88' lang='lat' dir='ltr'>thedratici</span> <span class='ocrx_word' id='word_1_647' title='bbox 380 2393 534 2429; x_wconf 76' lang='lat' dir='ltr'>nomine</span> <span class='ocrx_word' id='word_1_648' title='bbox 571 2404 637 2430; x_wconf 86' lang='lat' dir='ltr'>iios</span> <span class='ocrx_word' id='word_1_649' title='bbox 648 2390 791 2430; x_wconf 85' lang='lat' dir='ltr'>solidos</span> <span class='ocrx_word' id='word_1_650' title='bbox 801 2415 815 2437; x_wconf 85' lang='grc'>3</span> <span class='ocrx_word' id='word_1_651' title='bbox 827 2404 998 2441; x_wconf 77' lang='lat' dir='ltr'>quartam</span> <span class='ocrx_word' id='word_1_652' title='bbox 1013 2392 1308 2431; x_wconf 84' lang='lat' dir='ltr'>decimationum</span> <span class='ocrx_word' id='word_1_653' title='bbox 1320 2391 1359 2428; x_wconf 87' lang='lat'>&amp;</span> <span class='ocrx_word' id='word_1_654' title='bbox 1373 2391 1667 2427; x_wconf 87' lang='lat' dir='ltr'>mortuariorum</span> <span class='ocrx_word' id='word_1_655' title='bbox 1682 2412 1696 2433; x_wconf 89' lang='grc'>3</span> <span class='ocrx_word' id='word_1_656' title='bbox 1706 2387 1958 2429; x_wconf 81' lang='lat' dir='ltr'>visitationem</span> <span class='ocrx_word' id='word_1_657' title='bbox 1972 2402 2122 2440; x_wconf 87' lang='lat' dir='ltr'>quoque</span> <span class='ocrx_word' id='word_1_658' title='bbox 2132 2404 2199 2430; x_wconf 90' lang='lat' dir='ltr'>an-</span> 
     </span>
     <span class='ocr_line' id='line_1_80' title="bbox 161 2437 2197 2489; baseline 0.001 -15"><span class='ocrx_word' id='word_1_659' title='bbox 161 2450 298 2475; x_wconf 86' lang='lat' dir='ltr'>nuam:</span> <span class='ocrx_word' id='word_1_660' title='bbox 316 2440 370 2475; x_wconf 83' lang='lat' dir='ltr'>ita</span> <span class='ocrx_word' id='word_1_661' title='bbox 378 2437 478 2486; x_wconf 77' lang='lat' dir='ltr'>quod</span> <span class='ocrx_word' id='word_1_662' title='bbox 490 2439 576 2476; x_wconf 71' lang='lat' dir='ltr'>cum</span> <span class='ocrx_word' id='word_1_663' title='bbox 589 2439 637 2478; x_wconf 84' lang='lat' dir='ltr'>ad</span> <span class='ocrx_word' id='word_1_664' title='bbox 649 2454 709 2479; x_wconf 85' lang='lat' dir='ltr'>eas</span> <span class='ocrx_word' id='word_1_665' title='bbox 721 2438 917 2479; x_wconf 84' lang='lat' dir='ltr'>visitandas</span> <span class='ocrx_word' id='word_1_666' title='bbox 931 2440 1120 2479; x_wconf 77' lang='lat' dir='ltr'>accesseris</span> <span class='ocrx_word' id='word_1_667' title='bbox 1137 2464 1149 2485; x_wconf 82' lang='grc'>3</span> <span class='ocrx_word' id='word_1_668' title='bbox 1171 2452 1246 2478; x_wconf 84' lang='lat' dir='ltr'>non</span> <span class='ocrx_word' id='word_1_669' title='bbox 1259 2437 1420 2489; x_wconf 84' lang='lat' dir='ltr'>amplius</span> <span class='ocrx_word' id='word_1_670' title='bbox 1431 2438 1709 2483; x_wconf 64' lang='lat' dir='ltr'>procurationis,</span> <span class='ocrx_word' id='word_1_671' title='bbox 1717 2439 1872 2475; x_wconf 86' lang='lat' dir='ltr'>nomine</span> <span class='ocrx_word' id='word_1_672' title='bbox 1883 2440 2050 2486; x_wconf 85' lang='lat' dir='ltr'>requiras</span> <span class='ocrx_word' id='word_1_673' title='bbox 2089 2438 2113 2478; x_wconf 93' lang='lat' dir='ltr'>b</span> <span class='ocrx_word' id='word_1_674' title='bbox 2124 2441 2197 2484; x_wconf 81' lang='lat' dir='ltr'>eis,</span> 
     </span>
     <span class='ocr_line' id='line_1_81' title="bbox 161 2453 2197 2534; baseline 0.001 -11"><span class='ocrx_word' id='word_1_675' title='bbox 161 2482 230 2523; x_wconf 74' lang='lat' dir='ltr'>nisi</span> <span class='ocrx_word' id='word_1_676' title='bbox 242 2496 423 2533; x_wconf 85' lang='lat' dir='ltr'>quantum</span> <span class='ocrx_word' id='word_1_677' title='bbox 435 2489 450 2531; x_wconf 96' lang='lat'><em>(</em></span> <span class='ocrx_word' id='word_1_678' title='bbox 459 2483 618 2532; x_wconf 88' lang='lat' dir='ltr'>pensatis</span> <span class='ocrx_word' id='word_1_679' title='bbox 632 2485 874 2531; x_wconf 80' lang='lat' dir='ltr'>facultatibus</span> <span class='ocrx_word' id='word_1_680' title='bbox 887 2488 1102 2528; x_wconf 89' lang='lat' dir='ltr'>earumdem</span> <span class='ocrx_word' id='word_1_681' title='bbox 1116 2488 1130 2531; x_wconf 89' lang='lat'><em>)</em></span> <span class='ocrx_word' id='word_1_682' title='bbox 1143 2486 1337 2527; x_wconf 74' lang='lat' dir='ltr'>moderate</span> <span class='ocrx_word' id='word_1_683' title='bbox 1348 2496 1522 2533; x_wconf 88' lang='lat' dir='ltr'>poterunt</span> <span class='ocrx_word' id='word_1_684' title='bbox 1532 2484 1710 2523; x_wconf 84' lang='lat' dir='ltr'>exhibere</span> <span class='ocrx_word' id='word_1_685' title='bbox 1723 2508 1737 2530; x_wconf 85' lang='grc'>3</span> <span class='ocrx_word' id='word_1_686' title='bbox 1759 2498 1805 2524; x_wconf 89' lang='lat' dir='ltr'>ne</span> <span class='ocrx_word' id='word_1_687' title='bbox 1818 2484 1900 2532; x_wconf 86' lang='lat' dir='ltr'>plus</span> <span class='ocrx_word' id='word_1_688' title='bbox 1913 2489 2054 2525; x_wconf 85' lang='lat' dir='ltr'>caeteris</span> <span class='ocrx_word' id='word_1_689' title='bbox 2063 2453 2197 2534; x_wconf 51' lang='lat' dir='ltr'>{lapel-</span> 
     </span>
     <span class='ocr_line' id='line_1_82' title="bbox 162 2530 2194 2581; baseline 0 -9"><span class='ocrx_word' id='word_1_690' title='bbox 162 2533 209 2572; x_wconf 90' lang='lat' dir='ltr'>lis</span> <span class='ocrx_word' id='word_1_691' title='bbox 221 2530 379 2578; x_wconf 83' lang='lat' dir='ltr'>ejusdem</span> <span class='ocrx_word' id='word_1_692' title='bbox 391 2532 556 2572; x_wconf 80' lang='lat' dir='ltr'>dioecesis</span> <span class='ocrx_word' id='word_1_693' title='bbox 567 2536 603 2572; x_wconf 89' lang='lat' dir='ltr'>in</span> <span class='ocrx_word' id='word_1_694' title='bbox 613 2535 940 2581; x_wconf 85' lang='lat' dir='ltr'>procurationibus</span> <span class='ocrx_word' id='word_1_695' title='bbox 952 2549 1176 2576; x_wconf 87' lang='lat' dir='ltr'>onerentur:</span> <span class='ocrx_word' id='word_1_696' title='bbox 1203 2536 1242 2574; x_wconf 88' lang='lat'>&amp;</span> <span class='ocrx_word' id='word_1_697' title='bbox 1256 2534 1352 2574; x_wconf 72' lang='lat' dir='ltr'>infra</span> <span class='ocrx_word' id='word_1_698' title='bbox 1366 2561 1374 2570; x_wconf 92' lang='lat'><strong>.</strong></span> <span class='ocrx_word' id='word_1_699' title='bbox 1400 2534 1457 2572; x_wconf 88' lang='lat' dir='ltr'>Tu</span> <span class='ocrx_word' id='word_1_700' title='bbox 1470 2544 1597 2571; x_wconf 87' lang='lat' dir='ltr'>autem</span> <span class='ocrx_word' id='word_1_701' title='bbox 1610 2532 1667 2570; x_wconf 84' lang='lat' dir='ltr'>his</span> <span class='ocrx_word' id='word_1_702' title='bbox 1682 2532 1818 2575; x_wconf 81' lang='lat' dir='ltr'>iuribus</span> <span class='ocrx_word' id='word_1_703' title='bbox 1831 2536 1867 2571; x_wconf 86' lang='lat' dir='ltr'>in</span> <span class='ocrx_word' id='word_1_704' title='bbox 1879 2533 2046 2580; x_wconf 87' lang='lat' dir='ltr'>praefatis</span> <span class='ocrx_word' id='word_1_705' title='bbox 2061 2535 2194 2573; x_wconf 85' lang='lat' dir='ltr'>Eccle-</span> 
     </span>
     <span class='ocr_line' id='line_1_83' title="bbox 161 2578 2192 2634; baseline 0.001 -14"><span class='ocrx_word' id='word_1_706' title='bbox 161 2579 219 2620; x_wconf 82' lang='lat' dir='ltr'>fiis</span> <span class='ocrx_word' id='word_1_707' title='bbox 229 2593 426 2620; x_wconf 85' lang='lat' dir='ltr'>contentus</span> <span class='ocrx_word' id='word_1_708' title='bbox 450 2580 605 2620; x_wconf 77' lang='lat' dir='ltr'>existens</span> <span class='ocrx_word' id='word_1_709' title='bbox 616 2605 629 2627; x_wconf 91' lang='grc'>3</span> <span class='ocrx_word' id='word_1_710' title='bbox 640 2596 714 2621; x_wconf 91' lang='lat' dir='ltr'>non</span> <span class='ocrx_word' id='word_1_711' title='bbox 724 2583 884 2630; x_wconf 86' lang='lat' dir='ltr'>amplius</span> <span class='ocrx_word' id='word_1_712' title='bbox 897 2584 946 2623; x_wconf 91' lang='lat' dir='ltr'>ab</span> <span class='ocrx_word' id='word_1_713' title='bbox 956 2587 1009 2623; x_wconf 91' lang='lat' dir='ltr'>eis</span> <span class='ocrx_word' id='word_1_714' title='bbox 1018 2587 1144 2634; x_wconf 81' lang='lat' dir='ltr'>exigas</span> <span class='ocrx_word' id='word_1_715' title='bbox 1158 2609 1173 2630; x_wconf 89' lang='grc'>3</span> <span class='ocrx_word' id='word_1_716' title='bbox 1187 2595 1317 2631; x_wconf 85' lang='lat' dir='ltr'>ptaeter</span> <span class='ocrx_word' id='word_1_717' title='bbox 1330 2581 1564 2620; x_wconf 87' lang='lat' dir='ltr'>moderatum</span> <span class='ocrx_word' id='word_1_718' title='bbox 1579 2581 1761 2620; x_wconf 82' lang='lat' dir='ltr'>auxilium</span> <span class='ocrx_word' id='word_1_719' title='bbox 1773 2606 1787 2626; x_wconf 88' lang='grc'>3</span> <span class='ocrx_word' id='word_1_720' title='bbox 1797 2580 1896 2630; x_wconf 82' lang='lat' dir='ltr'>quod</span> <span class='ocrx_word' id='word_1_721' title='bbox 1908 2584 2011 2626; x_wconf 83' lang='lat' dir='ltr'>juxta</span> <span class='ocrx_word' id='word_1_722' title='bbox 2024 2578 2147 2621; x_wconf 86' lang='lat' dir='ltr'>forma</span> <span class='ocrx_word' id='word_1_723' title='bbox 2155 2596 2192 2622; x_wconf 89' lang='lat' dir='ltr'>m</span> 
     </span>
     <span class='ocr_line' id='line_1_84' title="bbox 160 2627 2192 2679; baseline 0.001 -10"><span class='ocrx_word' id='word_1_724' title='bbox 160 2627 419 2669; x_wconf 81' lang='lat' dir='ltr'>Lateranenfis</span> <span class='ocrx_word' id='word_1_725' title='bbox 442 2629 641 2675; x_wconf 74' lang='lat' dir='ltr'>concilii,</span> <span class='ocrx_word' id='word_1_726' title='bbox 667 2633 694 2668; x_wconf 85' lang='lat' dir='ltr'>si</span> <span class='ocrx_word' id='word_1_727' title='bbox 716 2629 937 2677; x_wconf 70' lang='lat' dir='ltr'>manifesta,</span> <span class='ocrx_word' id='word_1_728' title='bbox 961 2632 1000 2671; x_wconf 89' lang='lat'>&amp;</span> <span class='ocrx_word' id='word_1_729' title='bbox 1014 2632 1251 2672; x_wconf 84' lang='lat' dir='ltr'>rationabilis.</span> <span class='ocrx_word' id='word_1_730' title='bbox 1266 2629 1374 2670; x_wconf 88' lang='lat' dir='ltr'>caiisa</span> <span class='ocrx_word' id='word_1_731' title='bbox 1387 2631 1554 2672; x_wconf 12' lang='lat' dir='ltr'>exstiterit</span> <span class='ocrx_word' id='word_1_732' title='bbox 1568 2653 1581 2673; x_wconf 79' lang='grc'>3</span> <span class='ocrx_word' id='word_1_733' title='bbox 1602 2642 1688 2670; x_wconf 89' lang='lat' dir='ltr'>cum</span> <span class='ocrx_word' id='word_1_734' title='bbox 1699 2629 1889 2669; x_wconf 83' lang='lat' dir='ltr'>charitate</span> <span class='ocrx_word' id='word_1_735' title='bbox 1900 2629 2165 2677; x_wconf 79' lang='lat' dir='ltr'>postulandum</span> <span class='ocrx_word' id='word_1_736' title='bbox 2177 2656 2192 2679; x_wconf 82' lang='grc'>3</span> 
     </span>
     <span class='ocr_line' id='line_1_85' title="bbox 161 2675 1787 2728; baseline 0 -11"><span class='ocrx_word' id='word_1_737' title='bbox 161 2675 254 2717; x_wconf 84' lang='lat' dir='ltr'>ficut</span> <span class='ocrx_word' id='word_1_738' title='bbox 264 2676 312 2719; x_wconf 81' lang='lat' dir='ltr'>ab</span> <span class='ocrx_word' id='word_1_739' title='bbox 325 2677 411 2717; x_wconf 83' lang='lat' dir='ltr'>aliis</span> <span class='ocrx_word' id='word_1_740' title='bbox 432 2675 604 2718; x_wconf 84' lang='lat' dir='ltr'>Ecclesiis</span> <span class='ocrx_word' id='word_1_741' title='bbox 625 2676 782 2723; x_wconf 68' lang='lat' dir='ltr'>eiusdem</span> <span class='ocrx_word' id='word_1_742' title='bbox 807 2678 974 2719; x_wconf 83' lang='lat' dir='ltr'>dioecesis</span> <span class='ocrx_word' id='word_1_743' title='bbox 987 2698 1002 2727; x_wconf 74' lang='lat'>5</span> <span class='ocrx_word' id='word_1_744' title='bbox 1025 2694 1093 2728; x_wconf 85' lang='lat' dir='ltr'>pro</span> <span class='ocrx_word' id='word_1_745' title='bbox 1112 2678 1323 2721; x_wconf 82' lang='lat' dir='ltr'>necessitate</span> <span class='ocrx_word' id='word_1_746' title='bbox 1344 2679 1524 2725; x_wconf 88' lang='lat' dir='ltr'>temporis</span> <span class='ocrx_word' id='word_1_747' title='bbox 1552 2676 1769 2716; x_wconf 85' lang='lat' dir='ltr'>sustinemus</span> <span class='ocrx_word' id='word_1_748' title='bbox 1779 2708 1787 2717; x_wconf 93' lang='lat'>.</span> 
     </span>
    </p>
   </div>
   <div class='ocr_carea' id='block_1_18' title="bbox 334 2776 2207 2823">
    <p class='ocr_par' dir='ltr' id='par_1_23' title="bbox 334 2776 2207 2823">
     <span class='ocr_line' id='line_1_86' title="bbox 334 2776 2207 2823; baseline -0.001 -11"><span class='ocrx_word' id='word_1_749' title='bbox 334 2782 361 2812; x_wconf 82' lang='lat' dir='ltr'><em>S</em></span> <span class='ocrx_word' id='word_1_750' title='bbox 406 2778 440 2815; x_wconf 92' lang='lat' dir='ltr'><em>U</em></span> <span class='ocrx_word' id='word_1_751' title='bbox 479 2782 530 2812; x_wconf 92' lang='lat' dir='ltr'><em>M</em></span> <span class='ocrx_word' id='word_1_752' title='bbox 561 2781 612 2812; x_wconf 90' lang='lat' dir='ltr'><em>M</em></span> <span class='ocrx_word' id='word_1_753' title='bbox 643 2782 679 2812; x_wconf 90' lang='lat' dir='ltr'><em>A</em></span> <span class='ocrx_word' id='word_1_754' title='bbox 722 2782 750 2813; x_wconf 79' lang='lat' dir='ltr'><em>R</em></span> <span class='ocrx_word' id='word_1_755' title='bbox 795 2783 817 2812; x_wconf 92' lang='grc' dir='ltr'><em>Ι</em></span> <span class='ocrx_word' id='word_1_756' title='bbox 853 2781 886 2813; x_wconf 94' lang='lat' dir='ltr'><strong><em>U</em></strong></span> <span class='ocrx_word' id='word_1_757' title='bbox 924 2783 988 2814; x_wconf 85' lang='lat' dir='ltr'>M.</span> <span class='ocrx_word' id='word_1_758' title='bbox 1321 2778 1467 2823; x_wconf 62' lang='lat' dir='ltr'>standum</span> <span class='ocrx_word' id='word_1_759' title='bbox 1506 2776 1631 2816; x_wconf 69' lang='lat' dir='ltr'>aliquod</span> <span class='ocrx_word' id='word_1_760' title='bbox 1658 2778 1825 2820; x_wconf 66' lang='lat' dir='ltr'>servitium</span> <span class='ocrx_word' id='word_1_761' title='bbox 1865 2790 1922 2810; x_wconf 80' lang='lat' dir='ltr'>non</span> <span class='ocrx_word' id='word_1_762' title='bbox 1954 2777 2128 2820; x_wconf 78' lang='lat' dir='ltr'>expreſsum</span> <span class='ocrx_word' id='word_1_763' title='bbox 2164 2781 2207 2811; x_wconf 81' lang='lat' dir='ltr'>in-</span> 
     </span>
    </p>
   </div>
   <div class='ocr_carea' id='block_1_19' title="bbox 1220 2834 2201 3550">
    <p class='ocr_par' dir='ltr' id='par_1_24' title="bbox 1245 2834 2200 2993">
     <span class='ocr_line' id='line_1_87' title="bbox 1338 2836 1408 2855; baseline -0.029 0"><span class='ocrx_word' id='word_1_764' title='bbox 1338 2836 1390 2855; x_wconf 72' lang='lat' dir='ltr'>·ssre</span> <span class='ocrx_word' id='word_1_765' title='bbox 1402 2846 1408 2853; x_wconf 82' lang='lat'><em>-</em></span> 
     </span>
     <span class='ocr_line' id='line_1_88' title="bbox 1245 2834 2199 2909; baseline -0.001 -10"><span class='ocrx_word' id='word_1_766' title='bbox 1245 2880 1264 2907; x_wconf 86' lang='lat'><em>9</em></span> <span class='ocrx_word' id='word_1_767' title='bbox 1284 2834 1420 2901; x_wconf 62' lang='lat' dir='ltr'>Coilessa</span> <span class='ocrx_word' id='word_1_768' title='bbox 1438 2866 1543 2904; x_wconf 81' lang='lat' dir='ltr'>aliqua</span> <span class='ocrx_word' id='word_1_769' title='bbox 1564 2864 1603 2897; x_wconf 84' lang='lat' dir='ltr'>ab</span> <span class='ocrx_word' id='word_1_770' title='bbox 1624 2863 1771 2906; x_wconf 71' lang='lat' dir='ltr'>Episcopo</span> <span class='ocrx_word' id='word_1_771' title='bbox 1781 2866 1895 2905; x_wconf 65' lang='lat' dir='ltr'>imponi</span> <span class='ocrx_word' id='word_1_772' title='bbox 1905 2876 1961 2896; x_wconf 77' lang='lat' dir='ltr'>non</span> <span class='ocrx_word' id='word_1_773' title='bbox 1976 2864 2074 2909; x_wconf 80' lang='lat' dir='ltr'>pot-est</span> <span class='ocrx_word' id='word_1_774' title='bbox 2093 2867 2199 2898; x_wconf 73' lang='lat' dir='ltr'>Eccle-</span> 
     </span>
     <span class='ocr_line' id='line_1_89' title="bbox 1323 2906 2200 2954; baseline 0 -13"><span class='ocrx_word' id='word_1_775' title='bbox 1323 2907 1596 2954; x_wconf 63' lang='lat' dir='ltr'>fiisfibisubjefiis</span> <span class='ocrx_word' id='word_1_776' title='bbox 1605 2917 1710 2949; x_wconf 84' lang='lat' dir='ltr'>praeter</span> <span class='ocrx_word' id='word_1_777' title='bbox 1720 2908 1946 2940; x_wconf 69' lang='lat' dir='ltr'>charitativum</span> <span class='ocrx_word' id='word_1_778' title='bbox 1951 2906 2120 2950; x_wconf 75' lang='lat' dir='ltr'>subfidium</span> <span class='ocrx_word' id='word_1_779' title='bbox 2131 2931 2141 2945; x_wconf 85' lang='lat'>,</span> <span class='ocrx_word' id='word_1_780' title='bbox 2163 2907 2200 2941; x_wconf 63' lang='lat' dir='ltr'>ot</span> 
     </span>
     <span class='ocr_line' id='line_1_90' title="bbox 1327 2956 1470 2993; baseline -0.007 -8"><span class='ocrx_word' id='word_1_781' title='bbox 1327 2964 1408 2985; x_wconf 85' lang='lat' dir='ltr'>num.</span> <span class='ocrx_word' id='word_1_782' title='bbox 1422 2956 1470 2993; x_wconf 84' lang='lat'>38.</span> 
     </span>
    </p>

    <p class='ocr_par' dir='ltr' id='par_1_25' title="bbox 1223 2993 2201 3080">
     <span class='ocr_line' id='line_1_91' title="bbox 1223 2993 2201 3038; baseline -0.007 -7"><span class='ocrx_word' id='word_1_783' title='bbox 1223 3008 1262 3031; x_wconf 78' lang='lat'>10</span> <span class='ocrx_word' id='word_1_784' title='bbox 1281 2997 1414 3038; x_wconf 57' lang='lat' dir='ltr'>capelle</span> <span class='ocrx_word' id='word_1_785' title='bbox 1425 2993 1761 3034; x_wconf 57' lang='lat' dir='ltr'>Monaslcriosubjec‘iae</span> <span class='ocrx_word' id='word_1_786' title='bbox 1773 3006 1813 3025; x_wconf 77' lang='lat' dir='ltr'>an</span> <span class='ocrx_word' id='word_1_787' title='bbox 1824 3017 1833 3031; x_wconf 89' lang='lat'>,</span> <span class='ocrx_word' id='word_1_788' title='bbox 1853 2993 1890 3027; x_wconf 59' lang='grc' dir='ltr'>ὠ·</span> <span class='ocrx_word' id='word_1_789' title='bbox 1910 2993 2025 3033; x_wconf 78' lang='lat' dir='ltr'>qnando</span> <span class='ocrx_word' id='word_1_790' title='bbox 2043 3002 2201 3026; x_wconf 80' lang='lat' dir='ltr'>tcneantur</span> 
     </span>
     <span class='ocr_line' id='line_1_92' title="bbox 1329 3037 1919 3080; baseline -0.002 -9"><span class='ocrx_word' id='word_1_791' title='bbox 1329 3038 1477 3080; x_wconf 76' lang='lat' dir='ltr'>Epsicopo</span> <span class='ocrx_word' id='word_1_792' title='bbox 1487 3037 1609 3075; x_wconf 72' lang='lat' dir='ltr'>adjura</span> <span class='ocrx_word' id='word_1_793' title='bbox 1621 3038 1820 3078; x_wconf 74' lang='lat' dir='ltr'>Episcopalc&#39;a</span> <span class='ocrx_word' id='word_1_794' title='bbox 1831 3064 1838 3070; x_wconf 88' lang='lat'><em>.</em></span> <span class='ocrx_word' id='word_1_795' title='bbox 1916 3046 1919 3049; x_wconf 80' lang='grc'><em>’</em></span> 
     </span>
    </p>

    <p class='ocr_par' dir='ltr' id='par_1_26' title="bbox 1224 3080 2197 3251">
     <span class='ocr_line' id='line_1_93' title="bbox 1224 3080 2195 3124; baseline -0.006 -8"><span class='ocrx_word' id='word_1_796' title='bbox 1224 3095 1255 3117; x_wconf 85' lang='lat'>11</span> <span class='ocrx_word' id='word_1_797' title='bbox 1280 3086 1310 3116; x_wconf 85' lang='lat' dir='ltr'><em>E</em></span> <span class='ocrx_word' id='word_1_798' title='bbox 1312 3083 1479 3124; x_wconf 67' lang='lat' dir='ltr'>piscopalia</span> <span class='ocrx_word' id='word_1_799' title='bbox 1491 3081 1560 3119; x_wconf 72' lang='lat' dir='ltr'>jum</span> <span class='ocrx_word' id='word_1_800' title='bbox 1573 3103 1582 3117; x_wconf 90' lang='lat'>,</span> <span class='ocrx_word' id='word_1_801' title='bbox 1601 3091 1658 3118; x_wconf 81' lang='lat' dir='ltr'>quae</span> <span class='ocrx_word' id='word_1_802' title='bbox 1671 3090 1838 3121; x_wconf 83' lang='lat' dir='ltr'>competunt</span> <span class='ocrx_word' id='word_1_803' title='bbox 1850 3080 1995 3121; x_wconf 82' lang='lat' dir='ltr'>Episcopo</span> <span class='ocrx_word' id='word_1_804' title='bbox 2004 3082 2036 3110; x_wconf 71' lang='lat'>2&#39;71</span> <span class='ocrx_word' id='word_1_805' title='bbox 2049 3081 2078 3110; x_wconf 83' lang='lat' dir='ltr'><em>E</em></span> <span class='ocrx_word' id='word_1_806' title='bbox 2081 3080 2195 3121; x_wconf 74' lang='lat' dir='ltr'>cclesiis</span> 
     </span>
     <span class='ocr_line' id='line_1_94' title="bbox 1323 3122 2194 3166; baseline -0.002 -10"><span class='ocrx_word' id='word_1_807' title='bbox 1323 3125 1381 3166; x_wconf 69' lang='lat' dir='ltr'>suec</span> <span class='ocrx_word' id='word_1_808' title='bbox 1392 3125 1525 3165; x_wconf 78' lang='lat' dir='ltr'>dioecefis</span> <span class='ocrx_word' id='word_1_809' title='bbox 1536 3146 1545 3159; x_wconf 92' lang='lat'>‚</span> <span class='ocrx_word' id='word_1_810' title='bbox 1565 3127 1659 3155; x_wconf 74' lang='lat' dir='ltr'>etiam</span> <span class='ocrx_word' id='word_1_811' title='bbox 1669 3123 1808 3166; x_wconf 84' lang='lat' dir='ltr'>inferiori</span> <span class='ocrx_word' id='word_1_812' title='bbox 1820 3127 1839 3155; x_wconf 85' lang='lat' dir='ltr'>l-</span> <span class='ocrx_word' id='word_1_813' title='bbox 1847 3126 1947 3155; x_wconf 76' lang='lat' dir='ltr'>raelaso</span> <span class='ocrx_word' id='word_1_814' title='bbox 1953 3122 2194 3163; x_wconf 62' lang='lat' dir='ltr'>subjcfsis‚snnt</span> 
     </span>
     <span class='ocr_line' id='line_1_95' title="bbox 1330 3162 2197 3207; baseline -0.003 -7"><span class='ocrx_word' id='word_1_815' title='bbox 1330 3169 1430 3200; x_wconf 83' lang='lat' dir='ltr'>decem</span> <span class='ocrx_word' id='word_1_816' title='bbox 1441 3190 1450 3205; x_wconf 66' lang='lat'>2</span> <span class='ocrx_word' id='word_1_817' title='bbox 1460 3162 1497 3200; x_wconf 46' lang='grc' dir='ltr'>(ᾗ</span> <span class='ocrx_word' id='word_1_818' title='bbox 1509 3168 1569 3198; x_wconf 66' lang='lat' dir='ltr'>offo</span> <span class='ocrx_word' id='word_1_819' title='bbox 1579 3166 1626 3200; x_wconf 70' lang='lat' dir='ltr'>laic</span> <span class='ocrx_word' id='word_1_820' title='bbox 1634 3176 1685 3207; x_wconf 81' lang='lat' dir='ltr'>per</span> <span class='ocrx_word' id='word_1_821' title='bbox 1696 3167 1830 3200; x_wconf 75' lang='lat' dir='ltr'>ordinem</span> <span class='ocrx_word' id='word_1_822' title='bbox 1844 3178 1927 3199; x_wconf 78' lang='lat' dir='ltr'>enum</span> <span class='ocrx_word' id='word_1_823' title='bbox 1933 3176 2020 3204; x_wconf 66' lang='lat' dir='ltr'>crata</span> <span class='ocrx_word' id='word_1_824' title='bbox 2030 3187 2039 3202; x_wconf 88' lang='lat'>‚</span> <span class='ocrx_word' id='word_1_825' title='bbox 2059 3165 2145 3206; x_wconf 60' lang='lat' dir='ltr'>uſsine</span> <span class='ocrx_word' id='word_1_826' title='bbox 2155 3165 2197 3197; x_wconf 75' lang='lat' dir='ltr'>ad</span> 
     </span>
     <span class='ocr_line' id='line_1_96' title="bbox 1330 3221 1472 3251; baseline 0 -9"><span class='ocrx_word' id='word_1_827' title='bbox 1330 3222 1409 3243; x_wconf 78' lang='lat' dir='ltr'>num.</span> <span class='ocrx_word' id='word_1_828' title='bbox 1422 3221 1472 3251; x_wconf 78' lang='lat'>40.</span> 
     </span>
    </p>

    <p class='ocr_par' dir='ltr' id='par_1_27' title="bbox 1227 3253 2196 3338">
     <span class='ocr_line' id='line_1_97' title="bbox 1227 3253 2196 3292; baseline -0.006 -4"><span class='ocrx_word' id='word_1_829' title='bbox 1227 3266 1239 3288; x_wconf 88' lang='lat'>1</span> <span class='ocrx_word' id='word_1_830' title='bbox 1247 3267 1262 3287; x_wconf 83' lang='lat'>2</span> <span class='ocrx_word' id='word_1_831' title='bbox 1285 3256 1401 3289; x_wconf 77' lang='lat' dir='ltr'>Clerici</span> <span class='ocrx_word' id='word_1_832' title='bbox 1414 3277 1423 3290; x_wconf 93' lang='lat'>,</span> <span class='ocrx_word' id='word_1_833' title='bbox 1454 3253 1492 3286; x_wconf 56' lang='grc' dir='ltr'><em>ὠ</em></span> <span class='ocrx_word' id='word_1_834' title='bbox 1511 3254 1588 3286; x_wconf 85' lang='lat' dir='ltr'>laici</span> <span class='ocrx_word' id='word_1_835' title='bbox 1607 3262 1871 3292; x_wconf 77' lang='lat' dir='ltr'>quantumcumque</span> <span class='ocrx_word' id='word_1_836' title='bbox 1899 3261 2033 3292; x_wconf 80' lang='lat' dir='ltr'>potentes</span> <span class='ocrx_word' id='word_1_837' title='bbox 2059 3260 2196 3283; x_wconf 74' lang='lat' dir='ltr'>tenemur</span> 
     </span>
     <span class='ocr_line' id='line_1_98' title="bbox 1329 3294 2041 3338; baseline -0.006 -8"><span class='ocrx_word' id='word_1_838' title='bbox 1329 3300 1358 3330; x_wconf 78' lang='lat' dir='ltr'><em>E</em></span> <span class='ocrx_word' id='word_1_839' title='bbox 1360 3307 1390 3338; x_wconf 82' lang='lat' dir='ltr'>pz</span> <span class='ocrx_word' id='word_1_840' title='bbox 1390 3296 1476 3338; x_wconf 87' lang='lat' dir='ltr'>scopo</span> <span class='ocrx_word' id='word_1_841' title='bbox 1490 3319 1500 3334; x_wconf 89' lang='lat'>‚</span> <span class='ocrx_word' id='word_1_842' title='bbox 1519 3301 1557 3328; x_wconf 68' lang='lat'>(5‘</span> <span class='ocrx_word' id='word_1_843' title='bbox 1567 3299 1610 3328; x_wconf 83' lang='lat' dir='ltr'>ad</span> <span class='ocrx_word' id='word_1_844' title='bbox 1619 3300 1806 3330; x_wconf 71' lang='lat' dir='ltr'>eanonicam</span> <span class='ocrx_word' id='word_1_845' title='bbox 1819 3294 2022 3328; x_wconf 67' lang='lat' dir='ltr'>obedientiam</span> <span class='ocrx_word' id='word_1_846' title='bbox 2033 3317 2041 3326; x_wconf 90' lang='lat'><strong><em>.</em></strong></span> 
     </span>
    </p>

    <p class='ocr_par' dir='ltr' id='par_1_28' title="bbox 1222 3336 2195 3383">
     <span class='ocr_line' id='line_1_99' title="bbox 1222 3336 2195 3383; baseline -0.005 -9"><span class='ocrx_word' id='word_1_847' title='bbox 1222 3352 1257 3383; x_wconf 85' lang='lat'>13</span> <span class='ocrx_word' id='word_1_848' title='bbox 1280 3344 1468 3381; x_wconf 79' lang='lat' dir='ltr'>Imperator,</span> <span class='ocrx_word' id='word_1_849' title='bbox 1491 3340 1636 3372; x_wconf 71' lang='lat' dir='ltr'>&amp;omnes</span> <span class='ocrx_word' id='word_1_850' title='bbox 1658 3341 1813 3379; x_wconf 78' lang='lat' dir='ltr'>Principes</span> <span class='ocrx_word' id='word_1_851' title='bbox 1832 3340 1861 3369; x_wconf 83' lang='lat' dir='ltr'><em>E</em></span> <span class='ocrx_word' id='word_1_852' title='bbox 1864 3337 1994 3380; x_wconf 77' lang='lat' dir='ltr'>piscopi‘s</span> <span class='ocrx_word' id='word_1_853' title='bbox 2004 3336 2072 3378; x_wconf 82' lang='lat' dir='ltr'>suis</span> <span class='ocrx_word' id='word_1_854' title='bbox 2083 3340 2116 3369; x_wconf 86' lang='lat' dir='ltr'>in</span> <span class='ocrx_word' id='word_1_855' title='bbox 2127 3337 2195 3379; x_wconf 83' lang='lat' dir='ltr'>spi—</span> 
     </span>
    </p>

    <p class='ocr_par' dir='ltr' id='par_1_29' title="bbox 1312 3382 1702 3424">
     <span class='ocr_line' id='line_1_100' title="bbox 1312 3382 1702 3424; baseline 0 -10"><span class='ocrx_word' id='word_1_856' title='bbox 1312 3384 1477 3415; x_wconf 72' lang='lat' dir='ltr'>ritualibus</span> <span class='ocrx_word' id='word_1_857' title='bbox 1480 3382 1550 3424; x_wconf 64' lang='lat' dir='ltr'>fiam</span> <span class='ocrx_word' id='word_1_858' title='bbox 1556 3382 1612 3424; x_wconf 85' lang='lat' dir='ltr'>sub</span> <span class='ocrx_word' id='word_1_859' title='bbox 1617 3384 1684 3421; x_wconf 57' lang='lat' dir='ltr'>jesbi</span> <span class='ocrx_word' id='word_1_860' title='bbox 1696 3407 1702 3414; x_wconf 94' lang='lat'><strong>.</strong></span> 
     </span>
    </p>

    <p class='ocr_par' dir='ltr' id='par_1_30' title="bbox 1221 3423 1792 3468">
     <span class='ocr_line' id='line_1_101' title="bbox 1221 3423 1792 3468; baseline -0.009 -9"><span class='ocrx_word' id='word_1_861' title='bbox 1221 3438 1260 3466; x_wconf 78' lang='lat'>14</span> <span class='ocrx_word' id='word_1_862' title='bbox 1283 3429 1467 3462; x_wconf 76' lang='lat' dir='ltr'>Reverentia</span> <span class='ocrx_word' id='word_1_863' title='bbox 1477 3430 1508 3458; x_wconf 78' lang='lat' dir='ltr'>in</span> <span class='ocrx_word' id='word_1_864' title='bbox 1519 3425 1623 3464; x_wconf 67' lang='lat' dir='ltr'>quibus</span> <span class='ocrx_word' id='word_1_865' title='bbox 1633 3423 1792 3468; x_wconf 48' lang='lat' dir='ltr'>consistas.</span> 
     </span>
    </p>

    <p class='ocr_par' dir='ltr' id='par_1_31' title="bbox 1220 3467 2004 3511">
     <span class='ocr_line' id='line_1_102' title="bbox 1220 3467 2004 3511; baseline -0.005 -8"><span class='ocrx_word' id='word_1_866' title='bbox 1220 3479 1255 3510; x_wconf 80' lang='lat'>15</span> <span class='ocrx_word' id='word_1_867' title='bbox 1278 3469 1414 3503; x_wconf 68' lang='lat' dir='ltr'>Debetur</span> <span class='ocrx_word' id='word_1_868' title='bbox 1423 3469 1572 3511; x_wconf 78' lang='lat' dir='ltr'>Episcopo</span> <span class='ocrx_word' id='word_1_869' title='bbox 1589 3469 1644 3511; x_wconf 72' lang='lat' dir='ltr'>fi‘0</span> <span class='ocrx_word' id='word_1_870' title='bbox 1667 3472 1708 3501; x_wconf 81' lang='lat' dir='ltr'>eti</span> <span class='ocrx_word' id='word_1_871' title='bbox 1714 3479 1764 3501; x_wconf 57' lang='lat' dir='ltr'>,zm</span> <span class='ocrx_word' id='word_1_872' title='bbox 1783 3467 1824 3499; x_wconf 71' lang='lat' dir='ltr'>ab</span> <span class='ocrx_word' id='word_1_873' title='bbox 1834 3469 1985 3508; x_wconf 73' lang='lat' dir='ltr'>exemptis</span> <span class='ocrx_word' id='word_1_874' title='bbox 1996 3491 2004 3499; x_wconf 86' lang='lat'><strong>.</strong></span> 
     </span>
    </p>

    <p class='ocr_par' dir='ltr' id='par_1_32' title="bbox 1847 3512 2149 3550">
     <span class='ocr_line' id='line_1_103' title="bbox 1847 3512 2149 3550; baseline -0.003 -10"><span class='ocrx_word' id='word_1_875' title='bbox 1847 3522 1867 3542; x_wconf 92' lang='lat' dir='ltr'>o</span> <span class='ocrx_word' id='word_1_876' title='bbox 1906 3522 1926 3550; x_wconf 81' lang='lat'><strong>4</strong></span> <span class='ocrx_word' id='word_1_877' title='bbox 2074 3512 2149 3540; x_wconf 69' lang='lat' dir='ltr'>lrrm</span> 
     </span>
    </p>
   </div>
   <div class='ocr_carea' id='block_1_20' title="bbox 185 2864 1162 3552">
    <p class='ocr_par' dir='ltr' id='par_1_33' title="bbox 185 2864 1160 2951">
     <span class='ocr_line' id='line_1_104' title="bbox 211 2864 1160 2943; baseline 0.002 -44"><span class='ocrx_word' id='word_1_878' title='bbox 211 2877 225 2900; x_wconf 88' lang='lat'>1</span> <span class='ocrx_word' id='word_1_879' title='bbox 249 2873 303 2943; x_wconf 84' lang='lat' dir='ltr'>E</span> <span class='ocrx_word' id='word_1_880' title='bbox 313 2864 400 2907; x_wconf 84' lang='lat' dir='ltr'>Pisco</span> <span class='ocrx_word' id='word_1_881' title='bbox 401 2875 456 2907; x_wconf 82' lang='lat' dir='ltr'>pus</span> <span class='ocrx_word' id='word_1_882' title='bbox 465 2868 498 2898; x_wconf 84' lang='lat' dir='ltr'>in</span> <span class='ocrx_word' id='word_1_883' title='bbox 508 2866 656 2907; x_wconf 83' lang='lat' dir='ltr'>Ecclefiis</span> <span class='ocrx_word' id='word_1_884' title='bbox 664 2865 861 2909; x_wconf 71' lang='lat' dir='ltr'>dioecefissuae</span> <span class='ocrx_word' id='word_1_885' title='bbox 870 2865 955 2900; x_wconf 80' lang='lat' dir='ltr'>debet</span> <span class='ocrx_word' id='word_1_886' title='bbox 974 2867 1027 2909; x_wconf 76' lang='lat' dir='ltr'>effe</span> <span class='ocrx_word' id='word_1_887' title='bbox 1044 2877 1160 2900; x_wconf 80' lang='lat' dir='ltr'>comen-</span> 
     </span>
     <span class='ocr_line' id='line_1_105' title="bbox 185 2908 757 2951; baseline 0.002 -11"><span class='ocrx_word' id='word_1_888' title='bbox 185 2925 189 2928; x_wconf 44' lang='lat'><em>*</em></span> <span class='ocrx_word' id='word_1_889' title='bbox 324 2918 372 2940; x_wconf 87' lang='lat' dir='ltr'>tus</span> <span class='ocrx_word' id='word_1_890' title='bbox 382 2909 497 2949; x_wconf 80' lang='lat' dir='ltr'>juribus</span> <span class='ocrx_word' id='word_1_891' title='bbox 507 2912 536 2941; x_wconf 86' lang='lat' dir='ltr'><em>E</em></span> <span class='ocrx_word' id='word_1_892' title='bbox 537 2912 569 2951; x_wconf 89' lang='lat' dir='ltr'>pi</span> <span class='ocrx_word' id='word_1_893' title='bbox 566 2910 617 2950; x_wconf 88' lang='lat' dir='ltr'>sco</span> <span class='ocrx_word' id='word_1_894' title='bbox 619 2908 739 2950; x_wconf 65' lang='lat' dir='ltr'>palibus</span> <span class='ocrx_word' id='word_1_895' title='bbox 749 2933 757 2941; x_wconf 91' lang='lat'>.</span> 
     </span>
    </p>

    <p class='ocr_par' dir='ltr' id='par_1_34' title="bbox 210 2951 1159 3039">
     <span class='ocr_line' id='line_1_106' title="bbox 210 2951 1159 2995; baseline 0.003 -12"><span class='ocrx_word' id='word_1_896' title='bbox 210 2963 229 2983; x_wconf 82' lang='lat'>2</span> <span class='ocrx_word' id='word_1_897' title='bbox 251 2953 433 2984; x_wconf 81' lang='lat' dir='ltr'>Oeconomus</span> <span class='ocrx_word' id='word_1_898' title='bbox 442 2955 510 2992; x_wconf 80' lang='lat' dir='ltr'>agit</span> <span class='ocrx_word' id='word_1_899' title='bbox 520 2955 637 2984; x_wconf 81' lang='lat' dir='ltr'>nomine</span> <span class='ocrx_word' id='word_1_900' title='bbox 650 2951 838 2993; x_wconf 72' lang='lat' dir='ltr'>Monasterii</span> <span class='ocrx_word' id='word_1_901' title='bbox 848 2975 858 2990; x_wconf 89' lang='lat'>‚</span> <span class='ocrx_word' id='word_1_902' title='bbox 879 2952 984 2995; x_wconf 72' lang='lat' dir='ltr'>&amp;stat</span> <span class='ocrx_word' id='word_1_903' title='bbox 995 2955 1028 2984; x_wconf 81' lang='lat' dir='ltr'>in</span> <span class='ocrx_word' id='word_1_904' title='bbox 1047 2952 1159 2993; x_wconf 74' lang='lat' dir='ltr'>judicio</span> 
     </span>
     <span class='ocr_line' id='line_1_107' title="bbox 293 2995 969 3039; baseline 0.003 -13"><span class='ocrx_word' id='word_1_905' title='bbox 293 3003 344 3035; x_wconf 81' lang='lat' dir='ltr'>pro</span> <span class='ocrx_word' id='word_1_906' title='bbox 351 2996 450 3039; x_wconf 76' lang='lat' dir='ltr'>causts</span> <span class='ocrx_word' id='word_1_907' title='bbox 459 2995 501 3028; x_wconf 82' lang='lat' dir='ltr'>ad</span> <span class='ocrx_word' id='word_1_908' title='bbox 516 2995 952 3037; x_wconf 66' lang='lat' dir='ltr'>Monasteriumspcfiantibus</span> <span class='ocrx_word' id='word_1_909' title='bbox 961 3020 969 3028; x_wconf 87' lang='lat'><strong>.</strong></span> 
     </span>
    </p>

    <p class='ocr_par' dir='ltr' id='par_1_35' title="bbox 212 3038 844 3080">
     <span class='ocr_line' id='line_1_108' title="bbox 212 3038 844 3080; baseline 0.005 -13"><span class='ocrx_word' id='word_1_910' title='bbox 212 3046 228 3078; x_wconf 84' lang='lat'>3</span> <span class='ocrx_word' id='word_1_911' title='bbox 250 3038 410 3070; x_wconf 79' lang='lat' dir='ltr'>Oeconomi</span> <span class='ocrx_word' id='word_1_912' title='bbox 419 3040 625 3080; x_wconf 73' lang='lat' dir='ltr'>appellatione</span> <span class='ocrx_word' id='word_1_913' title='bbox 638 3041 704 3078; x_wconf 79' lang='lat' dir='ltr'>quis</span> <span class='ocrx_word' id='word_1_914' title='bbox 714 3041 823 3071; x_wconf 65' lang='lat' dir='ltr'>veniat</span> <span class='ocrx_word' id='word_1_915' title='bbox 835 3062 844 3071; x_wconf 88' lang='lat'><strong><em>.</em></strong></span> 
     </span>
    </p>

    <p class='ocr_par' dir='ltr' id='par_1_36' title="bbox 212 3079 1161 3198">
     <span class='ocr_line' id='line_1_109' title="bbox 212 3079 1161 3125; baseline 0.002 -14"><span class='ocrx_word' id='word_1_916' title='bbox 212 3090 236 3119; x_wconf 77' lang='lat'>4</span> <span class='ocrx_word' id='word_1_917' title='bbox 254 3079 363 3112; x_wconf 80' lang='lat' dir='ltr'>Abbas</span> <span class='ocrx_word' id='word_1_918' title='bbox 382 3093 468 3121; x_wconf 80' lang='lat' dir='ltr'>agere</span> <span class='ocrx_word' id='word_1_919' title='bbox 487 3081 578 3124; x_wconf 82' lang='lat' dir='ltr'>potest</span> <span class='ocrx_word' id='word_1_920' title='bbox 606 3092 658 3123; x_wconf 86' lang='lat' dir='ltr'>pro</span> <span class='ocrx_word' id='word_1_921' title='bbox 681 3083 845 3125; x_wconf 80' lang='lat' dir='ltr'>Ecclesiis,</span> <span class='ocrx_word' id='word_1_922' title='bbox 859 3081 914 3123; x_wconf 81' lang='lat' dir='ltr'>seu</span> <span class='ocrx_word' id='word_1_923' title='bbox 932 3083 1093 3123; x_wconf 57' lang='lat' dir='ltr'>Crcppellis</span> <span class='ocrx_word' id='word_1_924' title='bbox 1105 3083 1161 3124; x_wconf 79' lang='lat' dir='ltr'>suo</span> 
     </span>
     <span class='ocr_line' id='line_1_110' title="bbox 295 3123 1161 3197; baseline 0.005 -43"><span class='ocrx_word' id='word_1_925' title='bbox 295 3123 486 3197; x_wconf 44' lang='lat' dir='ltr'>sigona-[serio</span> <span class='ocrx_word' id='word_1_926' title='bbox 498 3125 642 3166; x_wconf 64' lang='lat' dir='ltr'>subjefiis</span> <span class='ocrx_word' id='word_1_927' title='bbox 653 3148 663 3163; x_wconf 89' lang='lat'>‚</span> <span class='ocrx_word' id='word_1_928' title='bbox 692 3137 727 3157; x_wconf 80' lang='lat' dir='ltr'>ne</span> <span class='ocrx_word' id='word_1_929' title='bbox 745 3124 892 3158; x_wconf 78' lang='lat' dir='ltr'>indebitis</span> <span class='ocrx_word' id='word_1_930' title='bbox 910 3136 1079 3165; x_wconf 75' lang='lat' dir='ltr'>gravemur</span> <span class='ocrx_word' id='word_1_931' title='bbox 1095 3138 1161 3158; x_wconf 86' lang='lat' dir='ltr'>one-</span> 
     </span>
     <span class='ocr_line' id='line_1_111' title="bbox 297 3177 837 3198; baseline -0.002 -2"><span class='ocrx_word' id='word_1_932' title='bbox 297 3177 325 3197; x_wconf 72' lang='lat' dir='ltr'>rl</span> <span class='ocrx_word' id='word_1_933' title='bbox 347 3178 396 3198; x_wconf 70' lang='lat' dir='ltr'>sss.</span> <span class='ocrx_word' id='word_1_934' title='bbox 834 3192 837 3195; x_wconf 93' lang='lat'>.</span> 
     </span>
    </p>

    <p class='ocr_par' dir='ltr' id='par_1_37' title="bbox 214 3208 1162 3283">
     <span class='ocr_line' id='line_1_112' title="bbox 214 3208 1162 3283; baseline 0.013 -49"><span class='ocrx_word' id='word_1_935' title='bbox 214 3219 232 3249; x_wconf 78' lang='lat'><em>5</em></span> <span class='ocrx_word' id='word_1_936' title='bbox 255 3208 484 3283; x_wconf 49' lang='lat' dir='ltr'>Sfdstjllarum</span> <span class='ocrx_word' id='word_1_937' title='bbox 501 3213 639 3245; x_wconf 52' lang='lat' dir='ltr'>Rae—sores·</span> <span class='ocrx_word' id='word_1_938' title='bbox 657 3223 746 3252; x_wconf 73' lang='lat' dir='ltr'>agere</span> <span class='ocrx_word' id='word_1_939' title='bbox 763 3213 935 3249; x_wconf 79' lang='lat' dir='ltr'>voluerint,</span> <span class='ocrx_word' id='word_1_940' title='bbox 956 3220 1041 3244; x_wconf 77' lang='lat' dir='ltr'>erunt</span> <span class='ocrx_word' id='word_1_941' title='bbox 1059 3220 1162 3253; x_wconf 67' lang='lat' dir='ltr'>Praepo-</span> 
     </span>
     <span class='ocr_line' id='line_1_113' title="bbox 295 3263 404 3283; baseline 0.009 -1"><span class='ocrx_word' id='word_1_942' title='bbox 295 3263 352 3282; x_wconf 80' lang='lat' dir='ltr'>nen</span> <span class='ocrx_word' id='word_1_943' title='bbox 374 3265 385 3283; x_wconf 78' lang='grc' dir='ltr'>ι</span> <span class='ocrx_word' id='word_1_944' title='bbox 397 3275 404 3283; x_wconf 94' lang='grc'><em>.</em></span> 
     </span>
    </p>

    <p class='ocr_par' dir='ltr' id='par_1_38' title="bbox 207 3295 1158 3382">
     <span class='ocr_line' id='line_1_114' title="bbox 207 3295 1158 3340; baseline 0.003 -14"><span class='ocrx_word' id='word_1_945' title='bbox 207 3298 229 3326; x_wconf 81' lang='grc'>6</span> <span class='ocrx_word' id='word_1_946' title='bbox 251 3295 349 3326; x_wconf 62' lang='lat' dir='ltr'>Amr</span> <span class='ocrx_word' id='word_1_947' title='bbox 358 3307 415 3332; x_wconf 84' lang='lat' dir='ltr'>an,</span> <span class='ocrx_word' id='word_1_948' title='bbox 437 3295 474 3328; x_wconf 60' lang='grc' dir='ltr'><em>Φ</em></span> <span class='ocrx_word' id='word_1_949' title='bbox 484 3297 600 3335; x_wconf 79' lang='lat' dir='ltr'>quando</span> <span class='ocrx_word' id='word_1_950' title='bbox 611 3300 674 3338; x_wconf 71' lang='lat' dir='ltr'>cogi</span> <span class='ocrx_word' id='word_1_951' title='bbox 683 3299 858 3340; x_wconf 75' lang='lat' dir='ltr'>poffitsuam</span> <span class='ocrx_word' id='word_1_952' title='bbox 868 3301 1042 3340; x_wconf 77' lang='lat' dir='ltr'>petitionem</span> <span class='ocrx_word' id='word_1_953' title='bbox 1054 3297 1158 3339; x_wconf 81' lang='lat' dir='ltr'>speci-</span> 
     </span>
     <span class='ocr_line' id='line_1_115' title="bbox 290 3336 702 3382; baseline 0.007 -13"><span class='ocrx_word' id='word_1_954' title='bbox 290 3336 389 3379; x_wconf 82' lang='lat' dir='ltr'>ficare</span> <span class='ocrx_word' id='word_1_955' title='bbox 401 3361 411 3375; x_wconf 92' lang='lat'>,</span> <span class='ocrx_word' id='word_1_956' title='bbox 430 3337 505 3372; x_wconf 67' lang='lat' dir='ltr'>&amp;m</span> <span class='ocrx_word' id='word_1_957' title='bbox 516 3351 567 3380; x_wconf 87' lang='lat'>40.</span> <span class='ocrx_word' id='word_1_958' title='bbox 580 3340 702 3382; x_wconf 53' lang='lat' dir='ltr'>&amp;stetim</span> 
     </span>
    </p>

    <p class='ocr_par' dir='ltr' id='par_1_39' title="bbox 210 3380 1158 3469">
     <span class='ocr_line' id='line_1_116' title="bbox 210 3380 1158 3429; baseline 0.006 -18"><span class='ocrx_word' id='word_1_959' title='bbox 210 3390 231 3419; x_wconf 89' lang='lat'><strong>7</strong></span> <span class='ocrx_word' id='word_1_960' title='bbox 252 3380 414 3421; x_wconf 75' lang='lat' dir='ltr'>Episcopus</span> <span class='ocrx_word' id='word_1_961' title='bbox 432 3381 471 3413; x_wconf 77' lang='lat' dir='ltr'>ab</span> <span class='ocrx_word' id='word_1_962' title='bbox 492 3382 852 3429; x_wconf 60' lang='lat' dir='ltr'>Ecclefiisstbifisbjestis</span> <span class='ocrx_word' id='word_1_963' title='bbox 871 3395 927 3416; x_wconf 85' lang='lat' dir='ltr'>non</span> <span class='ocrx_word' id='word_1_964' title='bbox 948 3381 1039 3426; x_wconf 72' lang='lat' dir='ltr'>potest</span> <span class='ocrx_word' id='word_1_965' title='bbox 1059 3393 1158 3426; x_wconf 74' lang='lat' dir='ltr'>petere</span> 
     </span>
     <span class='ocr_line' id='line_1_117' title="bbox 294 3424 925 3469; baseline 0.003 -14"><span class='ocrx_word' id='word_1_966' title='bbox 294 3424 355 3466; x_wconf 81' lang='lat' dir='ltr'>nisi</span> <span class='ocrx_word' id='word_1_967' title='bbox 363 3425 431 3463; x_wconf 76' lang='lat' dir='ltr'>jura</span> <span class='ocrx_word' id='word_1_968' title='bbox 444 3426 473 3456; x_wconf 84' lang='lat' dir='ltr'><em>E</em></span> <span class='ocrx_word' id='word_1_969' title='bbox 474 3424 643 3467; x_wconf 75' lang='lat' dir='ltr'>piscopalia</span> <span class='ocrx_word' id='word_1_970' title='bbox 655 3427 759 3466; x_wconf 80' lang='lat' dir='ltr'>injure</span> <span class='ocrx_word' id='word_1_971' title='bbox 769 3427 905 3469; x_wconf 68' lang='lat' dir='ltr'>expreffa</span> <span class='ocrx_word' id='word_1_972' title='bbox 918 3451 925 3457; x_wconf 91' lang='lat'><strong>.</strong></span> 
     </span>
    </p>

    <p class='ocr_par' dir='ltr' id='par_1_40' title="bbox 211 3467 1154 3512">
     <span class='ocr_line' id='line_1_118' title="bbox 211 3467 1154 3512; baseline 0.004 -14"><span class='ocrx_word' id='word_1_973' title='bbox 211 3469 230 3498; x_wconf 84' lang='lat'>8</span> <span class='ocrx_word' id='word_1_974' title='bbox 248 3467 366 3499; x_wconf 80' lang='lat' dir='ltr'>Clerici</span> <span class='ocrx_word' id='word_1_975' title='bbox 407 3479 463 3499; x_wconf 84' lang='lat' dir='ltr'>non</span> <span class='ocrx_word' id='word_1_976' title='bbox 498 3468 610 3510; x_wconf 84' lang='lat' dir='ltr'>poffunt</span> <span class='ocrx_word' id='word_1_977' title='bbox 645 3472 708 3509; x_wconf 83' lang='lat' dir='ltr'>cogi</span> <span class='ocrx_word' id='word_1_978' title='bbox 745 3469 785 3502; x_wconf 79' lang='lat' dir='ltr'>ab</span> <span class='ocrx_word' id='word_1_979' title='bbox 825 3470 970 3512; x_wconf 74' lang='lat' dir='ltr'>Episcopo</span> <span class='ocrx_word' id='word_1_980' title='bbox 1004 3468 1048 3502; x_wconf 72' lang='lat' dir='ltr'>ad</span> <span class='ocrx_word' id='word_1_981' title='bbox 1085 3479 1154 3511; x_wconf 81' lang='lat' dir='ltr'>prae-</span> 
     </span>
    </p>

    <p class='ocr_par' dir='ltr' id='par_1_41' title="bbox 251 3510 855 3552">
     <span class='ocr_line' id='line_1_119' title="bbox 251 3510 855 3552; baseline 0.002 -9"><span class='ocrx_word' id='word_1_982' title='bbox 251 3511 354 3552; x_wconf 78' lang='lat' dir='ltr'>Prosp.</span> <span class='ocrx_word' id='word_1_983' title='bbox 363 3513 390 3543; x_wconf 89' lang='lat' dir='ltr'><em>F</em></span> <span class='ocrx_word' id='word_1_984' title='bbox 391 3522 501 3551; x_wconf 72' lang='lat' dir='ltr'>agnan-</span> <span class='ocrx_word' id='word_1_985' title='bbox 512 3514 544 3543; x_wconf 84' lang='lat' dir='ltr'>in</span> <span class='ocrx_word' id='word_1_986' title='bbox 554 3514 580 3545; x_wconf 86' lang='lat' dir='ltr'>l.</span> <span class='ocrx_word' id='word_1_987' title='bbox 592 3510 678 3546; x_wconf 84' lang='lat' dir='ltr'>Libr.</span> <span class='ocrx_word' id='word_1_988' title='bbox 698 3514 855 3546; x_wconf 75' lang='lat' dir='ltr'>Decretal.</span> 
     </span>
    </p>
   </div>
  </div>
 </body>
</html>
