2397 3664
345 0 437 17 ''ij-⁴.¹

288 81 368 136 ‚26
567 68 746 143 Prosp.
765 64 999 143 Fagnans
1018 67 1074 122 in
1094 43 1590 123 PrimumLibmm
1603 56 1888 125 ³Decretal.

331 157 450 192 modum
470 158 573 189 utilem
594 158 763 188 veritatem
783 149 969 191 investigare
988 171 995 179 .

206 214 265 246 114
286 202 344 238 Ad
366 203 525 234 veritatem
535 202 602 231 nati
622 198 770 230 homines,
795 192 833 226 ἅ*
849 201 881 225 ut
890 193 1052 234 plurimum
1067 194 1187 227 verita-

330 256 390 277 tem
406 243 635 285 consequuntur.
975 277 982 284 ,
1073 278 1077 285 Ι

207 296 264 324 116
288 287 458 323 Prudentia
467 288 598 318 materia
610 282 684 324 stant
692 277 840 321 agibilia,
853 277 1020 319 seeundum
1031 278 1187 322 quodsum

331 329 470 369 abjectum
487 329 617 360 rationis
624 346 634 360 ‚
649 323 772 364 scilicet
782 320 838 363 sub
845 324 962 354 ratione
972 324 1041 354 veri
1051 343 1058 352 .

207 386 220 410 1
230 379 266 410 18
288 376 468 416 Opinionem
483 374 623 403 tutiorem
637 366 724 407 sequi
733 374 851 397 tenetur
871 376 928 397 non
937 363 1061 398 tantiam
1076 366 1126 404 qui
1134 363 1188 396 du—

333 416 397 449 bius
407 413 448 456 est
455 436 465 450 ,
481 413 536 454 sed
545 414 638 444 etiam
646 411 695 448 qui
697 407 854 452 formidat
861 430 870 439 .

209 472 222 496 1
230 474 245 494 2
252 472 264 494 1
288 463 344 493 Ex
353 454 534 499 opinionibus
543 451 656 485 duabus
663 460 732 492 oppo
728 452 802 495 fitis
809 451 883 489 aque
887 448 1093 492 probabilibus
1100 462 1140 483 an
1148 450 1189 484 li-

331 501 431 535 berum
435 499 480 540 sit
488 494 610 529 cuilibet
612 495 697 536 sequi
706 504 861 532 utramque
869 515 879 530 ,
889 495 942 526 vel
950 495 1092 529 alteram,
1102 504 1189 532 quam

332 544 482 577 maluerit.
495 540 573 574 Late
582 538 757 580 discutitur,
766 546 798 569 ut
806 537 935 580 nn-seqq.
947 537 1031 579 ufique
1037 537 1079 568 ad
1088 548 1137 568 n.2
1141 545 1156 576 5
1162 546 1188 577 3.

210 600 223 624 χ
230 602 266 623 22
289 587 359 628 Refe
365 594 472 617 runtur
475 581 680 627 fundamenta
689 590 741 621 pro
749 583 885 620 opinione
892 581 1086 622 affirmativa
1095 602 1103 609 .

290 628 473 676 Referuntur
475 625 679 670 fundamenta
686 633 740 666 pro
748 625 884 664 opinione
892 623 1066 664 negativaa'
1078 634 1107 656 n.
1123 631 1188 665 123.

332 672 417 714 usque
434 668 475 702 ad
490 682 519 702 n.
530 681 545 701 2
551 678 597 709 52.

289 717 459 749 Solvuntur
479 714 655 747 contraria,
678 723 726 744 nu.
738 719 805 749 252.

289 762 388 798 Propo
383 758 415 802 fi
417 759 512 788 tiones
524 756 589 787 'duae
605 753 841 788 contradictoria
857 753 973 796 poffunt
982 751 1038 795 effe
1052 749 1192 793 probabi-

335 803 398 836 les,
420 812 449 832 n.
463 811 529 833 122.
541 799 579 832 (ῥ’
593 811 622 830 n.
636 808 702 839 131.

210 856 224 880 1
232 857 248 879 2
250 853 266 888 5
289 846 454 887 Opiniones
461 843 609 886 oppofitas
617 844 665 879 qui
672 839 787 879 judicat
795 839 849 881 effe
855 840 1007 879 aqualiter
1013 836 1191 879 probabiles,

335 888 388 920 vel
397 897 452 926 qua
449 887 480 929 fi
489 886 640 924 equaliter
648 905 658 918 ,
668 896 726 915 non
736 882 777 924 est
784 883 948 914 moraliter
955 892 1053 914 certus
1060 902 1070 915 ‚
1077 879 1129 918 sed
1138 878 1193 911 ⁶8⁴-

336 929 401 964 bius
410 952 417 960 .
430 929 507 961 Late
517 928 659 968 firmatur
669 948 679 962 ,
691 936 723 958 ut
731 925 867 966 nn-seqq.
877 925 960 966 usque
968 924 1009 956 ad
1016 936 1045 955 n·
1060 933 1071 955 1
1078 933 1096 961 7
1103 933 1128 955 1.

210 985 224 1008 1
231 979 267 1009 26
290 976 455 1015 Opiniones
465 973 636 1004 contrarias
644 969 717 1008 teque
729 966 900 1009 probabiles
907 967 1028 999 eundem
1036 964 1193 999 intellet‘Zii

283 1043 288 1048 .
331 1015 505 1059 poffefimul
515 1015 643 1054 opinari,
651 1024 709 1043 non
717 1010 840 1043 tantum
850 1011 1010 1042 moraliter
1020 1009 1088 1050 ,sed
1097 1012 1192 1041 etiam

335 1059 521 1092 naturaliter
530 1078 540 1092 ,
562 1056 598 1088 ὠ*
606 1052 726 1100 ρίογβεὲ
745 1052 787 1097 est
794 1052 969 1096 inopofflbile
977 1073 988 1088 ,
1009 1051 1104 1086 &nm
1108 1052 1191 1096 seqq.

211 1114 224 1136 1
232 1113 269 1142 27
288 1103 426 1144 'Opinari
446 1102 517 1138 quid
533 1099 580 1142 fit
588 1121 596 1128 .
1023 1102 1041 1121 -·

207 1157 221 1179 1
229 1150 266 1181 28
288 1143 457 1178 Intellei'ius
466 1153 490 1174 c.
502 1144 569 1180 Ego
573 1141 648 1183 solis
658 1151 687 1178 9.
696 1138 767 1179 dist.

207 1200 222 1223 1
230 1201 267 1228 29
290 1188 423 1228 Opinari
433 1197 489 1224 non
500 1183 541 1226 est
549 1187 582 1217 in
592 1182 678 1216 nobis
685 1205 695 1218 ,
716 1178 829 1225 necesse*³
836 1185 918 1215 enim
917 1181 1040 1233 falfiam
1050 1203 1060 1218 ,
1077 1191 1129 1214 aut
1139 1193 1194 1215 ve·

331 1240 399 1262 rum
407 1227 526 1263 dicere,
543 1231 647 1268 n-136.
657 1224 696 1259 ὠ·
709 1236 775 1267 139.
785 1238 814 1258 n.
822 1234 889 1267 154.
899 1226 1022 1267 &seqq

206 1284 266 1317 130
286 1277 385 1313 Propo
381 1272 526 1316 fitionem
535 1269 670 1309 judicare
677 1267 858 1309 probabilem
867 1290 877 1305 ,
899 1271 938 1302 Θ*
945 1268 1080 1307 judicare
1087 1277 1193 1309 propo-

325 1318 473 1360 fitionem
478 1312 678 1354 probabiliter
685 1310 739 1353 effe
748 1323 856 1344 veram
866 1333 875 1348 ,
885 1311 1016 1345 multum
1025 1309 1172 1354 differunt
1181 1329 1192 1347 ς

300 1392 303 1394 .
333 1358 371 1392 &⁹
383 1358 543 1397 inquibus,
567 1356 749 1397 &nn-seqq.

205 1414 261 1447 131
274 1404 452 1443 'opiniones
467 1401 526 1433 duae
536 1398 773 1432 contradilfloriae
779 1396 895 1440 poffunt
909 1398 1038 1437 judicari
1055 1396 1193 1438 probabi-

331 1447 395 1480 les,
407 1442 464 1486 sed
474 1455 531 1476 non
549 1441 664 1485 poffunt
673 1440 804 1480 judicari
820 1440 1022 1483 probabiliter
1032 1441 1086 1482 effe
1096 1452 1191 1477 vera,

333 1489 371 1522 ῥ’
379 1500 407 1520 n·
412 1488 495 1529 seqq.

206 1543 263 1576 132,
284 1530 445 1569 Probabile
454 1529 494 1573 est
502 1529 555 1563 hoc
569 1527 624 1571 effe
633 1539 758 1565 verum,
777 1529 831 1560 vel
839 1530 959 1560 licitum
968 1548 978 1563 ,
999 1527 1037 1560 ὠ·
1054 1525 1191 1568 probabi-

331 1576 359 1609 le
370 1574 421 1617 est'
431 1574 481 1607 hoc
491 1572 544 1616 effe
558 1573 693 1617 falsum,
715 1572 768 1605 vel
776 1572 925 1604 illicitum
938 1591 947 1607 ,
968 1583 1025 1603 non
1039 1574 1114 1612 tlunt
1124 1582 1191 1603 con-

333 1617 516 1651 traditioria
526 1639 534 1648 .
649 1639 652 1643 .

205 1673 261 1705 133
285 1660 535 1696 contradictorie
543 1660 756 1703 propofitiones
772 1671 831 1692 non
836 1658 950 1701 poffimt
968 1669 1096 1697 unquam
1106 1660 1191 1691 veri-

322 1704 418 1748 ficari
427 1708 522 1737 etiam
533 1704 662 1745 respellu
670 1703 797 1736 duarum
807 1702 963 1743 causarum
972 1723 982 1737 ,
1005 1701 1043 1734 &⁸
1052 1701 1190 1742 nn-seqq.

203 1759 263 1791 134
281 1747 531 1783 Contradittoria
540 1748 637 1791 fimul
646 1746 699 1788 effe
707 1757 784 1778 vera
794 1767 803 1781 ,
825 1757 883 1777 non
897 1743 992 1786 potest
1001 1743 1054 1786 effe
1063 1747 1097 1777 in
1106 1756 1191 1778 men-

325 1799 359 1824 *te
368 1790 496 1824 hominis
505 1811 514 1825 ,
533 1790 654 1832 etiamst
662 1800 734 1821 voce
739 1788 916 1832 proferatur
926 1811 934 1818 .
1046 1811 1051 1813 .
1066 1810 1070 1812 v

204 1846 217 1869 1
226 1846 239 1877 3
244 1844 259 1876 5
283 1833 530 1868 Contradit‘ioria
546 1831 602 1864 duo
610 1831 742 1871 judicari
763 1844 821 1863 non
829 1829 1041 1873 poffitntfimul
1050 1830 1189 1872 probabi-

326 1880 400 1910 liter
409 1875 463 1920 effe
475 1888 550 1909 vera
559 1897 569 1910 ,
591 1878 684 1907 etiam
696 1886 735 1906 ex
745 1874 879 1915 diverfis
891 1877 1052 1915 principii-s
1060 1886 1073 1912 ;
1097 1873 1134 1908 Θ·
1143 1885 1191 1910 ne-

319 1920 448 1964 fellitur
456 1921 612 1952 contraria
630 1920 727 1957 opinio
736 1939 744 1947 .

201 1968 260 2007 136
281 1963 426 2007 ,Affensus
435 1963 490 1995 duo
506 1963 655 1995 contrarii
665 1962 820 2001 opinativi
834 1960 928 2004 fimul
937 1959 990 2001 esse
1008 1972 1067 1993 non
1077 1961 1189 2002 poffunt

325 2010 358 2039 in
368 2005 468 2039 eodem
490 2005 579 2038 intell
583 2004 642 2035 ectu
652 2024 663 2039 ,
684 2015 756 2035 unus
771 2002 894 2043 scilicet
911 2014 952 2035 ex
961 2006 1122 2044 principiis
1140 2007 1189 2036 in-

326 2050 466 2091 trinsecis
476 2050 628 2089 rationum
637 2067 648 2083 ,
668 2047 706 2080 (ῥ’
714 2047 796 2078 alter
805 2057 844 2078 ex
853 2048 1002 2087 principio
1019 2048 1188 2089 extrinseco

254 2116 260 2122 -
326 2093 525 2126 authoritatis
535 2113 544 2123 .

202 2145 262 2180 137
280 2137 456 2169 Intellectus
466 2136 675 2177 speculativus
684 2154 694 2170 ,
717 2132 928 2174 &prac‘iicus2
949 2144 988 2165 an
999 2132 1035 2165 εὖ*
1045 2135 1078 2164 in
1089 2131 1190 2171 quibus

330 2177 496 2222 differant,
518 2191 547 2211 n.
560 2181 628 2210 218.

202 2233 216 2256 1
227 2227 263 2265 38
284 2225 453 2264 opiniones
463 2220 590 2263 diversa
599 2224 633 2253 in
643 2219 725 2253 nobis
735 2218 867 2259 quotidii
875 2227 1058 2259 generantur
1066 2226 1189 2259 propter

304 2266 307 2269 “
330 2265 456 2309 diversa
474 2264 688 2306 phantasmata
696 2286 703 2294 .

285 2310 448 2342 Doc‘iorem
465 2320 522 2341 non
533 2308 587 2348 effe
598 2305 661 2350 fibi
670 2305 831 2346 aliquando
840 2307 1026 2338 contrarium
1035 2325 1045 2340 ,
1066 2302 1107 2346 est
1121 2302 1191 2347 fere

330 2351 524 2395 impoffibile,
545 2349 619 2384 ibid.

204 2405 262 2437 139
282 2397 449 2436 Opiniones
458 2396 630 2427 contrarias
636 2395 686 2432 qui
701 2390 818 2432 judicat
829 2390 882 2433 effe
889 2392 1042 2430 aqualiter
1050 2388 1189 2431 probabi-

328 2440 371 2470 les
382 2459 392 2473 ,
402 2449 460 2470 non
469 2446 536 2478 pote
571 2448 674 2470 earum
683 2437 814 2468 alteram
825 2437 964 2475 opinari,
986 2433 1022 2467 &⁶
1032 2446 1061 2465 n.
1063 2436 1126 2475 seq.
1182 2464 1199 2483 ⁸

254 2495 259 2501 ·
285 2483 456 2520 Imaginari
465 2483 513 2519 qui
538 2491 583 2512 em
592 2479 752 2520 postumus,
773 2487 805 2510 ut
814 2479 969 2514 volumus,
986 2475 1045 2518 sed
1058 2488 1117 2509 non
1126 2478 1191 2517 opi-

328 2526 419 2558 nari,
441 2521 515 2555 ibid.
525 2524 563 2555 &⁵
583 2533 652 2563 140.

207 2575 266 2607 140
287 2569 416 2606 Fingere
423 2565 508 2598 aliud
517 2563 558 2606 est
567 2585 577 2600 ,
599 2564 636 2597 &
646 2563 733 2596 aliud
742 2565 878 2604 opinari,
888 2575 917 2596 n.
932 2573 1000 2604 141.

208 2620 264 2648 142
286 2609 445 2642 problema
462 2608 534 2648 quid
544 2608 591 2650 fit
599 2629 606 2636 .

208 2662 265 2693 143
287 2653 457 2684 Intelleftus
466 2663 526 2683 non
534 2648 622 2683 habet
630 2647 802 2682 libertatem
812 2647 957 2689 opinandi
967 2669 977 2683 ,
986 2657 1017 2679 ut
1029 2647 1104 2680 libet
1113 2668 1124 2683 ,
1135 2647 1192 2688 sed

333 2698 447 2733 cogitur
458 2693 566 2734 objecto
572 2693 602 2732 fit
612 2691 800 2736 conformare
810 2712 820 2727 ‚
841 2703 870 2722 n.
886 2701 897 2722 1
904 2701 953 2731 54.
963 2689 1001 2723 ὦ·
1002 2691 1086 2733 seqq.

210 2748 271 2778 144
291 2740 452 2769 Sententia
460 2747 542 2770 certa
553 2740 585 2769 in
595 2747 627 2769 re
635 2734 724 2768 dubia
727 2734 811 2778 ferri
820 2745 878 2766 non
884 2733 980 2775 potest
992 2756 1000 2764 .

211 2791 250 2821 14
254 2789 266 2820 5
289 2779 479 2812 Problemata
489 2778 628 2819 quomodo
638 2780 852 2817 intelligantur
862 2776 1058 2809 dubitationi-⁴
1065 2775 1172 2809 habere
1181 2798 1190 2807 .

212 2829 269 2864 146
292 2825 356 2855 Dei
365 2821 504 2860 iudicium
512 2824 631 2864 semper
640 2824 786 2854 innititur
802 2822 955 2856 veritati,
976 2830 1032 2858 quae
1042 2829 1193 2859 nunquam

331 2864 424 2908 fallit
433 2886 442 2900 ,
464 2865 645 2908 necfallitur
655 2887 664 2896 .

212 2918 271 2950 147
293 2897 456 2941 habitatio
465 2912 541 2940 unde
550 2912 665 2941 oriatur
674 2929 684 2944 ,
706 2906 743 2940 (ῥ’
753 2906 886 2948 tin-seqq·
898 2905 935 2940 ό*
951 2918 981 2939 n·
996 2909 1064 2939 162·

214 2962 272 2992 150
293 2949 454 2983 Dubitatio
463 2952 581 2994 quidstt
589 2972 598 2986 ,
618 2964 646 2983 n.
660 2960 724 2993 153.
736 2949 774 2984 cb*
784 2959 851 2991 159.
930 2970 933 2972 >

215 3004 269 3035 151
294 2993 428 3027 Dubium
446 2993 535 3032 quid,
557 3005 585 3024 n.
600 2998 664 3032 158.

216 3047 271 3077 152
293 3035 411 3070 Dubius
421 3038 524 3080 fimile
535 3036 676 3075 quiddam
687 3039 712 3071 li
712 3039 796 3078 gatis
800 3038 921 3078 patitur
929 3058 937 3066 .

216 3089 272 3121 154
292 3080 452 3126 Qiescere
474 3088 585 3119 oportet
595 3081 627 3110 in
646 3088 778 3118 paritate
799 3081 1018 3113 contrariorum
1037 3086 1167 3111 motuum
1177 3088 1191 3115 ‚-

337 3122 412 3163 quod
421 3121 552 3163 pluribus
561 3122 705 3161 exemplis
714 3122 877 3163 ostenditur
885 3145 893 3153 .

219 3174 271 3206 155
297 3166 466 3198 Intellellus
486 3168 532 3197 ita
550 3174 689 3196 movetur
710 3165 746 3197 ab
754 3165 859 3199 obiecto
881 3168 950 3198 veri
959 3186 968 3201 ‚
990 3174 1022 3198 ut
1041 3167 1192 3205 appetitus

336 3210 503 3252 senfitivus
512 3207 593 3241 bruti
602 3205 638 3239 ab
658 3205 764 3245 objetto
775 3206 942 3241 detestabili
953 3231 960 3239 .

218 3256 274 3293 156
296 3252 439 3284 Voluntas
456 3251 542 3284 habet
563 3247 734 3283 libertatem
747 3254 973 3284 contrarietatis
991 3263 1002 3281 .·
1024 3251 1192 3284 intelleflus

357 3306 419 3325 esus
442 3318 449 3324 .
573 3318 577 3322 .

217 3345 275 3379 157
296 3296 457 3411 Dulbitgnsl
471 3339 604 3378 applicat
613 3338 746 3369 animum
759 3335 846 3377 suum
860 3337 900 3367 ad
920 3339 1027 3377 plura,
1049 3336 1087 3370 ό·
1097 3337 1192 3379 nescit

342 3390 388 3417 qut
431 3391 445 3410 e
459 3393 467 3410 ι
469 3391 522 3418 gat
532 3404 539 3411 .

219 3426 275 3466 158
295 3420 427 3497 Ιξκὺἱκῖ
433 3421 478 3497 {st
487 3433 581 3473 motus
599 3422 776 3467 indifferens
784 3424 818 3456 in
827 3431 981 3462 utramque
996 3432 1114 3465 partem
1124 3434 1192 3458 con-

341 3475 390 3499 tra
414 3476 438 3497 tc
455 3477 531 3498 tonis
541 3489 548 3497 .

1235 154 1294 181 160
1314 146 1512 181 Probariones
1522 151 1615 180 etiam
1633 159 1718 180 certae
1740 149 1776 181 ὠ·
1791 148 1910 188 liquide
1917 157 1971 190 per
1989 157 2162 186 contrarias
2167 154 2219 198 ste:

1357 192 1444 224 miles
1465 191 1690 231 conquaffantur
1699 214 1706 222 .

1234 238 1289 267 161
1311 236 1460 275 Legatum
1468 237 1647 275 Sempronio
1653 237 1748 267 amico
1755 235 1892 268 relillum
1901 256 1911 272 ,
1926 235 1960 279 fi
1967 235 2025 268 duo
2041 239 2107 280 sint
2120 242 2210 272 Sem-

1357 278 1458 317 pronii
1466 286 1543 315 aequa
1550 275 1702 310 charitate
1711 279 1858 317 conjuncti
1867 300 1877 314 ,
1891 281 1938 311 cui
1947 277 2092 312 debeatur
2104 303 2112 312 .

1235 324 1292 353 162
1313 318 1476 353 Dubitatio
1497 318 1534 360 fit
1543 331 1583 352 ex
1599 323 1759 362 principiis
1768 331 1833 354 tam
1852 322 2028 361 intrinsecis
2047 325 2196 357 rationum
2206 347 2217 361 ,

1359 361 1448 401 quam
1469 363 1652 404 extrinsecis
1672 364 1892 397 authoritatum
1908 385 1918 400 ,
1934 366 1968 410 fi
1986 368 2136 406 utrimque
2147 368 2216 412 sint

1359 406 1482 444 aequales
1491 426 1501 440 ,
1511 404 1548 438 Θ
1558 417 1609 437 nn.
1611 406 1694 447 seqq.
1707 407 1792 447 usque
1800 408 1841 439 ad
1849 419 1879 439 n.
1893 418 1905 440 1
1912 417 1930 446 7
1937 418 1961 440 1.
2197 414 2200 416 “

1237 454 1292 489 163
1315 450 1494 482 Innocentii,
1504 446 1698 489 Hostia-ns&
1696 450 1724 491 J
1726 449 2030 484 o.Andr.authoritas
2038 462 2150 491 quanta
2152 453 2216 497 fit.

1237 497 1295 535 164
1315 491 1539 524 Archidiaconi
1548 493 1647 531 opinio
1655 491 1748 533 super
1748 491 1842 534 sexto
1852 489 1930 524 libro
1938 493 2137 528 decretalium
2145 504 2218 537 prae-

1361 535 1448 572 valet
1462 536 1626 567 communi.

1237 582 1293 617 165
1315 575 1418 619 Gloffa
1429 576 1598 609 authoritas
1610 587 1667 616 quae
1675 598 1685 612 ,
1706 590 1736 610 n.
1748 587 1762 620 3
1767 585 1814 617 52.

1237 625 1294 653 166
1316 621 1460 653 Dottori's
1468 631 1554 652 unius
1562 622 1731 653 authoritas
1738 629 1791 661 per
1805 624 1991 655 contrariam
1998 622 2217 658 authoritatem

1363 664 1490 695 alterius
1506 672 1690 695 enervatur.

1238 710 1296 745 167
1317 708 1504 747 opinionum
1524 709 1643 739 veritas
1661 715 1715 738 aut
1743 707 1851 750 alsitas
1870 716 1930 738 non
1942 707 2072 752 seorfim
2089 708 2131 752 est
2147 719 2218 751 per-

1359 749 1518 790 pendenda
1532 770 1542 785 ,
1557 748 1615 790 sed
1632 758 1688 790 per
1730 748 1916 793 afferentium
1931 769 1943 785 ,
1963 749 2001 782 (θ’
2019 757 2219 793 comparatio-

1361 803 1429 825 nem
1437 792 1480 824 ad
1499 793 1650 835 oppofita‘.

1239 839 1295 868 168
1317 835 1491 869 hitellettus
1501 836 1659 870 Divinus,
1681 834 1719 868 (ῥ’
1737 836 1905 875 Angelicus
1915 835 2091 876 cognoscunt
2104 848 2220 881 compo-

1355 879 1499 922 fitionem
1507 899 1518 913 ,
1539 878 1577 922 φ·
1592 876 1777 922 divifion'em
1789 887 1845 920 per
1865 880 2053 912 intelleflum
2066 881 2218 924 simplicis

1362 921 1546 960 quidditatis
1557 943 1566 951 .

1319 966 1497 998 Intellettus
1513 964 1656 997 humanus
1671 966 1818 1007 cognoscit
1837 966 2053 1006 componendo,
2075 965 2222 1001 dividen-

1243 1043 1248 1048 ,
1363 1006 1402 1040 do
1411 1029 1422 1043 ,
1444 1006 1482 1040 ό*
1490 1007 1704 1040 ratiocinando
1713 1029 1724 1044 ,
1744 1007 1817 1042 ibid.

1239 1054 1297 1089 169
1316 1050 1454 1086 Dubium
1467 1051 1544 1090 juris
1552 1051 1663 1083 dicitur
1673 1073 1683 1087 ,
1704 1051 1772 1085 ciem
1781 1054 1916 1084 rationes
1922 1060 1976 1092 pro
1992 1053 2031 1086 Θ·
2038 1063 2144 1087 contra
2153 1066 2221 1087 con-

1331 1108 1338 1121 ·
1359 1104 1488 1134 gruunt,
1509 1095 1562 1126 vel
1570 1092 1618 1127 ubi
1628 1094 1703 1135 sunt
1711 1094 1862 1136 discordes
1873 1096 2035 1129 Doctorum
2049 1099 2219 1138 opiniones,

1331 1162 1336 1167 .
1363 1149 1416 1170 nec
1425 1136 1539 1178 constat
1562 1137 1599 1170 de
1606 1141 1757 1170 communi
1764 1159 1773 1174 ,
1794 1149 1824 1170 n.
1837 1141 1904 1180 183.

1238 1189 1298 1220 170
1308 1179 1422 1224 judex
1430 1202 1440 1216 ,
1448 1180 1516 1214 cum
1526 1181 1695 1223 vari-esunt
1704 1184 1853 1221 opiniones
1862 1202 1873 1217 ,
1887 1193 1941 1214 nec
1949 1182 2134 1224 discernitur
2143 1205 2152 1220 ‚
2162 1194 2219 1223 qua

1357 1224 1403 1268 stt
1411 1227 1515 1256 verior
1524 1245 1534 1259 ,
1548 1225 1581 1268 si
1591 1236 1679 1256 unam
1683 1231 1845 1264 sequatur,
1866 1237 1906 1256 an
1914 1224 2201 1269 faciatlitemfitam
2211 1250 2219 1258 .

1240 1269 1276 1307 17
1283 1277 1294 1299 1
1319 1269 1501 1308 Opinionem
1510 1271 1654 1299 tutiorem
1674 1271 1708 1299 in
1714 1266 1800 1300 dubio
1811 1267 1864 1309 effe
1873 1268 2044 1308 eligendam
2054 1290 2065 1305 ,
2085 1268 2127 1312 est
2137 1271 2222 1303 velut

1363 1310 1511 1349 quoddam
1519 1314 1680 1343 Sacrorum
1690 1313 1846 1344 Canonum
1861 1314 2006 1348 axioma,
2031 1311 2069 1346 ό·
2084 1324 2136 1345 nn.
2136 1314 2221 1356 seqq.

1361 1354 1447 1396 ufi1ue
1457 1353 1497 1384 ad
1517 1365 1546 1384 n.
1560 1364 1630 1391 191.

1239 1405 1296 1436 172
1317 1398 1347 1430 E
1349 1406 1364 1429 t
1372 1396 1529 1440 refellitur
1549 1398 1672 1430 illorum
1680 1400 1780 1437 opinio
1787 1418 1798 1433 ‚
1819 1400 1868 1436 qui
1877 1397 1982 1432 dicunt
1996 1397 2048 1432 hoc
2057 1410 2116 1431 non
2126 1399 2179 1441 effe
2187 1402 2221 1433 in

1359 1448 1521 1514 pzaecepto,
1534 1438 1593 1482 sed
1601 1442 1633 1472 in
1641 1441 1762 1482 confilio
1771 1441 1914 1478 santum,
1934 1442 1973 1475 Φ·
1989 1454 2041 1475 nn.
2042 1441 2126 1484 seqq.
2135 1444 2223 1485 usque

1361 1495 1381 1515 a
1421 1495 1450 1514 n.
1473 1493 1542 1520 191.
1801 1515 1805 1519 .

1238 1537 1249 1558 1
1256 1536 1294 1568 73
1316 1526 1498 1569 Posfidentis
1507 1528 1617 1560 melior
1624 1526 1668 1570 est
1676 1527 1808 1561 conditio
1816 1531 1851 1561 in
1860 1532 1993 1562 materia
2000 1527 2131 1571 iustitie,
2143 1529 2180 1563 Φ
2188 1532 2224 1563 in

1355 1570 1428 1612 foro
1437 1570 1576 1608 iudiciali
1582 1592 1593 1607 ,
1614 1583 1672 1604 non
1678 1581 1780 1604 autem
1789 1575 1823 1604 in
1831 1575 1965 1605 materia
1976 1574 2111 1605 aliarum
2120 1575 2224 1606 virtu-

1360 1623 1423 1646 tum
1432 1635 1442 1649 ,
1466 1617 1503 1646 (9‘
1511 1617 1543 1646 in
1546 1613 1619 1658 foro
1626 1615 1807 1656 conscicntia
1817 1627 1829 1653 ;
1840 1614 1877 1648 (ῤ’
1884 1615 2041 1659 refellitur
2048 1618 2148 1656 opinio
2156 1627 2224 1650 con-

1352 1660 1480 1692 traria,
1490 1667 1644 1696 tan-191.
1655 1658 1869 1701 usqueadmzx
1879 1669 1905 1691 1.

1237 1709 1296 1742 174
1316 1700 1501 1745 Referuntur
1520 1702 1634 1741 aliquot
1665 1702 1885 1742 Theologorum
1903 1701 2077 1745 affertiones
2097 1701 2136 1735 de
2155 1714 2225 1736 con-

1323 1765 1327 1769 ·
1352 1745 1486 1786 scientia
1501 1742 1612 1780 dubia,
1632 1746 1778 1777 videlicet

1318 1785 1485 1823 Dubitans‚
1493 1799 1533 1820 an
1537 1789 1584 1832 fit
1591 1791 1874 1824 excommunicatus,
1881 1789 1948 1830 sive
1956 1786 2077 1822 dubium
2079 1789 2127 1832 fit
2135 1787 2225 1828 juris,

1345 1849 1347 1854 ν
1354 1831 1427 1875 five
1436 1830 1519 1874 fassit
1529 1851 1539 1866 ‚
1562 1843 1619 1863 non
1628 1830 1714 1863 debet
1722 1830 1872 1873 sehabere
1883 1840 1939 1872 pro
1947 1834 2223 1869 excommunicato,

1361 1885 1412 1906 nec
1423 1883 1541 1906 tenetur
1550 1882 1652 1914 petere
1660 1873 1874 1915 absolutionem
1883 1896 1894 1910 ‚
1913 1873 1989 1908 ibid.

1235 1923 1291 1956 175
1313 1917 1392 1949 Item
1411 1914 1553 1949 dubitans
1563 1938 1573 1953 ,
1594 1929 1633 1949 an
1641 1918 1695 1949 lex
1716 1920 1872 1958 imponens
1879 1926 1998 1958 pomam
2016 1920 2222 1951 excommuni-

1359 1962 1490 1992 cationis
1505 1961 1552 2003 fit
1561 1959 1612 2002 usu
1632 1968 1752 2001 recepta
1761 1981 1770 1996 ‚
1790 1959 1884 2003 potest
1903 1959 2082 2003 existimare
2089 1973 2149 1993 non
2167 1960 2222 2003 effe

1360 2010 1509 2042 receptam
1519 2025 1527 2033 .

1235 2048 1291 2084 176
1315 2043 1569 2128 ItenZsdlubitans‚
1590 2055 1630 2078 an
1638 2047 1721 2088 castis
1734 2047 1781 2091 fit
1791 2047 1965 2089 reservatus
1973 2067 1984 2082 ‚
2004 2045 2100 2090 potest
2108 2045 2147 2082 ab
2165 2048 2222 2081 illo

1359 2100 1377 2119 a
1413 2100 1429 2118 o
1445 2099 1516 2120 vere
1524 2111 1532 2119 .

1235 2140 1247 2162 1
1254 2139 1293 2169 77
1314 2132 1393 2162 Item
1403 2130 1562 2166 dubitans,
1584 2143 1625 2164 an
1633 2135 1819 2175 commiserit
1829 2141 1980 2173 peccatum
1990 2134 2123 2165 mortale
2131 2154 2142 2171 ‚
2163 2145 2223 2166 non

1360 2182 1477 2204 tenetur
1485 2174 1564 2204 illud
1574 2173 1714 2216 confiteri
1725 2197 1733 2204 .

1235 2218 1292 2254 178
1313 2218 1392 2248 Item
1402 2214 1544 2247 dubitans
1553 2217 1590 2246 de
1599 2217 1738 2255 legitima
1743 2214 1889 2258 potestate
1897 2217 2026 2250 Praelati
2036 2237 2046 2253 ,
2067 2229 2127 2251 non
2135 2227 2221 2252 tene-

1357 2268 1408 2290 tur
1429 2256 1626 2292 illiobedire.

1236 2310 1294 2341 179
1316 2304 1396 2334 Item
1413 2299 1555 2334 dubitans
1563 2321 1573 2336 ‚
1595 2313 1635 2333 an
1649 2299 1823 2345 beneficium
1839 2302 1887 2346 fit
1894 2312 2000 2340 tenue,
2020 2315 2080 2336 non
2100 2313 2221 2339 tenetur

1360 2344 1490 2386 officium
1500 2346 1630 2377 recitare
1637 2366 1646 2374 .

1235 2390 1294 2421 180
1314 2389 1392 2420 Item
1400 2386 1540 2420 dubitans
1557 2390 1591 2419 in
1598 2390 1647 2418 die
1658 2388 1773 2430 Jovis,
1794 2399 1835 2421 an
1851 2389 1953 2422 media
1960 2400 2023 2423 nox
2031 2390 2081 2467 ft
2097 2394 2220 2435 transa-

1357 2431 1406 2463 eta
1404 2451 1441 2506 b’b
1445 2428 1538 2472 potest
1550 2429 1699 2463 comedere
1714 2442 1819 2464 carnes
1828 2443 1841 2469 ,·
1854 2432 1941 2475 secus
1950 2434 1985 2477 fi
1991 2433 2029 2466 du
2049 2436 2109 2467 itet
2124 2435 2218 2470 indie

1359 2477 1402 2506 Sa
1441 2476 1505 2505 ati.

1236 2520 1292 2551 181
1315 2515 1506 2558 Affertiones
1514 2515 1723 2559 fhprascriptae
1732 2517 1946 2563 confutantur,
1966 2519 2005 2553 Θ·
2023 2531 2075 2553 nn.
2076 2521 2163 2564 seqq.
2172 2521 2220 2565 usi

1359 2570 1411 2598 que
1420 2559 1462 2592 ad
1476 2572 1506 2592 n.
1518 2573 1533 2593 2
1540 2570 1552 2592 1
1559 2572 1586 2592 2.

1236 2606 1294 2636 182
1313 2601 1419 2636 Dubia
1428 2614 1492 2636 cum
1501 2603 1682 2646 conscientia
1691 2607 1811 2645 operari
1817 2616 1877 2638 non
1885 2606 1958 2639 licet
1965 2626 1976 2642 ‚
1996 2606 2154 2650 nisipriies
2163 2606 2218 2640 du-

1359 2644 1441 2678 bium
1458 2645 1639 2686 deponatur.

1236 2692 1292 2730 183
1314 2688 1501 2722 Cardinales
1511 2711 1521 2725 ,
1541 2688 1609 2723 ciam
1617 2693 1751 2723 rationes
1763 2691 1839 2733 fient
1859 2693 2009 2730 utrimque
2024 2690 2195 2732 probabiles
2203 2716 2214 2732 ,

1358 2732 1500 2771 quomodo
1511 2732 1639 2766 debeant
1647 2737 1680 2766 in
1696 2733 1879 2777 Confistorio
1895 2734 2087 2777 respondere.

1236 2778 1295 2816 184
1317 2777 1430 2816 Opinio
1440 2778 1536 2808 tutior
1551 2779 1583 2808 in
1592 2776 1678 2810 dubio
1695 2775 1780 2810 debet
1788 2778 1863 2818 eligi
1881 2788 1922 2811 ex
1934 2785 2075 2819 precepto
2084 2799 2095 2815 ,
2117 2779 2155 2813 (ῥ’
2163 2792 2215 2813 nn.

1353 2818 1436 2859 seqq.
1448 2819 1534 2860 ufiJue
1545 2819 1625 2854 adn.
1639 2830 1706 2858 191.

1235 2864 1291 2902 185
1314 2863 1619 2896 Excommunicatum
1639 2866 1744 2896 vitare
1757 2861 1876 2903 jubetur
1897 2862 2061 2905 Episcopus
2071 2885 2081 2901 ,
2103 2868 2216 2905 quoties

1361 2903 1504 2947 absolutio
1513 2905 1554 2948 est
1564 2905 1653 2938 dubia
1662 2929 1669 2936 .

1234 2950 1292 2982 186
1314 2946 1467 2982 Dubitans
1490 2950 1527 2980 de
1535 2948 1704 2981 validitate
1711 2949 1898 2991 sponsalium
1906 2961 1971 2983 cum
1975 2952 2080 2991 puella
2093 2951 2216 2993 septen·

1358 2994 1409 3024 nio
1415 2994 1559 3031 proxima
1570 3013 1580 3027 ,
1594 2991 1802 3033 separaturab
1817 2994 1905 3026 illius
1913 2992 2107 3035 consobrina,
2129 3007 2216 3036 quam

1356 3033 1456 3075 postea
1466 3033 1561 3067 duxit
1567 3037 1601 3066 in
1610 3046 1734 3067 uxorem
1741 3058 1749 3066 .

1236 3079 1295 3116 187
1315 3075 1409 3111 Presb
1431 3080 1491 3110 teri
1497 3078 1635 3110 ordinati
1650 3076 1688 3111 ab
1697 3079 1852 3121 Episcopis
1866 3082 2028 3121 incognitis
2037 3102 2048 3117 ,
2067 3082 2105 3114 de
2114 3082 2215 3121 quibus

1358 3119 1396 3152 du
1417 3123 1478 3152 ium
1487 3118 1528 3162 est
1537 3142 1546 3155 ‚
1555 3133 1596 3152 an
1599 3122 1667 3164 fint
1677 3124 1736 3162 Epi
1751 3124 1814 3163 copi
1825 3124 1909 3165 ‚fiant
1918 3124 2031 3158 iterum
2041 3125 2213 3159 ordinandi.

1237 3166 1293 3196 188
1316 3165 1450 3197 Parvuli
1467 3163 1486 3195 a*
1494 3162 1668 3203 parentibus
1681 3166 1719 3206 su
1738 3167 1831 3198 tratti
1839 3187 1849 3201 ,
1869 3166 1906 3198 de
1928 3166 2029 3206 quibus
2040 3167 2195 3202 dubitasur
2203 3191 2214 3207 ,

1360 3219 1400 3239 an
1412 3208 1479 3250 stnt
1488 3205 1644 3247 balsama
1653 3229 1663 3243 ,
1682 3207 1751 3247 fimt
1759 3211 1875 3242 iterum
1885 3207 2070 3250 baptizandi
2079 3234 2088 3243 .

1238 3252 1294 3286 189
1316 3251 1454 3293 Ecclesia
1464 3271 1474 3285 ,
1494 3249 1530 3282 de
1539 3261 1595 3289 qua
1615 3253 1762 3283 incertum
1772 3251 1814 3293 est
1824 3273 1833 3287 ,
1854 3265 1895 3285 an
1908 3253 2010 3297 fuerit
2023 3254 2195 3297 consecrata
2203 3276 2213 3292 ‚

1361 3293 1473 3325 iterum
1481 3294 1649 3334 consecrari
1669 3292 1754 3326 debet
1765 3317 1772 3324 .

1238 3346 1296 3373 190
1316 3338 1577 3371 Matrimonium,
1599 3341 1637 3368 de
1646 3347 1698 3375 quo
1715 3336 1893 3375 dubitatur,
1913 3352 1953 3372 an
1963 3342 2090 3378 valeat,
2109 3340 2215 3384 nonest

1356 3380 1475 3412 *iterum
1503 3378 1736 3412 contrahendum
1753 3402 1763 3416 ‚
1775 3381 1834 3423 sed
1850 3385 2038 3426 praefiimitur
2055 3394 2109 3426 pro
2130 3387 2215 3417 illius

1360 3422 1528 3454 validitate
1537 3445 1544 3452 .
1849 3446 1853 3448 Ἴ

1238 3475 1295 3503 192
1318 3465 1476 3508 Episcopus
1487 3486 1497 3501 ,
1508 3468 1645 3506 quamvis
1645 3467 1690 3510 sit
1699 3469 1732 3499 in
1737 3468 2142 3512 poſjeffionecommunicandi
2152 3482 2216 3503 cnm

2393 1086 2397 1374 .-.———-.
2390 726 2397 1077 ——v———q-sj
2388 341 2397 720 ffiff———ss
2381 473 2397 507 ⁴⁴⁴
2394 432 2397 458 m
2388 308 2397 340 -ῑ
2387 77 2397 300 tta·-
