2397 3664
111 1128 148 1161 31

528 28 616 83 De
631 25 758 83 offic.
774 24 1014 82 Ordinar.
1024 42 1068 80 c·
1085 22 1436 96 Irrefragabili
1450 62 1464 89 ‚
1481 24 1523 90 §-
1535 24 1772 98 Excessus
1786 66 1805 81 .

163 116 363 164 questionum,
387 121 413 157 §.
424 116 583 161 fimdeaff.
597 121 735 159 Delega&
749 130 855 154 tamen
866 130 906 151 ne
920 119 1110 161 apppelletur
1122 121 1158 152 ad

165 162 304 197 socium,
325 164 356 194 δε
368 162 407 194 sic
419 163 457 194 ad
469 169 573 204 parem
584 185 594 200 ,
603 164 782 196 devolvitur
792 162 1158 203 appeliatioatisuperio‘-

168 216 233 237 rem
245 207 419 248 uti·iusque·‚
435 204 486 238 liic
499 205 573 238 vero
583 205 675 238 cess‘at
686 206 771 238 ratio
781 206 991 246 delegationis
1002 229 1012 242 ,
1025 208 1056 239 &
1071 206 1161 239 firma

168 258 308 282 remanet
329 261 366 282 ea
384 249 485 286 ratio,
504 259 544 281 ne
562 252 598 281 ad
621 249 739 281 socium
767 249 868 289 ipsum
883 271 894 286 ,
923 251 955 283 ὃ(
988 249 1027 281 fic
1056 259 1161 290 parem

169 292 202 324 in
214 292 426 334 jurisdictione
438 292 627 333 appelletur',
647 291 721 324 cum
731 292 817 325 enim
834 291 985 324 deberent
1005 292 1064 325 esl'e
1083 291 1159 326 socii

169 336 203 367 in
214 336 312 376 prima
322 335 469 368 inflantia
479 357 488 372 ‚
509 345 575 367 non
587 345 707 377 poterat
719 335 915 377 postmodum
925 335 1090 377 Episcopus
1101 336 1160 368 csse

169 379 307 420 superior
318 380 352 411 in
363 379 498 411 secunda
507 400 515 410 .

212 421 324 455 Tertio
336 423 408 454 loco
418 421 694 454 adducitur-textus
703 423 736 453 in
747 424 775 459 §.
786 420 934 455 Caeteri'am
943 444 955 459 ,
976 423 1009 454 &
1020 421 1064 454 ibi
1074 421 1161 463 gloss.

170 467 202 498 &
216 467 365 498 Innocen.
375 464 459 506 infra'
474 464 535 496 eod.
548 465 591 496 ibi
603 465 688 496 enim
699 475 735 496 ex
745 474 784 497 eo
804 476 868 497 non
890 466 979 506 punit
997 466 1162 506 Episcopus

170 510 247 550 ipsos
258 509 443 542 Canonicos
454 530 463 544 ‚
484 509 517 541 &
527 510 618 540 datur
628 507 799 550 jurisdictio
810 509 1050 549 Areliiepiscopo
1061 531 1070 545 ,
1088 508 1164 549 quia

169 553 354 593 Capitulum
361 560 427 583 erat
441 561 548 583 reum:
570 552 602 584 &
614 551 774 592 propterea
786 551 960 593 jurisdictio
970 551 1109 583 defertur
1121 553 1157 582 :id

169 595 462 636 Meropolitanum:
479 595 523 627 ita
541 604 617 635 ergo
637 595 670 627 in
682 593 754 626 casu
773 595 880 626 nostro
898 605 973 627 curn
993 594 1158 626 consensus

168 637 460 679 Capituliadliiberi
472 648 536 669 non
545 637 655 678 possit,
673 638 819 681 quiajam
834 638 986 679 judicavit
1010 649 1018 674 ·‚
1041 637 1157 670 merito

169 684 207 714 ad
227 681 413 722 superiorem
436 681 602 722 appeliatio
622 682 821 712 devolvitur.
840 681 939 723 Qiod
961 681 1046 713 cette
1059 681 1161 713 multo

167 725 320 766 majorem
332 725 423 756 liabet
431 724 630 756 rationemin
644 725 702 756 lioc
715 724 786 756 casu
798 735 806 761 ·,
818 725 892 765 quia
904 747 913 760 ‚
925 735 958 756 ut
967 725 1033 756 dixi
1045 747 1056 761 ,
1076 724 1163 766 juris-

167 768 284 804 dictio,
306 779 374 808 qux
395 768 428 799 in
448 768 545 808 prima
565 768 712 800 instantia
731 778 797 800 erat
823 769 1024 806 communis,
1044 768 1162 800 virtute

169 812 274 844 statuti
285 815 320 843 ad
342 812 441 843 solum
452 810 638 851 Capitulum
650 811 691 843 est
702 813 805 843 delata
815 835 822 843 .

210 855 340 897 Qiarto
351 852 426 887 loco'
435 866 500 886 non
510 865 617 896 parum
629 864 738 895 urgere
750 856 874 887 videtur
885 878 895 892 ‚
913 858 997 897 quod
1014 865 1086 887 cum
1099 857 1155 885 liu-

169 899 303 942 jusmodi
315 899 427 930 statuta
437 921 446 933 ‚
471 899 519 929 seu
531 898 774 930 consuetudines
783 899 816 930 in
827 899 977 940 plerisque
988 898 1163 931 Catliedra-

171 943 249 974 libus
261 942 403 974 Ecclesiis
413 942 634 982 Hispaniarum
647 941 771 982 vigeant
783 964 792 977 ‚
813 944 963 983 nusquam
985 952 1091 973 tamen
1111 952 1162 982 ap-

169 996 255 1027 paret
269 988 305 1017 ad
322 986 399 1025 ipsos
420 985 585 1027 Episcopos
607 985 832 1026 appellationes
852 985 938 1017 fuisse
957 985 1121 1017 devolutas
1143 984 1161 1015 :i

170 1029 333 1062 sententiis
344 1028 479 1069 ipsorum
489 1027 723 1068 capitulorum,
734 1029 782 1061 sed
795 1026 873 1061 bene
884 1030 921 1061 ad
934 1028 1012 1060 alios
1024 1028 1163 1069 superio-

170 1082 218 1104 res
229 1082 262 1104 ut
274 1072 307 1104 in
323 1072 486 1103 nonnullis
499 1071 643 1103 Ecclesiis
662 1082 860 1112 compertum
880 1072 1007 1104 extitit:
1032 1071 1163 1103 consue-

171 1117 249 1148 tudo
260 1115 345 1148 enim
356 1115 398 1146 est
410 1115 529 1156 optima
542 1115 644 1155 legum
656 1115 807 1155 interpres
818 1137 829 1152 ‚
849 1116 870 1147 l.
881 1118 918 1148 Si
930 1114 965 1146 de
976 1117 1164 1156 interpreta-

171 1162 250 1192 tione
261 1181 269 1195 ,
284 1157 322 1201 ff.
334 1156 372 1190 de
382 1160 438 1198 leg.
448 1157 486 1192 ά·
496 1168 561 1200 cap.
580 1156 659 1192 Ctim
680 1158 834 1195 dilefi‘us,
846 1159 884 1189 de
899 1158 1064 1199 confiaetud.
1084 1157 1163 1190 adeo

171 1212 206 1235 ut
226 1202 449 1234 consuetudini
459 1202 704 1243 interpretativae
715 1201 819 1241 potius
831 1223 839 1237 ,
855 1203 949 1244 quam
961 1202 1164 1234 communio-

169 1246 198 1278 ti
209 1245 352 1286 opinioni
365 1245 402 1277 fit
414 1245 557 1278 standum
567 1268 577 1283 ,
596 1255 630 1278 ut
641 1255 692 1286 pet
703 1245 783 1277 Abb.
794 1247 828 1276 in
838 1245 935 1286 ἄφαρ.
948 1244 1027 1278 Citm
1039 1245 1165 1277 dileHus

168 1299 249 1323 num.
261 1298 289 1327 7.
301 1289 388 1321 Bald.
398 1289 474 1331 cotis.
486 1298 558 1329 275.
567 1287 735 1330 num.3.lib.
744 1298 752 1319 i
761 1288 878 1321 .Mant.
887 1288 924 1321 de
933 1289 1164 1327 consessumlti-

170 1343 249 1369 mar.
260 1332 439 1365 voluntdib.
456 1343 467 1365 1
478 1336 563 1364 1.tit.
579 1335 625 1364 18.
636 1342 716 1363 num.
729 1342 780 1373 34.

212 1375 344 1417 Qinto
361 1379 398 1408 ad
419 1377 450 1408 id
468 1379 666 1408 adducuntur
686 1376 779 1407 verba
797 1374 903 1407 staturi
920 1375 1076 1417 praediffi,
1095 1385 1164 1417 quse

171 1421 287 1452 habent
299 1429 331 1450 ut
341 1417 697 1463 deiiiijiismodideliffis
716 1419 748 1450 in
770 1418 907 1451 Ecclesia
927 1420 1100 1451 commis-sis
1120 1419 1165 1450 so-

174 1462 242 1496 lum
253 1461 437 1503 Capitulum
447 1463 538 1504 possit
547 1462 672 1494 excluso
683 1461 836 1503 Episcopo
846 1462 1038 1504 cognoscere
1059 1475 1067 1494 ε
1090 1473 1163 1494 nain

175 1507 220 1539 ibi
236 1506 371 1547 apposita
381 1506 593 1538 estilladitstio
604 1528 614 1543 ,
629 1505 727 1546 solum
738 1528 747 1543 ,
761 1516 813 1546 per
822 1515 916 1546 quam
930 1506 975 1538 ita
986 1506 1166 1538 excluditur

172 1550 276 1582 omnis
286 1549 496 1591 cognitio‚ut
515 1550 595 1581 alius
614 1550 704 1581 nullo
721 1551 818 1581 modo
833 1549 924 1589 possit
943 1550 1135 1591 cognoscere
1157 1558 1165 1579 :

173 1594 223 1625 Ita
232 1593 294 1634 post
306 1594 420 1634 Angel.
431 1595 463 1624 in
475 1594 534 1636 l.fi
546 1595 696 1625 vacantia
707 1615 717 1629 ,
737 1595 774 1625 C.
785 1591 894 1625 debon.
903 1604 972 1625 vac.
993 1595 1165 1625 concludat

172 1637 298 1670 Barbat.
310 1638 343 1669 in
350 1645 417 1677 cap.
425 1635 576 1677 studuisti
585 1647 664 1668 num.
679 1640 728 1678 36.
739 1639 777 1667 de
785 1636 860 1679 offic.
872 1638 982 1675 Legat.
993 1637 1079 1668 Dum
1090 1634 1167 1667 vero

171 1682 208 1713 in
217 1683 246 1713 d.
260 1680 374 1712 statuto
384 1680 513 1720 ponitur
521 1680 653 1711 verbum
665 1702 674 1715 ,
684 1679 803 1720 exlcuso
815 1679 972 1721 Episcopo,
983 1681 1056 1713 satis
1067 1679 1168 1711 ossen-

171 1724 256 1756 ditur
278 1734 350 1755 ante
368 1723 516 1755 statutum
528 1723 706 1763 pertinuisse
727 1723 972 1764 jurisdicrionem
992 1726 1029 1756 ad
1047 1723 1170 1764 Episco-

170 1777 264 1809 pum,
285 1765 515 1807 &Capitulum
527 1766 613 1798 simul
625 1788 636 1803 ‚
659 1775 750 1807 prout
770 1766 801 1797 in
822 1767 950 1808 reliquis
966 1766 1089 1799 delictis
1104 1765 1169 1798 Ca-

170 1809 356 1852 pitularium
378 1809 557 1850 pertinebat
576 1821 588 1845 ,-
611 1809 659 1841 secl
681 1809 781 1850 postea
800 1810 917 1842 virtute
945 1810 1052 1843 statuti
1078 1810 1168 1841 illum

169 1852 313 1886 excludi:
334 1852 470 1893 privatio
480 1853 565 1885 enim
576 1852 780 1894 praesupponit
791 1853 932 1885 habitum
943 1877 953 1891 ,
976 1863 1043 1895 cap.
1053 1851 1098 1885 ad
1106 1850 1170 1892 dis-

164 1895 343 1940 fhlvendum
354 1895 392 1928 de
401 1894 532 1938 despons.
541 1895 687 1939 impuber.
699 1895 738 1929 Θ
757 1897 812 1936 seg.
833 1895 932 1929 decem
945 1920 955 1935 ,
968 1895 1005 1940 ffi
1026 1895 1064 1928 de
1082 1894 1168 1928 verb.

172 1938 300 1978 obligat.

215 1981 455 2015 Unde&sexto
467 1992 523 2023 pro
533 1981 686 2024 Capitulo
697 1981 774 2016 facit
785 2005 795 2020 ‚
811 1985 897 2025 quod
917 1983 993 2016 cum
1019 1983 1169 2016 statutum

173 2025 329 2058 circalioc
340 2025 536 2058 emanaverit
546 2028 584 2059 ad
603 2027 835 2059 excludendum
853 2027 1057 2069 Episcopum,
1079 2028 1112 2058 &
1130 2027 1168 2058 ad

174 2069 317 2102 favorem
327 2068 490 2109 Capituli,
511 2078 546 2101 ut
557 2068 657 2101 solum
669 2070 729 2101 hoc
741 2069 813 2102 casu
824 2071 997 2111 cognoscat
1008 2093 1018 2107 ,
1039 2080 1105 2102 non
1115 2071 1168 2101 de-

174 2114 226 2145 bet
243 2113 278 2144 in
295 2112 406 2144 odium
425 2111 517 2153 ipsius
533 2113 731 2154 retorqueri,
750 2115 783 2145 &
805 2115 1003 2146 contrarium
1023 2113 1168 2146 effectum

173 2154 310 2197 respeeru
320 2155 463 2197 Episcopi
472 2156 594 2196 operari
605 2177 614 2191 ,
633 2165 736 2188 contra
747 2157 768 2190 l.
779 2155 853 2195 quod
864 2155 988 2197 favore,
1010 2160 1046 2190 C.
1058 2156 1094 2188 de
1112 2157 1168 2195 leg.

174 2208 240 2233 cum
247 2199 330 2238 vulg.
343 2208 402 2232 nec
415 2201 450 2231 ad
465 2209 532 2231 rem
544 2198 619 2232 facit
628 2200 783 2241 responsio
795 2199 957 2242 Episcopi,
976 2203 1061 2243 quod
1073 2201 1166 2232 statu-

173 2252 243 2276 tum
255 2243 403 2283 loquatur
413 2244 450 2275 de
459 2242 559 2284 prima
578 2242 748 2280 instantia,
772 2254 839 2275 non
859 2247 897 2276 de
917 2245 1052 2277 secunda
1062 2255 1074 2280 ,-
1091 2243 1169 2284 quia

171 2287 399 2319 advertendum
409 2285 450 2318 est
470 2285 756 2327 Episcopum5nec
777 2287 905 2329 quidem
925 2298 998 2320 ante
1011 2288 1168 2319 statutum

171 2328 539 2371 potuiffe‘dehujusmodi
556 2329 654 2361 causis
674 2329 708 2362 in
729 2331 864 2363 secunda
882 2331 1030 2364 instantia
1048 2340 1167 2371 cogno-

172 2372 255 2404 scere
266 2380 391 2413 propter
407 2373 520 2413 duplex
541 2372 825 2413 impedimentum:
843 2375 978 2407 alterum
988 2384 1073 2410 erat,
1094 2373 1170 2415 quia

175 2415 240 2456 jam
253 2415 448 2456 judicaverat
459 2415 492 2447 in
504 2415 604 2456 prima
613 2415 762 2448 instantia
773 2428 846 2449 cum
858 2418 1024 2459 Capitulo‚
1034 2419 1168 2449 alterum

175 2457 252 2488 vero
261 2459 344 2497 quod
358 2457 533 2499 jurisdictio
542 2468 608 2491 erat
620 2459 675 2491 fibi
696 2461 877 2493 communis
896 2471 970 2493 cum
988 2461 1141 2500 Capitulo
1160 2482 1168 2491 .

176 2500 276 2532 Unde
288 2509 354 2531 non
376 2509 498 2540 poterat
517 2501 598 2533 solus
615 2502 648 2533 in
666 2513 704 2534 ea
723 2504 751 2535 se
769 2503 984 2536 intromittere
997 2527 1006 2537 .
1025 2504 1083 2536 Hae
1101 2506 1169 2536 dux

176 2543 272 2576 causae
284 2551 447 2575 remanent
457 2545 553 2575 etiam
565 2544 629 2583 post
648 2544 798 2578 statutum
809 2569 817 2578 .
836 2547 939 2579 Prima
957 2548 1086 2588 quidem
1104 2557 1168 2588 per-

174 2595 282 2620 manet
293 2608 302 2623 ‚
323 2586 400 2626 quia
410 2585 496 2617 facito
514 2586 656 2627 Episcopi
667 2588 895 2622 consentientis
915 2590 1035 2623 statiuis
1051 2590 1169 2623 accidit

143 2631 159 2664 ιῚΧ
178 2639 214 2663 ut
226 2639 291 2661 non
302 2629 396 2670 possit
416 2629 606 2670 cognoscere
628 2630 661 2662 in
682 2631 781 2672 prima
797 2633 962 2665 instantia.
984 2633 1082 2666 Unde
1101 2644 1168 2666 non

175 2674 270 2705 debet
280 2673 339 2705 esse
359 2672 505 2704 melioris
524 2673 720 2705 conditionis
731 2696 740 2710 ,
760 2675 938 2716 quz'imeffet
949 2687 1021 2709 ante
1032 2701 1040 2709 .
1060 2678 1170 2709 Altera

175 2716 252 2750 vero
270 2715 362 2748 causa
371 2738 381 2753 ‚
404 2718 438 2748 &
454 2716 581 2757 quidem
590 2717 771 2749 evidentior
782 2719 882 2751 adhuc
901 2730 1028 2757 manet;
1049 2721 1125 2761 quia
1146 2720 1168 2752 si

174 2770 244 2792 non
254 2769 377 2800 poterat
388 2768 512 2801 propter
520 2760 782 2793 communionem
802 2762 1028 2804 jurisdictionis
1046 2774 1169 2805 cogno-

178 2803 262 2836 scere
272 2802 353 2834 solus
362 2804 395 2835 in
405 2803 505 2845 prima
514 2803 675 2840 instantia,
689 2814 747 2836 nec
756 2806 873 2845 poterit
887 2806 918 2837 in
929 2807 1074 2843 secunda,
1093 2806 1169 2838 cum

178 2847 278 2878 adhuc
289 2848 398 2878 eadem
412 2846 591 2878 communis
602 2847 686 2879 ratio
696 2848 801 2889 vigeat
812 2870 823 2885 ,
831 2851 863 2880 &
874 2849 913 2881 sic
935 2850 1032 2882 intrat
1051 2849 1170 2882 decisio

179 2889 286 2923 Alber.
297 2891 329 2921 in
339 2888 485 2928 d.§.ciam
495 2890 532 2921 de
541 2887 689 2933 usufrue‘bu
701 2889 737 2922 de
744 2901 800 2929 qua
803 2890 1007 2932 fisp.num.29.
1015 2893 1114 2935 Qiod
1127 2893 1143 2924 s
1141 2904 1169 2925 e-

177 2934 281 2964 cunda
292 2932 441 2966 instantia
451 2933 502 2974 agi
511 2935 622 2966 debeat
633 2943 740 2965 coram
751 2935 906 2976 superiore
918 2936 1078 2977 utriusque
1088 2936 1169 2978 judi-

177 2975 223 3006 cis
235 2997 245 3011 ,
267 2977 300 3007 δε
311 2976 424 3010 Innoc.
438 2987 464 3010 1.
474 2979 508 3008 in
516 2975 547 3008 d.
569 2980 596 3014 §.
615 2980 762 3009 Ceterum
773 2999 783 3014 ,
804 2978 891 3019 'quod
910 2979 1079 3021 Episcopus
1099 2990 1167 3011 non

179 3018 269 3058 poffit
280 3018 314 3050 in
323 3019 458 3052 secunda
467 3020 615 3053 instantia
625 3020 705 3052 solus
716 3021 906 3062 cognoscere
921 3046 930 3053 .

219 3060 304 3093 Hinc
315 3062 412 3096 etiam
422 3064 456 3096 &
466 3063 616 3096 ultimum
625 3064 745 3096 omiffis
755 3064 875 3096 caeteris
894 3065 1021 3097 resultat
1040 3075 1096 3106 pro
1106 3065 1169 3098 Ca-

179 3103 280 3146 pitulo
288 3103 532 3142 fundamentum
540 3117 554 3146 ,·
563 3108 639 3151 quia
648 3118 684 3142 ex
695 3108 860 3143 voluntate
871 3108 1014 3151 Episcopi
1024 3108 1083 3142 fuit
1093 3111 1170 3143 data

1199 118 1333 155 lacultas
1345 118 1499 161 Capituio
1511 143 1521 156 ,
1534 131 1565 154 ut
1577 130 1676 152 lolussl
1689 132 1721 153 in
1734 120 1911 163 iitijusmodi
1921 121 2019 154 causis
2030 125 2197 163 cognosce.

1199 164 1244 193 ret
1256 184 1266 192 .
1289 160 1385 195 Unde
1403 173 1470 196 non
1491 164 1616 197 videtur
1639 166 1717 204 apud
1741 163 1938 205 Epistopim
1949 166 2196 200 transferentem

1200 205 1373 238 remansisse
1384 228 1394 242 ,
1414 217 1478 245 arg.
1489 207 1511 238 l.
1529 217 1551 238 i.
1568 204 1604 248 ff.
1617 206 1652 238 de
1664 222 1671 239 ι
1681 207 1780 248 onslit.
1800 209 1894 247 princ.
1909 207 1946 240 Φ
1959 211 1984 245 ς’.
2003 211 2062 240 Sed
2074 209 2110 242 (ῤ’
2122 212 2198 248 quod

1201 250 1306 281 Rrinci‘
1327 251 1359 286 i,
1380 249 1449 291 inst.
1472 250 1508 282 de
1527 260 1584 288 yur.
1595 260 1660 282 nat.
1676 259 1757 289 gent.
1769 249 1806 282 (θ’
1815 262 1874 282 civ.
1887 249 1924 282 &⁶
1934 261 2000 293 cap.
2022 254 2197 285 Translata

1200 289 1236 322 de
1246 257 1394 332 constitut.
1405 297 1441 324 θ
1451 302 1518 333 cap.
1534 295 1560 324 E
1564 305 1586 324 ,τ
1596 293 1770 334 transmisso
1789 292 1826 324 de
1842 305 1961 326 renunc.
1983 294 2054 327 Nec
2068 297 2194 328 dicatur

1200 334 1365 375 Episcopus
1379 347 1444 367 non
1457 336 1640 368 translulils‘c
1651 359 1660 372 ‚
1682 337 1729 368 scd
1743 338 1772 368 id
1785 335 1900 369 faustum
1920 337 2007 370 fiiiss‘e
2019 350 2053 370 eii
2067 340 2196 371 consue-

1199 377 1308 409 tudine
1321 401 1328 414 ,
1351 379 1427 419 quia
1449 379 1652 419 respondetur
1672 381 1776 420 potius
1796 391 1831 411 ex
1846 381 1875 412 vi
1888 382 2066 413 concordia*
2080 382 2195 415 sactum

1201 419 1286 451 fuisse
1300 442 1308 456 ‚
1331 431 1364 452 ut
1385 432 1452 453 tota
1473 422 1647 464 jurisdictio
1675 424 1706 454 in
1725 422 1846 456 delictis
1868 423 2100 464 Capitulariuui
2120 427 2193 458 esset

1199 464 1379 495 communis
1400 486 1410 500 ,
1432 475 1465 496 ut
1487 465 1561 497 vero
1575 466 1672 497 solum
1684 466 1868 507 Capitulum
1881 469 2034 508 judicaret
2049 470 2082 500 in
2100 480 2190 502 coin—

1201 506 1297 537 niiffis
1310 507 1394 539 intra
1404 508 1572 541 Ecclesiam
1583 509 1611 539 vi
1633 509 1737 541 slatuti
1760 510 1874 542 factum
1895 512 2037 548 videtur,
2060 523 2093 545 ut
2104 524 2139 545 ex
2155 514 2195 544 le-

1200 549 1288 580 <stura
1301 550 1514 591 slatutipatet.
1541 551 1772 584 l’raetercaciim
1785 563 1853 586 tota
1875 555 2046 595 jurisdictio
2059 556 2196 596 respectu

1200 592 1434 637 Carpiiularium
1447 594 1481 626 sit
1493 595 1674 627 communis
1686 596 1837 636 Episcopo
1846 619 1856 632 ,
1867 601 1899 630 ὃς
1910 598 2072 639 CapitulO,
2085 609 2120 632 ut
2134 599 2193 631 fuit

1199 636 1319 667 dictum
1332 659 1340 672 ,
1364 636 1478 678 semper
1488 639 1692 670 manufirma
1711 639 1891 676 conclusit),
1910 646 1992 682 quod
2015 644 2117 675 necin
2132 643 2194 683 pri-

1200 690 1251 711 ma
1261 702 1271 714 ,
1295 690 1353 711 nec
1365 681 1397 712 in
1408 682 1542 713 secunda
1562 682 1709 713 instantia
1724 682 1820 722 porest
1839 683 2004 725 Episcopus
2025 686 2104 718 solus
2115 697 2195 718 con-

1201 732 1249 754 tra
1261 724 1458 756 voluntatem
1470 724 1609 765 Capituli
1621 726 1812 765 cognoscere
1822 748 1831 762 ,
1852 726 1926 758 esim
1938 728 1969 759 in
1982 739 2012 760 re
2024 729 2191 762 communi

1200 766 1305 806 potior
1317 766 1351 798 sit
1363 768 1510 800 conditio
1521 768 1716 809 prohibentis
1726 792 1736 805 ,
1747 770 1768 800 l.
1780 768 1913 801 Sabinus
1923 793 1933 806 ,
1945 769 1983 812 ffi
1995 771 2032 804 de
2042 776 2190 804 commum·

1199 808 1303 841 divid.
1314 810 1334 841 l.
1346 812 1379 841 in
1388 823 1420 842 re
1430 815 1574 844 commum·
1585 835 1595 849 ,
1613 810 1646 854 ffl
1665 811 1701 843 de
1709 811 1795 852 serv.
1806 812 1867 845 urb.
1875 816 2011 853 praedior.

1243 853 1288 885 Ex
1299 853 1413 894 quibus
1424 854 1527 887 facilis
1545 855 1585 888 est
1606 855 1760 896 responsio
1779 858 1816 888 ad
1836 856 1972 897 superius
1992 858 2137 900 objecta,
2156 861 2190 892 δε

1202 896 1262 928 alia
1272 919 1281 932 ,
1303 907 1370 937 quae
1382 898 1484 930 forsan
1495 909 1549 940 pro
1558 909 1643 940 parte
1656 899 1795 940 Episcopi
1806 900 1919 931 deduci
1931 901 2070 940 possent,
2084 912 2191 934 revera

1201 940 1288 971 enini
1302 950 1358 971 nec
1371 952 1473 973 textus
1485 943 1596 984 aliquis
1607 942 1684 974 dicit
1696 943 1764 974 dari
1785 944 2024 984 appellationem
2035 944 2050 975 ii
2062 943 2193 985 Capitu-

1204 984 1236 1014 lo
1246 985 1281 1014 ad
1297 983 1478 1025 Episcopum
1489 989 1618 1026 quando
1635 986 1810 1028 jurisdidkio
1831 986 1871 1018 est
1881 989 2062 1020 communis
2073 1011 2083 1025 ‚
2104 998 2138 1020 ut
2150 988 2192 1020 est

1201 1027 1414 1073 hoc-casumec
1426 1028 1580 1061 Doctores
1590 1040 1626 1062 ex
1638 1030 1764 1061 adverso
1775 1031 1833 1062 add
1840 1029 1902 1062 nisti
1913 1031 1944 1062 id
1956 1032 2091 1064 asserunt
2101 1054 2111 1068 ,
2122 1032 2189 1065 imo

1201 1080 1305 1111 potius
1316 1073 1515 1104 contrarium
1535 1073 1726 1114 supponunt.

1242 1113 1353 1155 vItaque
1363 1119 1399 1147 ad
1411 1125 1532 1147 textum
1546 1117 1577 1148 in
1588 1119 1645 1148 lioc
1668 1119 1695 1154 ς’.
1714 1118 1746 1148 &
1756 1117 2034 1158 aequiparationem
2046 1119 2130 1151 inter
2141 1121 2192 1150 de-

1204 1158 1405 1190 voliitionem
1416 1160 1457 1190 ob
1470 1160 1697 1200 negligentiam
1708 1182 1718 1196 ‚
1738 1162 1770 1191 &
1790 1161 2029 1201 appellationem
2040 1185 2050 1200 ‚
2072 1163 2195 1203 respon-

1202 1204 1293 1233 detur
1304 1212 1370 1233 non
1381 1205 1546 1243 procedere
1557 1203 1836 1244 aequiparationem
1853 1215 1891 1235 ex
1910 1205 2088 1238 diversitate
2097 1206 2194 1240 ratio-

1202 1245 1252 1276 nis
1263 1267 1272 1281 ,
1294 1246 1369 1286 quia
1378 1245 1568 1286 appellatioa
1578 1247 1644 1287 pari
1657 1250 1692 1277 ad
1706 1257 1809 1287 parem
1821 1269 1831 1284 ,
1851 1257 1884 1279 ut
1895 1248 2088 1281 ostendimus
2100 1272 2109 1286 ,
2127 1259 2194 1280 non

1202 1288 1438 1329 interponitur.
1459 1289 1498 1321 Et
1509 1290 1695 1322 communio
1714 1300 1782 1330 quae
1800 1300 1946 1331 operatur
1955 1293 2195 1325 devolutionem

1205 1341 1329 1363 tantuin
1342 1332 1422 1364 abest
1435 1354 1444 1369 ,
1464 1343 1498 1365 ut
1519 1333 1617 1374 pariat
1639 1334 1812 1374 appellandi
1824 1333 2008 1367 facultatem
2018 1357 2028 1372 ‚
2049 1346 2083 1368 ut
2094 1336 2194 1368 etiam

1203 1376 1399 1407 contrarium
1411 1386 1557 1416 operetur
1569 1387 1580 1412 ;
1600 1376 1674 1417 quia
1685 1386 1718 1408 ut
1729 1376 1847 1409 dicium
1858 1377 1899 1409 est
1908 1399 1917 1414 ‚
1939 1379 1972 1409 in
1985 1389 2017 1411 re
2028 1379 2195 1411 communi

1204 1419 1309 1459 potior
1320 1419 1360 1451 est
1371 1420 1520 1451 conditio
1531 1419 1724 1460 prohibentis
1735 1442 1744 1456 ,
1764 1422 1799 1452 δε
1818 1420 1903 1452 inter
1923 1421 2025 1453 socios
2046 1422 2195 1455 servanda
2221 1420 2223 1422 ’

1207 1462 1246 1493 est
1260 1462 1384 1502 paritas,
1397 1462 1447 1494 seu
1456 1463 1627 1503 tequalitas,
1637 1473 1705 1504 quse
1717 1463 1847 1504 impedit
1858 1466 1895 1495 ad
1906 1467 2056 1505 aequasem
2066 1467 2196 1507 appella-

1203 1506 1324 1537 tionem
1335 1506 1512 1547 interponi.
1536 1505 1632 1537 Unde
1650 1506 1724 1538 cuin
1744 1507 1828 1539 inter
1846 1507 1901 1540 ista
1918 1508 2039 1541 diversa
2051 1509 2085 1541 sit
2099 1510 2195 1545 ratio,

1203 1549 1323 1581 diversa
1333 1560 1460 1591 quoque
1471 1550 1528 1581 else
1538 1550 1629 1581 debet
1650 1549 1726 1591 juris
1734 1550 1894 1590 dispositio
1904 1573 1914 1588 ,
1933 1551 2193 1594 [Papinianusff.

1202 1592 1239 1625 de
1249 1592 1678 1635 minor.cumstm.··l.statutum
1690 1594 1762 1625 vero
1773 1596 1856 1634 quod
1869 1594 2010 1627 admittit
2021 1596 2055 1628 in
2065 1596 2196 1628 casune:-

1204 1637 1364 1677 gligentiae
1383 1637 1621 1668 devolutionem
1641 1638 1678 1669 ad
1698 1637 1898 1677 Episcopum,
1918 1638 2023 1679 potitis
2043 1640 2137 1680 potesl
2160 1640 2195 1672 in

1205 1680 1402 1712 contrarium
1418 1680 1614 1720 retorquem
1634 1680 1709 1720 quia
1728 1681 1869 1715 admittit
1879 1691 1952 1713 cum
1972 1682 2026 1714 illa
2042 1684 2198 1725 qualitate

1206 1733 1240 1755 ut
1251 1723 1421 1763 cognoscat
1434 1722 1522 1755 simul
1534 1733 1606 1754 cum
1618 1722 1798 1764 *Capitulo;
1818 1727 1903 1764 quod
1923 1725 1997 1757 cum
2008 1726 2138 1759 incausa
2148 1738 2197 1768 ap-

1206 1767 1386 1808 pellationis
1396 1766 1553 1798 verificari
1571 1776 1638 1798 non
1658 1767 1769 1807 possit,
1788 1767 1886 1800 etiam
1907 1767 2008 1802 inlioc
2019 1770 2195 1803 ostenditur

1206 1809 1367 1842 diversitas
1379 1810 1462 1842 inter
1482 1809 1586 1841 casum
1597 1832 1606 1846 ,
1627 1811 1658 1842 ὃς
1670 1810 1775 1842 casum
1787 1834 1796 1842 .

1248 1853 1359 1885 Minus
1368 1853 1467 1886 obstat
1477 1862 1544 1894 cap.
1555 1852 1575 1884 a'
1584 1854 1742 1886 collatione
1752 1876 1761 1890 ,
1773 1853 1810 1886 de
1817 1855 1964 1896 appellat.
1974 1856 2026 1890 lib.
2035 1862 2065 1890 6.
2077 1851 2151 1899 quia
2160 1858 2195 1892 In

1207 1897 1260 1928 illa
1269 1897 1402 1929 materia
1412 1918 1421 1934 ‚
1441 1907 1508 1938 quae
1516 1897 1557 1928 est
1568 1897 1675 1929 civilis
1686 1919 1696 1934 ‚
1717 1907 1786 1929 tota
1807 1899 1978 1940 jiii-iidic‘cio
1998 1902 2133 1941 pertinet
2155 1905 2194 1935 ad

1206 1940 1390 1982 Episcopum
1399 1940 1512 1981 absque
1522 1940 1762 1981 participatione
1773 1940 1934 1982 Capituli,
1955 1953 1989 1975 ut
2001 1943 2140 1977 fatentur
2152 1946 2197 1978 ibi

1208 1983 1364 2015 Doctores
1384 1994 1512 2020 omnes,
1532 1984 1584 2015 liic
1597 1984 1672 2015 vero
1693 1984 2049 2027 jurisdiffio-criminalis
2059 1988 2100 2020 est
2112 1999 2198 2021 com-

1206 2028 1310 2059 munis
1320 2027 1475 2068 Episcopo
1486 2050 1496 2063 ,
1515 2030 1547 2059 ὃ(
1557 2026 1728 2068 Capituli),
1747 2028 1942 2070 quitermini
1962 2030 2032 2062 sunt
2043 2031 2138 2073 longe
2149 2033 2197 2064 di-

1207 2070 1284 2103 versi
1295 2093 1305 2106 ,
1325 2081 1358 2102 ut
1369 2070 1534 2102 estditstiirn
1545 2093 1555 2108 ‚
1576 2072 1608 2103 &
1627 2073 1738 2103 eodem
1757 2074 1854 2103 modo
1872 2072 2075 2114 respondetur
2085 2077 2121 2107 ad
2134 2077 2196 2108 alia

1207 2116 1293 2158 jura,
1315 2124 1407 2154 prout
1417 2115 1514 2146 etiam
1533 2114 1735 2155 respondetur
1745 2117 1781 2146 ad
1795 2116 1952 2148 rationem
1962 2116 2050 2149 illam
2062 2120 2100 2150 de
2111 2119 2196 2159 supe÷

1206 2157 1503 2194 rioreiinmediato;
1523 2157 1598 2199 quia
1615 2168 1652 2190 ex
1671 2157 1850 2198 supradiiflzis
1862 2170 1985 2200 apparet
1997 2161 2029 2192 in
2040 2162 2195 2204 hujusmo-

1206 2202 1238 2233 di
1251 2200 1459 2240 iurisdietione
1468 2201 1655 2242 Episcopum
1665 2201 1722 2234 ess'e
1732 2201 1852 2234 socium
1863 2224 1873 2239 ,
1894 2205 1926 2235 &
1937 2206 2089 2245 aequalem
2098 2228 2108 2242 ‚
2128 2216 2194 2238 non

1206 2254 1312 2278 autem
1333 2244 1521 2285 superiorem
1531 2267 1540 2276 .

1248 2287 1378 2330 Qubus
1387 2288 1536 2320 omnibus
1554 2287 1696 2325 accedit,
1716 2290 1801 2329 quod
1820 2288 1883 2320 haec
1903 2288 2058 2322 sententia
2069 2301 2134 2323 non
2145 2303 2196 2331 pa-

1206 2341 1277 2363 rum
1285 2331 1437 2363 convenit
1449 2342 1521 2363 cum
1532 2330 1614 2363 resta
1624 2331 1820 2372 gubernandi
1830 2332 1955 2364 ratione
1967 2345 1976 2362 :
1998 2344 2072 2365 nam
2083 2345 2117 2366 ut
2128 2336 2195 2375 plu-

1206 2375 1322 2406 rimum
1332 2374 1507 2416 jurisdiffio
1517 2374 1693 2416 hujusmodi
1711 2374 1766 2405 soli
1783 2373 1935 2416 Capitulo
1943 2378 2087 2409 concessa
2097 2379 2196 2411 versa-

1207 2428 1258 2450 tur
1268 2418 1355 2450 circa
1365 2428 1401 2449 ea
1409 2439 1418 2453 ,
1430 2428 1497 2458 quae
1508 2417 1542 2449 in
1553 2418 1696 2454 chorm&
1706 2417 1740 2448 in
1750 2416 1901 2458 Capitulo
1911 2419 2003 2457 fiunt3
2013 2430 2082 2461 quae
2094 2422 2143 2454 vel
2153 2423 2198 2454 ob

1207 2461 1344 2503 ipsorum
1355 2461 1514 2493 levitatem
1534 2461 1655 2492 nullam
1675 2461 1915 2502 appellationem
1935 2463 2108 2496 admittunt
2118 2488 2128 2502 ,
2147 2466 2196 2497 vel

1206 2505 1252 2537 ita
1262 2505 1331 2536 sunt
1343 2514 1447 2545 aperta
1456 2526 1465 2539 ,
1477 2513 1510 2535 ut
1519 2502 1672 2544 Capitulo
1683 2503 1749 2545 ipsi,
1759 2507 1843 2545 quod
1855 2505 1888 2536 in
1899 2504 2019 2537 aestibus
2030 2506 2195 2548 Capitulai-

1209 2549 1295 2580 ribus
1304 2548 1418 2588 semper
1431 2547 1471 2579 est
1494 2547 1636 2587 praesens:
1657 2547 1690 2578 in
1711 2547 1849 2579 Ecclesia
1857 2547 1933 2580 vero
1943 2548 2193 2590 frequentissime

1206 2592 1276 2624 sunt
1288 2591 1427 2627 notoria,
1437 2592 1469 2622 ὃς
1480 2590 1542 2621 fine
1553 2591 1734 2631 ambagibus
1746 2591 1936 2631 judiciorum
1947 2593 2045 2624 unico
2055 2604 2196 2626 momen·-

1207 2645 1241 2667 to
1252 2634 1477 2674 expediuntur.
1500 2632 1598 2665 Unde
1618 2633 1639 2664 si
1660 2634 1777 2675 possent
1789 2633 1891 2667 statim
1902 2635 2046 2676 impediri
2057 2637 2197 2679 interpo-

1207 2679 1263 2709 fita
1273 2678 1481 2718 appellatione
1494 2679 1530 2708 ad
1543 2677 1739 2718 Episcopum,
1749 2678 1798 2709 vel
1808 2678 1874 2720 ejus
1894 2678 2056 2712 Vicariurn
2069 2691 2085 2716 ς,
2098 2681 2201 2722 profe—

1207 2720 1258 2753 cto
1271 2720 1484 2752 Ecclesiasiica
1495 2720 1657 2761 disciplina
1673 2720 1842 2761 plurimum
1853 2721 2051 2754 minueretur
2060 2746 2069 2754 .

1249 2764 1300 2795 An
1311 2764 1385 2796 vero
1397 2764 1493 2795 causae
1503 2764 1677 2795 atrociores
1696 2763 1811 2805 possint
1831 2775 1882 2805 per
1901 2765 2003 2798 solum
2013 2766 2199 2808 Capitulum

1206 2807 1368 2848 cognosci,
1378 2807 1453 2848 quia
1464 2816 1564 2847 partes
1576 2807 1661 2847 super
1673 2818 1711 2839 eo
1723 2817 1787 2838 non
1799 2808 2027 2846 instabant,nec
2039 2810 2111 2844 satis
2122 2810 2201 2842 suffia

1207 2852 1328 2883 cienter
1337 2851 1407 2893 jura
1417 2849 1669 2882 suadeduxerant
1681 2872 1690 2887 ,
1702 2850 1818 2891 placuit
1827 2850 1961 2883 Nuncio
1971 2855 2008 2884 ad
2020 2854 2103 2886 aliud
2112 2854 2201 2895 judi«

1207 2895 1294 2925 cium
1306 2893 1454 2924 reservati
1467 2916 1474 2923 .
1497 2893 1579 2925 Illud
1591 2894 1667 2925 vero
1676 2894 1801 2925 videtur
1812 2894 2008 2927 correctione
2020 2919 2029 2933 ,
2052 2899 2084 2928 &
2095 2899 2199 2929 decla-

1207 2937 1332 2968 ratione
1350 2936 1481 2977 dignum
1492 2958 1501 2972 ,
1531 2946 1565 2968 ut
1586 2935 1772 2977 Capitulum
1790 2948 1855 2969 non
1872 2938 1965 2979 possit
1988 2939 2021 2970 in
2042 2939 2198 2980 posterum

1208 2979 1352 3011 censuras
1363 2980 1397 3011 in
1409 2979 1490 3020 ipsos
1500 2978 1573 3019 Epis
1570 2990 1664 3020 copos
1674 3002 1684 3016 ‚
1700 2981 1747 3012 vel
1760 2991 1868 3012 eorum
1877 2982 2049 3022 provisores
2060 2983 2198 3015 occasio·

1207 3033 1247 3055 ne
1259 3022 1483 3064 jurisdictionis
1492 3022 1687 3064 hujusmodi,
1706 3034 1797 3064 prout
1806 3024 1880 3056 alias
1891 3024 1968 3057 fecit
1984 3048 1994 3062 ‚
2016 3025 2197 3062 fulminare,

1206 3077 1246 3099 ne
1257 3066 1311 3107 ipsi
1322 3066 1378 3098 sibi
1390 3066 1422 3097 in
1433 3067 1557 3106 propria
1566 3067 1656 3098 causa
1664 3068 1714 3110 jus
1723 3067 1855 3105 dicant,
1865 3067 1914 3101 sed
1927 3079 1959 3100 ut
1970 3068 2138 3110 superiores
2145 3069 2196 3111 Ju-

1207 3111 1295 3143 dices
1305 3132 1316 3148 ‚
1337 3110 1385 3142 vel
1413 3108 1659 3142 Conservatotes
1670 3112 1803 3143 adeant.

2076 3495 2150 3527 DE
