2397 3664
256 144 350 197 258

595 137 761 203 Prosp.
781 133 1004 202 Fagnan.
1031 134 1085 190 in
1120 135 1343 192 Primum
1366 134 1572 193 Librum
1593 136 1859 195 Decretal.

193 220 368 254 dummodo
382 221 440 252 smt
456 220 515 250 viri
531 217 695 258 Religion,
711 216 742 248 id
754 216 806 253 cst,
819 216 953 253 Clerici,
965 226 997 248 ut
1010 216 1196 258 ibi'cxponir
1235 219 1549 261 Sepnmumfignum‚
1571 219 1698 262 inquit,
1719 218 1811 252 ubim
1820 220 2010 265 dispositione
2018 224 2150 266 dicitu),
2169 230 2229 261 ali.

192 266 322 305 J0.And.
335 262 385 301 sub
393 274 421 294 n.
434 272 461 300 7.
473 262 601 298 ingl.Ee
611 258 662 300 isti
672 283 680 289 .

132 309 168 341 18
232 306 283 348 QJ
295 305 413 338 JAERO
424 327 432 340 ‚
454 304 503 335 An
514 302 772 343 compromissum
785 302 870 343 super
881 301 1036 335 electione
1047 301 1189 336 Romani

193 349 357 384 Pontifici<
367 348 383 378 ii
395 345 620 379 Cardinalibus
632 346 747 376 initum
761 347 793 376 in
805 345 947 386 personas
957 345 1186 379 Ecclesiasticas

201 403 288 425 extra
299 393 419 424 sacrum
427 387 610 427 Collegium
622 388 656 420 sit
669 388 810 420 validum
821 411 831 424 ,
843 395 964 421 necne?

126 446 164 472 19
228 433 431 468 Manifestum
450 430 491 462 est
512 431 605 462 bodie
617 442 682 462 non
695 431 790 463 licere
809 431 838 463 S.
853 431 892 463 R.
905 431 938 463 E.
959 431 1185 466 Cardinalibus

191 479 271 510 hanc
292 474 473 516 potestatem
490 474 629 513 eligendi
643 475 845 507 committere
856 497 865 511 ‚
894 476 950 506 nisi
969 477 1127 517 aliquibus
1147 479 1185 508 de

188 520 359 557 (Tollegio‘⁷
378 517 456 557 quia
475 517 508 549 in
529 517 697 549 noviffima
707 517 934 550 constitutione
943 519 1092 560 Gregorii
1111 520 1181 551 XV.

190 563 309 594 friam*
325 562 433 594 Patris
443 560 545 592 Pilius
555 563 588 592 in
601 563 627 597 §.
641 563 776 593 alatum
796 564 916 600 imque,
938 561 1059 594 disertis
1080 563 1181 595 verbis

186 605 341 640 statuitur,
353 613 387 635 ut
397 602 512 636 elestio
523 614 575 645 per
585 604 847 644 compromissum
858 605 950 637 aliter
963 605 1029 637 fieri
1040 616 1106 637 non
1117 606 1181 646 pos-

185 648 238 684 sit,
250 657 454 688 praeterquatn
466 646 486 678 st
497 657 607 679 omnes
619 670 628 683 ,
658 649 690 679 ὅ(
702 647 814 689 singuli
825 646 1013 680 Cardinales
1023 649 1180 690 aliquibus

184 702 219 722 ex
232 693 414 724 eorumdem
425 689 576 731 collegio
586 691 825 722 committerent
836 691 975 732 eligendi
985 691 1179 732 potestatem.

184 735 256 766 Hoc
269 744 375 766 autem
388 733 434 774 jus
443 733 604 774 publicum
615 734 649 766 in
660 732 800 765 favorem
811 734 952 766 Ecclesiae
965 734 1182 766 introduistum

185 777 227 809 est
237 800 248 814 ,
259 778 312 809 cui
325 776 414 818 patsto
425 777 621 816 privatorum
631 777 808 808 renuntiari
822 788 886 808 nou
895 777 992 818 potest
1001 800 1011 814 ‚
1024 789 1048 809 c.
1059 781 1098 810 Si
1109 777 1182 810 dili-

178 823 264 861 genti
274 819 359 863 infra*
369 818 405 852 dc
411 819 479 862 soro
488 830 608 861 compet.
628 818 697 851 Nec
712 819 788 850 licet
799 819 1025 852 Cardinalibus
1038 822 1083 863 jus
1095 820 1181 862 Papae

182 874 351 905 immutare
361 886 370 900 ‚
381 875 406 895 c.
419 863 546 896 Inferior
557 876 573 895 2
584 874 608 894 t.
617 860 686 902 dist.
708 863 787 894 &in
797 863 955 903 proposito
975 873 1064 896 notat
1077 863 1176 896 Com·

179 907 289 949 post.i71
300 919 323 940 c.
337 884 467 940 Licbcdi’
478 906 611 939 ¹vitanda
617 903 672 946 sub
681 916 710 937 n.
723 909 751 937 6.
762 905 842 945 vers.
854 906 916 938 Sed
926 906 1068 945 numquid
1077 907 1172 940 Card.

172 950 241 991 sup.
252 950 313 982 eod.
326 953 358 982 ὃ(
370 949 412 982 est
422 948 596 991 expressum
617 959 651 979 in
662 948 765 981 Clem.
787 950 842 980 Ne
853 952 982 981 Romam·
994 954 1028 982 in
1038 953 1135 992 princ.
1144 950 1182 983 a'e

179 994 261 1025 cleffl.
273 994 326 1026 ubi
338 994 521 1033 reprobatur
532 991 644 1033 opinio
657 1013 668 1028 ‚
685 1002 753 1033 qux
765 992 920 1024 astruebat
942 1003 1063 1025 coetum
1071 993 1183 1027 Cardi-

180 1037 303 1068 nalium
313 1036 391 1068 Sede
403 1045 535 1067 vacante
546 1034 630 1075 posse
649 1035 847 1072 modificare,
863 1037 1025 1076 corrigere
1038 1060 1047 1073 ,
1066 1038 1115 1069 vel
1125 1037 1185 1070 im-

175 1089 298 1110 mutare
309 1080 519 1113 decretalem,
533 1077 593 1112 Ubi
605 1079 770 1119 periculum
784 1081 846 1110 eod.
857 1082 908 1110 tit.
920 1078 974 1111 sil».
987 1085 1015 1111 6.
1035 1080 1124 1113 Idem
1134 1091 1185 1122 pa-

178 1131 223 1153 tet
236 1122 268 1153 in
279 1123 335 1153 hac
348 1121 409 1162 ipsa
419 1121 650 1153 constitutione
666 1122 815 1162 Gregorii
827 1125 858 1153 in
896 1125 922 1160 §.
944 1122 1108 1163 pestremo,
1129 1125 1184 1157 ubi

178 1165 339 1196 inhibetur
350 1164 426 1196 SR.
440 1165 474 1196 E.
485 1163 685 1197 Cardinalib.
696 1166 729 1198 &
742 1171 852 1197 eorum
864 1166 951 1197 sacro
959 1166 1111 1208 Collegio
1121 1190 1130 1204 ,
1143 1179 1181 1200 ne

176 1206 320 1240 adversus
329 1219 399 1240 eam
410 1208 528 1255 aliquigl
542 1208 684 1244 statuere,
695 1208 859 1249 disponere
868 1231 878 1246 ,
891 1209 937 1241 vel
948 1210 1097 1242 ordinare
1108 1233 1118 1247 ‚
1131 1211 1182 1243 seu

174 1251 209 1283 in
221 1250 330 1293 aliquo
340 1251 499 1293 corrigere
510 1273 520 1289 ,
533 1253 676 1288 alterare,
687 1261 810 1284 mutare
823 1275 833 1289 ‚
842 1252 893 1284 seu
906 1253 1014 1295 aliquo
1025 1256 1122 1286 modo
1133 1254 1182 1286 sa—

172 1305 245 1327 cere
256 1317 266 1331 ,
276 1293 409 1327 tractare
418 1317 428 1332 ,
442 1295 572 1331 moliri,
584 1296 630 1327 vel
644 1304 802 1327 attentare
815 1296 943 1336 praesum
953 1305 1008 1329 ant
1019 1318 1028 1328 .

218 1336 338 1370 Verum
349 1338 478 1380 quaestio
499 1342 670 1371 admodum
690 1339 825 1379 implexa
845 1339 971 1371 videtur
981 1360 991 1377 ,
1014 1351 1054 1373 an
1075 1339 1119 1373 ita
1138 1351 1176 1373 ex

174 1381 278 1413 forma
290 1382 447 1414 sancitum
459 1382 512 1419 sit,
533 1393 567 1414 ut
587 1382 847 1422 compromissum
865 1383 932 1415 fieri
949 1383 1061 1416 debeat
1075 1383 1107 1415 in
1118 1386 1177 1416 ali-

173 1435 253 1465 quos
264 1426 302 1457 de
312 1423 465 1467 Collegio
475 1448 484 1461 ,
505 1435 539 1458 ut
552 1425 572 1456 si
586 1426 639 1458 fiat
651 1425 684 1457 in
695 1435 861 1458 extraneos
871 1447 881 1463 ‚
903 1426 1017 1459 electio
1029 1427 1119 1459 irrita
1130 1428 1176 1460 sit.

178 1468 218 1499 Et
230 1468 374 1509 quamvis
384 1468 513 1509 quaestio
523 1469 668 1501 videatur
680 1469 756 1501 solvi
770 1471 854 1511 posse
874 1480 912 1502 ex
935 1470 1080 1502 inferiori
1092 1481 1178 1511 parte

176 1511 418 1545 constitutionis
427 1514 460 1544 in
476 1514 501 1550 §.
517 1511 754 1556 Qubdfieleffio
763 1535 774 1549 ‚
785 1513 838 1544 ubi
849 1513 1069 1554 perstringitur
1079 1513 1182 1546 forma

176 1554 342 1588 eleffionis
353 1565 428 1588 cum
437 1557 569 1589 decreto
580 1556 721 1588 irritanti
732 1579 742 1593 ,
765 1558 797 1588 δ(
810 1556 844 1588 in
853 1556 954 1588 forma
964 1557 1179 1598 compromiffi

177 1608 244 1629 non
255 1607 440 1639 repetuntur
452 1601 546 1632 verba
555 1600 609 1631 illa
619 1621 629 1635 ‚
649 1597 800 1638 aliquibus
818 1611 857 1631 ex
869 1599 1035 1632 eorumdem
1048 1602 1182 1640 Collegio

128 1670 131 1676 ,
173 1651 282 1673 tamen
298 1642 423 1674 videtur
435 1642 534 1675 adhuc
546 1642 679 1678 obstare,
689 1642 773 1683 quod
785 1645 818 1674 in
831 1642 893 1681 d.§.
904 1646 1045 1676 Matura
1054 1647 1161 1682 itaque
1171 1667 1178 1675 .

109 1694 153 1718 20
170 1684 373 1718 constitutio
385 1696 450 1718 non
467 1686 648 1727 simpliciter
659 1686 804 1726 prohibet
815 1687 884 1718 fieri
902 1686 1107 1724 elerstionem,
1129 1687 1178 1719 sed

174 1728 331 1765 decernit,
343 1738 377 1760 ut
389 1729 504 1761 elefflo
515 1739 567 1770 per
579 1729 836 1770 compromissum
847 1729 940 1762 aliter
956 1731 1023 1763 fieri
1036 1742 1103 1763 non
1115 1731 1180 1772 pos—

172 1772 208 1803 sit
220 1794 229 1808 ,
250 1774 312 1804 &c.
324 1771 481 1814 Qiotiesc
487 1783 602 1814 umque
614 1782 722 1805 autem
735 1773 783 1804 lex
804 1784 870 1805 non
891 1772 992 1805 solum
1013 1774 1157 1815 prohibet
1168 1798 1178 1812 ,

174 1815 222 1847 sed
234 1815 333 1847 etiam
344 1816 457 1849 adimit
469 1816 645 1858 potentiam
657 1838 668 1853 ,
689 1818 722 1849 &
743 1816 929 1849 facultatem
939 1839 948 1853 ‚
970 1816 1055 1849 achis
1066 1828 1181 1851 contra

170 1859 272 1899 legem
283 1860 459 1893 celebratus
470 1860 511 1892 est
525 1859 588 1902 ipso
599 1860 666 1901 jure
676 1860 915 1896 nullus,Bartol.
926 1863 958 1891 in
969 1857 1045 1903 [fin.
1057 1872 1135 1893 num.
1148 1871 1178 1899 7.

109 1910 148 1934 21
169 1900 205 1944 ff.
215 1901 253 1933 cle
269 1900 329 1944 fir.
351 1903 492 1936 Verbum
513 1913 617 1935 autem
628 1924 638 1940 ,
660 1902 769 1945 potest,
791 1906 985 1944 pracedente
1006 1905 1178 1945 negatione

177 1945 334 1986 praecisam
354 1947 572 1979 necessitatem
585 1947 756 1988 importat,
777 1949 809 1978 &
829 1947 929 1987 privat
948 1948 1093 1989 potentia
1104 1971 1112 1984 ‚
1134 1951 1176 1988 gl.

174 1989 279 2020 ordin.
291 1991 322 2020 in
334 1998 401 2030 cap.
414 1988 598 2032 Beneficium
608 1992 641 2021 in
653 2001 718 2022 ver.
731 1991 805 2021 Non
816 1989 909 2031 potest
919 1990 955 2022 de
964 2002 1028 2030 reg.
1037 1990 1094 2030 jur.
1106 1989 1178 2024 libr.

172 2039 203 2063 (ν.
212 2042 308 2073 quam
319 2032 403 2065 Bart.
415 2035 446 2066 &
458 2044 568 2066 omnes
579 2033 750 2074 sequuntur
760 2037 793 2065 in
803 2035 823 2065 l.
835 2035 946 2066 Gallus
957 2057 966 2071 ‚
983 2033 1018 2077 ff.
1030 2036 1080 2067 De
1090 2033 1177 2067 liber.

173 2076 210 2108 (9*
220 2073 362 2116 posthum.
374 2086 408 2109 ut
418 2076 548 2109 testatur
559 2076 604 2108 ibi
615 2077 672 2118 Jas.
693 2088 772 2108 num.
786 2088 833 2114 19.
847 2078 884 2110 Θ
894 2088 946 2118 23.
967 2080 999 2110 ἃ
1012 2078 1052 2110 fic
1075 2080 1180 2110 reddit

172 2118 275 2151 actum
286 2119 411 2152 irritum
422 2143 432 2158 ,
451 2122 484 2153 δ(
498 2122 536 2152 de
550 2120 615 2162 jure
629 2120 848 2161 impossibilem
859 2143 869 2157 ‚
882 2121 967 2152 Bald.
978 2123 1043 2154 inl.
1057 2127 1177 2154 1.77.62.

170 2162 244 2195 Cod.
256 2163 321 2207 Qi
332 2162 482 2201 admitti,
502 2166 535 2195 ὃ(
548 2162 611 2204 post
625 2164 707 2196 Part.
719 2165 751 2195 in
761 2165 782 2195 l.
798 2162 865 2204 Lff.
876 2165 925 2196 De
934 2164 1035 2206 iniust.
1046 2174 1126 2206 rupt.
1136 2175 1178 2197 te-

165 2206 296 2247 stamen.
309 2217 400 2238 notat
413 2208 469 2248 Jas.
482 2209 515 2238 in
526 2208 547 2238 l.
559 2207 633 2238 Non
647 2205 766 2239 dubium
777 2217 857 2238 num.
868 2212 918 2239 60.
929 2208 1004 2240 Cod.
1017 2209 1065 2240 De
1083 2208 1171 2247 legib.

174 2251 279 2290 Atque
291 2250 337 2281 ita
348 2250 432 2282 idem
444 2251 593 2291 importat
605 2250 723 2290 aliquid
737 2251 795 2282 effe
808 2250 995 2291 impossibile
1006 2274 1016 2288 ‚
1035 2253 1083 2282 vel
1103 2253 1171 2284 fieri

177 2304 244 2324 non
255 2293 337 2334 posse
349 2304 357 2330 3
379 2294 437 2325 nisi
447 2295 533 2334 quod
545 2294 732 2335 impoffibile
744 2294 869 2325 videtur
878 2305 984 2334 parum
995 2293 1110 2326 Latine
1122 2296 1170 2327 di-

175 2337 223 2368 cit
234 2359 244 2373 ,
268 2335 343 2368 licet
354 2337 509 2380 ejusmodi
528 2338 658 2369 verbum
679 2348 745 2369 non
764 2336 947 2369 reformidet
961 2360 970 2374 ‚
988 2337 1171 2377 Qtintilia-

176 2391 237 2412 nus
247 2380 300 2411 lib.
315 2389 343 2418 5.
355 2379 452 2422 instit.
465 2389 575 2412 orator.
587 2390 653 2421 cap.
670 2391 716 2412 ιο.
739 2391 796 2412 nec
808 2380 1048 2422 Jurisconsultus
1059 2403 1070 2418 ‚
1091 2391 1125 2413 ut
1136 2382 1170 2413 in

175 2424 196 2455 l.
208 2421 414 2464 lmpoffibilis‚
426 2421 465 2466 ff.
477 2426 527 2456 De
537 2422 654 2456 verbor.
666 2423 788 2462 obligat.
801 2425 864 2455 inl.
879 2424 1103 2466 lmpoffibilium
1113 2447 1123 2461 ‚
1137 2424 1171 2467 ffi

168 2468 218 2499 De
227 2478 288 2506 reg.
298 2465 356 2505 jur.
377 2469 409 2500 &
421 2467 528 2508 passim
539 2466 633 2499 alibi.
656 2467 744 2499 Hinc
755 2466 831 2499 cunr
840 2467 919 2498 olim
939 2467 1119 2499 dubitatum
1130 2469 1174 2500 es—

108 2522 123 2543 2
132 2521 146 2542 2.
169 2511 259 2542 setin
270 2510 340 2542 Sac.
350 2510 616 2552 Congregatione
626 2510 772 2543 Concilii
782 2533 792 2547 ‚
814 2522 854 2542 an
864 2520 928 2551 cap.
938 2509 1040 2552 6.seff.
1053 2523 1069 2543 2
1078 2521 1105 2551 3.
1125 2512 1177 2542 di-

173 2554 304 2594 sponens
324 2555 488 2586 neminem
501 2564 573 2586 ante
583 2554 745 2586 decimum
755 2564 905 2595 quartum
924 2564 1043 2585 annum
1063 2554 1178 2587 benefi-

172 2597 258 2628 cium
268 2597 413 2630 obtinere
423 2600 504 2639 polse
515 2619 524 2634 ‚
535 2598 780 2638 comprehendat
790 2608 862 2629 eum
872 2619 882 2634 ,
892 2597 946 2638 qui
961 2607 1047 2629 anno
1056 2599 1174 2630 duode-

172 2640 258 2671 cimo
270 2641 369 2673 aetatis
381 2642 570 2673 beneficium
581 2641 724 2672 obtinuit
736 2662 746 2677 ,
767 2642 800 2672 ὃς
821 2651 906 2672 nunc
926 2640 1054 2672 effeCius
1073 2641 1115 2674 est
1134 2653 1172 2673 a:—

173 2683 248 2717 tatis
258 2694 416 2716 annorum
429 2685 673 2726 quatuordecim
686 2695 697 2720 ,·
710 2683 827 2716 adeout
838 2694 925 2715 nunc
938 2694 1004 2715 non
1015 2684 1051 2716 sit
1064 2685 1171 2725 legiti-

173 2735 241 2756 mus
254 2726 332 2766 poss'e
338 2727 396 2760 [sor
415 2749 426 2764 ,
458 2730 490 2760 ὃς
511 2727 628 2759 fruetus
648 2729 716 2759 suos
727 2737 793 2759 non
813 2726 925 2759 fecerit
936 2749 946 2764 ,
966 2727 1065 2760 Sacra
1083 2727 1172 2760 Con-

171 2769 316 2808 gregatio
333 2770 444 2804 innixa
464 2771 616 2804 doetrinae
633 2770 689 2812 Jas.
700 2773 733 2802 in
750 2769 780 2802 d.
791 2772 812 2802 l.
824 2772 936 2802 Gallus
953 2782 1032 2802 num.
1048 2781 1095 2810 17.
1117 2771 1171 2803 ubi

171 2809 256 2851 quod
269 2812 351 2844 astus
363 2815 503 2846 redditur
514 2815 618 2846 nullus
630 2813 693 2854 ipso
707 2815 774 2856 jure
784 2836 795 2851 ‚
816 2812 889 2846 cum
901 2814 978 2855 quid
988 2814 1171 2854 prohibetur

170 2864 245 2885 curn
256 2856 349 2887 verbo
358 2879 368 2893 ,
380 2869 435 2889 non
445 2858 527 2900 Poffit
536 2879 546 2895 ,
568 2857 690 2890 censuit
701 2857 910 2889 collationem
921 2867 994 2889 ante
1005 2858 1166 2890 decimum

170 2906 320 2938 quartum
329 2909 447 2932 annum
460 2900 549 2933 fuisse
570 2901 692 2933 nullam
701 2923 712 2938 ,
732 2902 765 2933 &
777 2899 936 2941 provisum
957 2900 1076 2933 fructus
1097 2902 1165 2933 suos

170 2939 351 2987 nonfacere
363 2965 370 2972 .
392 2941 609 2984 Qtamobrem
620 2944 675 2977 etsi
687 2943 722 2976 in
732 2943 896 2984 posteriori
905 2954 990 2984 parte
1012 2944 1164 2977 constitu-

170 2985 268 3014 tionis
289 2985 375 3015 nulla
385 2986 437 3016 fiat
452 2988 575 3019 mentio
592 2990 630 3020 de
650 2987 873 3028 compromiffo
893 2987 1033 3019 ineundo
1053 2987 1087 3020 in
1107 2988 1164 3020 ali-

168 3037 248 3067 quos
261 3028 298 3058 de
310 3027 396 3059 sacro
406 3027 554 3069 Collegio
566 3042 577 3066 ‚·
589 3041 695 3063 tamen
708 3031 832 3063 videtur
846 3029 982 3062 sufficere
993 3053 1002 3067 ,
1014 3040 1048 3062 ιιι
1060 3031 1161 3073 liujus-

171 3069 258 3100 modi
269 3071 394 3102 mentio
404 3070 484 3102 faeta
494 3072 589 3105 fuerit
601 3075 634 3105 in
645 3074 742 3114 priori
755 3085 840 3115 parte
852 3084 903 3115 per
915 3075 1009 3106 verba
1020 3074 1161 3107 adimen-

170 3123 215 3144 tra
225 3112 412 3146 electoribus
421 3115 599 3154 potestatem
610 3118 702 3149 aliter
711 3118 870 3156 eligendi,
891 3116 966 3149 cum
984 3117 1111 3158 perinde
1125 3117 1160 3150 stt

171 3158 300 3191 reddere
312 3156 460 3189 electores
474 3159 660 3197 imporentes
671 3163 708 3192 ad
720 3162 904 3201 eligendum
914 3183 924 3197 ‚
947 3172 981 3192 ac
991 3163 1160 3194 decernere

169 3200 357 3232 electionem
370 3201 462 3232 aliter
475 3199 587 3232 factam
598 3212 661 3233 non
675 3205 787 3240 valere,
799 3214 833 3236 ut
843 3215 878 3236 ex
891 3203 985 3236 dictis
995 3205 1163 3241 constan&

168 3253 203 3273 ex
213 3244 343 3275 decreto
353 3243 497 3276 Concilii
508 3242 692 3277 Tridentini
703 3249 734 3277 in
745 3259 769 3278 c.
785 3258 810 3279 1.
819 3246 883 3288 [eff.
897 3259 947 3288 24.
959 3246 996 3280 de
1004 3249 1162 3290 reforma·

169 3295 254 3316 mm.
275 3289 359 3327 quod
371 3289 447 3319 dum
457 3287 546 3319 irrita
557 3288 698 3319 decernit
718 3291 925 3322 matrimonia
944 3291 1159 3328 clandestina3

171 3339 223 3359 cos
234 3329 288 3368 qui
299 3329 353 3361 illa
363 3329 548 3363 contrahere
560 3331 773 3367 attentabunt,
793 3333 944 3366 inhabiles
955 3335 1057 3367 reddit
1069 3336 1105 3366 ad
1118 3334 1158 3366 fic

168 3372 419 3404 contrahendum
433 3399 439 3404 .
466 3372 650 3414 Utrumque
661 3374 747 3405 enim
759 3376 908 3416 loquendi
920 3387 1018 3417 genus
1032 3378 1156 3410 inducit

169 3414 303 3445 formam
317 3424 327 3450 ;
338 3420 420 3455 quod
434 3416 537 3456 aperte
549 3416 639 3448 sensit
651 3417 698 3448 Fel
705 3417 746 3448 in.
758 3420 789 3448 in
799 3429 822 3449 r.
834 3418 912 3450 Ciam
920 3421 1033 3453 dilet‘la
1042 3425 1155 3453 num.6.

103 3467 141 3499 23
159 3457 252 3497 Αίὶψνιέ
262 3457 298 3488 de
305 3458 394 3498 refer.
416 3460 468 3491 ubi
479 3470 666 3492 enumerans
676 3462 784 3492 decem
798 3461 881 3502 ligna
891 3484 900 3498 ‚
921 3474 988 3503 qua:
1011 3464 1155 3496 indicant

170 3501 304 3532 sorinam
317 3501 476 3533 induciam
488 3502 545 3534 esl‘e
556 3526 564 3539 ,
585 3503 735 3544 quintum
753 3504 873 3544 signum
885 3506 985 3537 all'erit
995 3507 1057 3539 esse
1070 3530 1079 3544 ‚
1101 3508 1154 3539 ubi

101 3555 145 3584 24
164 3543 205 3576 est
218 3544 388 3586 appositum
398 3547 561 3579 decretum
572 3547 699 3579 irritans
709 3569 720 3583 ‚
731 3557 765 3579 ac
777 3547 890 3580 deinde
902 3548 996 3589 paulo
1007 3549 1154 3588 inferius,·

1234 270 1281 293 ter
1290 260 1361 301 fieri
1369 273 1427 294 non
1437 261 1528 304 possse
1537 284 1548 299 ,
1557 262 1603 295 ibi
1612 263 1654 304 est
1663 263 1740 296 data
1746 263 1849 304 forma
1861 287 1871 302 ,
1891 263 1929 299 ῥ’
1938 268 1966 298 σι’
1983 273 2156 303 renuntiari
2169 283 2228 304 mm

1233 303 1370 346 pinellt&
1386 306 1486 338 Felini
1496 305 1677 339 doCtrinarn
1688 307 1827 349 sequitur
1838 307 1917 341 Dec.
1928 309 2078 351 conſs528.
2087 324 2166 346 num.
2182 324 2230 350 ιι.

1230 350 1261 379 &
1273 348 1475 381 Albcr.Brun.
1485 351 1519 382 in
1528 350 1618 383 tral'b.
1628 348 1836 394 deformafol.
1850 362 1899 393 33.
1910 353 1964 385 cot.
1979 363 2005 386 1.
2015 365 2072 386 ver
2087 357 2144 389 ‚Et
2152 357 2229 396 quod

1226 392 1279 422 lea·
1291 391 1500 431 prohibitiva,
1521 393 1624 428 &fuit
1635 394 1792 427 sententia
1801 395 1918 427 Bartol.
1930 397 1964 427 in
1972 389 2049 433 l.De
2078 399 2224 441 isnum.4.

1222 431 1258 476 ff.
1271 436 1321 466 De
1330 434 1476 476 transac‘l.
1487 432 1525 468 ῥ’
1533 438 1567 468 in
1576 434 1655 478 l.fin.
1665 448 1713 468 nu.
1723 449 1754 479 4.
1762 441 1799 471 C.
1812 440 1862 470 De
1871 437 1998 471 vencien.
2009 438 2068 472 reb.
2079 443 2224 480 civitdib.

1230 487 1276 509 11.
1289 476 1419 520 Qubus
1429 480 1511 511 addo
1521 477 1614 512 Paris.
1633 480 1710 520 cons.
1725 490 1772 516 ιι).
1783 493 1862 514 num.
1875 494 1926 514 20.
1935 481 1989 515 lib.
2011 494 2041 515 2.
2061 483 2117 516 ubi
2136 480 2220 518 dicit

1224 521 1287 568 ha'c
1302 523 1395 553 verba
1404 545 1415 558 ,
1434 533 1490 553 non
1500 524 1595 556 aliter
1605 522 1682 565 fieri
1699 522 1791 567 possit
1799 546 1810 561 ,
1832 525 1981 558 inducere
1998 527 2163 560 decretum
2182 528 2226 561 ir-

1223 573 1324 596 ritans
1334 575 1344 594 :
1354 567 1387 597 &
1398 565 1580 599 Loffredum
1586 566 1664 607 confi
1677 575 1726 608 30.
1737 569 1799 599 inci
1801 570 1850 608 pit
1859 591 1870 606 ‚
1888 571 1941 602 Sit
1951 568 2072 602 dubium
2081 580 2160 603 num.
2173 582 2223 605 20.

1223 598 1373 640 Praeterea
1392 610 1595 650 ponderanda
1613 610 1654 641 est
1673 610 1828 650 particula
1836 632 1848 648 ,
1867 611 1901 656 fi
1909 634 1919 649 ,
1939 612 1976 645 in
1990 612 2219 648 constitutione
2239 626 2255 648 2
2262 622 2279 656 5

1223 651 1360 691 apposita
1370 675 1380 689 ,
1400 652 1466 689 ibi,
1485 654 1686 685 Decernimus
1695 653 1868 686 clemonem
1876 655 1971 688 aliter
1974 655 2051 698 fieri
2061 667 2118 688 non
2126 655 2203 698 poffe
2213 679 2224 694 ,

1224 702 1419 734 preterquam
1425 695 1457 738 si
1466 705 1565 728 omnes
1575 718 1586 733 ‚
1602 694 1760 739 &fittguli
1770 697 1958 730 cardinales
1968 698 2118 738 aliquibus
2129 711 2170 732 ex
2178 711 2225 732 eo-

1224 736 1360 769 rumdem
1369 739 1523 777 collegio,
1555 737 1619 772 &aa
1631 739 1694 771 lloec
1703 739 1792 772 enim
1811 741 1969 781 particula
1986 752 2024 775 ex
2041 743 2088 775 sui
2107 753 2222 776 natura

1225 781 1449 813 conditionem
1461 781 1646 822 important,
1659 783 1679 814 l.
1693 781 1914 828 Qodcumque,
1927 787 1955 821 ᾗ.
1965 785 2022 817 ult.
2057 787 2125 820 .Da
2133 785 2218 819 verb.

1220 822 1344 862 obligat.
1357 825 1496 864 gl.1nl.2.
1506 827 1540 857 in
1549 837 1615 857 ver.
1627 828 1790 863 conditio,
1805 824 1848 868 ff·
1860 827 1910 859 De
1918 825 2001 859 cond.
2058 827 2217 871 demonstr.

1215 866 1372 899 Conditio
1381 867 1458 899 veto
1470 866 1604 900 formam
1616 869 1846 901 substantialem
1857 869 2004 906 inducit,
2013 880 2049 903 ut
2059 882 2113 912 per
2124 871 2221 906 felin.
2243 878 2283 906 26

1224 913 1257 942 in
1272 909 1299 941 d.
1306 908 1414 943 c.Ci1m
1426 909 1602 951 dilemsab
1612 923 1693 944 num.
1703 916 1732 944 6.
1745 911 1826 953 vers.
1837 911 2007 945 Secundum
2020 914 2140 957 fignum
2150 938 2159 946 .
2178 917 2222 948 At

1222 954 1423 986 manifestum
1435 953 1476 986 est
1489 954 1572 993 gesta
1591 965 1707 988 contra
1727 954 1863 988 formam
1872 955 1936 989 esse
1946 956 2014 998 ipso
2022 957 2091 999 J'ure
2109 957 2199 990 nulla
2207 981 2217 995 ,

1226 1007 1260 1028 ιιι
1272 997 1313 1030 est
1324 1006 1428 1030 textus
1437 1000 1471 1030 in
1479 986 1509 1029 ἆ.
1520 997 1628 1031 τ.ζ”ι“ιηι
1638 998 1751 1031 άίίεὲἶιι
1760 1001 1794 1030 in
1804 1010 1829 1031 c.
1840 997 2032 1032 Venerabilis
2041 999 2078 1031 de
2086 1000 2162 1042 offic.
2174 1000 2224 1033 de·-

1226 1041 1281 1079 leg.
1293 1039 1384 1082 plene
1395 1041 1488 1074 Cald.
1498 1042 1531 1072 in
1543 1040 1654 1083 disput.
1664 1045 1757 1084 incip.
1768 1045 1893 1075 Statum
1905 1045 2053 1076 civitatis
2063 1065 2073 1081 ,
2093 1044 2223 1076 Archid.

1226 1086 1258 1115 in
1268 1096 1292 1115 e.
1301 1086 1340 1116 Si
1350 1087 1398 1117 cui
1407 1083 1510 1126 infine
1519 1084 1556 1115 de
1565 1086 1647 1117 elea.
1660 1084 1713 1119 lib.
1725 1092 1756 1118 6.

1268 1128 1327 1160 Sed
1341 1127 1375 1159 in
1386 1128 1561 1169 opposltum
1573 1127 1649 1160 facit
1659 1152 1668 1166 ,
1687 1129 1763 1170 quia
1778 1130 1816 1161 de
1836 1129 1904 1172 jure
1922 1129 2089 1162 communi
2108 1130 2142 1162 in
2157 1131 2219 1164 ele*-
2241 1140 2284 1171 27

1224 1168 1330 1203 stione
1340 1170 1480 1203 Romani
1493 1170 1657 1204 pontificis
1667 1174 1755 1205 nulla
1766 1172 1868 1205 forma
1877 1173 2045 1214 prescripta
2053 1183 2132 1206 erate
2145 1184 2220 1206 narn

1224 1214 1341 1245 cumin
1353 1226 1389 1246 ea
1401 1225 1466 1246 non
1478 1213 1607 1247 sufficiat
1619 1227 1721 1259 major
1731 1226 1800 1257 pars
1810 1214 1953 1257 Collegii
1963 1238 1974 1254 ‚
1994 1226 2029 1248 ut
2039 1217 2074 1248 in
2093 1215 2222 1249 creaio-

1222 1257 1315 1288 nibus
1329 1257 1518 1290 inferiorum
1528 1280 1537 1294 ‚
1550 1259 1597 1291 sed
1612 1259 1721 1292 saltem
1729 1261 1797 1291 duae
1806 1269 1845 1290 ex
1855 1259 1955 1292 tribus
1964 1258 2104 1301 p'artibus
2114 1261 2221 1302 requi-

1221 1309 1331 1332 rantur
1341 1323 1352 1338 ,
1372 1303 1405 1334 δε
1418 1299 1701 1334 indifficultatibus
1713 1302 1949 1343 emergentibus
1958 1303 2063 1335 nullus
2081 1303 2117 1335 sit
2137 1303 2223 1345 supe-

1220 1343 1285 1374 rior
1295 1366 1305 1380 ,
1317 1346 1353 1376 ad
1364 1355 1458 1386 quem
1468 1343 1560 1385 poffit
1570 1345 1678 1378 haberi
1690 1344 1830 1378 recursus
1843 1357 1850 1377 :
1863 1346 1983 1388 aliquid
1996 1346 2127 1388 speciale
2136 1347 2171 1378 in
2180 1357 2218 1379 ea

1219 1387 1479 1420 constituendum
1489 1386 1563 1431 fuit,
1573 1398 1608 1421 ut
1620 1390 1736 1431 legitur
1747 1389 1781 1422 in
1791 1390 1955 1427 decretali,
1964 1389 2054 1422 Licet
2064 1391 2101 1421 de
2110 1391 2218 1422 vitan-

1218 1428 1348 1472 dasupr.
1360 1430 1420 1463 eod.
1433 1433 1465 1463 &
1477 1433 1629 1473 praecipue
1652 1443 1686 1465 ut
1697 1432 1810 1465 eletfltio
1829 1432 1935 1465 valida
1951 1433 2028 1466 esset
2039 1434 2218 1474 quomodo-

1223 1483 1358 1515 cumque
1369 1477 1436 1506 duae
1447 1483 1547 1515 partes
1557 1475 1689 1508 Cardin.
1698 1475 1916 1508 consentirent
1927 1476 1960 1508 in
1972 1476 2122 1517 aliquem,
2132 1485 2168 1508 ut
2179 1475 2215 1508 in

1222 1515 1371 1592 εΙεΠίξιιηις
1383 1527 1475 1558 prout
1488 1516 1532 1550 ibi
1543 1528 1636 1551 notat
1646 1519 1867 1556 Innocentius,
1878 1519 2053 1560 Gregorius
2063 1517 2138 1550 vero
2147 1528 2220 1560 gra-

1223 1559 1256 1591 vi
1285 1571 1291 1591 1
1304 1561 1356 1592 nis
1366 1561 1464 1593 causis
1473 1572 1581 1596 motus
1594 1562 1628 1594 in
1639 1561 1795 1596 eleffione
1803 1561 1900 1595 Rom.
1919 1562 2013 1594 Pont.
2033 1572 2136 1594 certas
2156 1561 2219 1594 for—

1221 1612 1288 1634 mas
1299 1604 1477 1646 praescripsit
1488 1605 1540 1639 sua
1549 1605 1790 1638 Constitutione
1800 1617 1810 1635 .·
1820 1616 1886 1638 non
1894 1615 2002 1638 tamen
2012 1605 2122 1637 onmia
2131 1627 2141 1642 ‚
2152 1616 2215 1647 que¹

1223 1646 1267 1678 ibi
1278 1648 1424 1688 praecepit
1435 1670 1445 1685 ‚
1465 1659 1517 1682 aut
1533 1649 1694 1692 prohibuit
1707 1672 1717 1686 ,
1738 1651 1774 1681 ad
1795 1649 1999 1682 substantiam
2017 1650 2051 1681 δι
2069 1649 2215 1681 validita-

1220 1699 1284 1721 tem
1293 1690 1457 1724 eleffionis
1467 1693 1573 1725 voluit
1585 1693 1740 1734 pertinere
1753 1715 1763 1730 ,
1773 1704 1813 1724 ne
1822 1692 1967 1734 alioquin
1977 1702 2025 1724 res
2035 1692 2118 1725 tanti
2128 1702 2207 1733 pon·
2227 1694 2269 1726 2⁴8

1219 1734 1302 1765 deris
1314 1734 1407 1775 usque
1418 1735 1744 1769 adeodifficultatibus
1755 1736 1972 1769 involveretur
1980 1745 2034 1772 ,ut
2044 1735 2216 1777 aliquando

1218 1786 1389 1816 gravamen
1401 1780 1467 1819 pati
1477 1780 1576 1821 posset
1586 1778 1726 1812 Ecclesia
1737 1779 1919 1815 scissuram3
1938 1789 2035 1820 quam
2052 1779 2216 1811 rationem

1219 1820 1397 1853 considerat
1409 1831 1518 1855 textus.
1526 1823 1560 1855 in
1572 1821 1601 1854 d.
1612 1834 1639 1855 c.
1650 1824 1691 1855 Li
1695 1822 1741 1854 ce³t
1750 1821 1788 1854 de
1797 1820 1932 1854 vitanda
1940 1826 1973 1854 in
1983 1824 2078 1862 princ.
2099 1821 2139 1853 Et
2149 1831 2219 1863 pro-

1221 1863 1326 1904 pterea
1336 1875 1405 1904 quae
1414 1865 1549 1898 sancivit
1560 1866 1656 1898 initio
1665 1864 1916 1898 Constitutionis
1928 1865 1960 1896 in
1974 1867 2143 1902 §.Matura
2153 1867 2217 1897 ita-

1222 1917 1275 1944 que
1285 1930 1294 1943 ,
1314 1908 1416 1940 voluit
1426 1910 1555 1950 quidem
1565 1912 1581 1941 a
1592 1908 1755 1942 Cardinal.
1766 1907 1873 1940 exacte
1891 1908 2051 1939 observari
2064 1919 2073 1944 3
2093 1918 2159 1939 non
2171 1917 2217 1942 ta·

1218 1961 1295 1982 men
1308 1950 1354 1982 ita
1365 1973 1374 1987 ‚
1385 1962 1419 1983 ut
1431 1953 1559 1984 illorum
1569 1953 1695 1985 omissio
1706 1952 1850 1984 inficeret
1863 1951 2073 1983 electionem:
2093 1951 2143 1982 sed
2151 1950 2213 1982 for-

1221 2004 1305 2025 mam
1316 1994 1550 2027 substantialem
1561 1996 1668 2036 paucis
1679 1995 1858 2035 perstrinxit
1868 1996 1901 2025 in
1914 1997 1940 2031 ξ.
1950 1994 2074 2037 Quodsi
2091 1994 2196 2026 elefbio
2206 2016 2217 2031 ,

1220 2038 1253 2068 ὅ(
1266 2036 1311 2068 ibi
1322 2038 1461 2078 apposuit
1469 2041 1633 2070 decretum
1646 2038 1774 2070 irritans
1778 2048 1789 2074 ‚-
1800 2039 1886 2079 quod
1898 2035 2003 2078 aperte
2016 2037 2138 2070 indicat
2146 2038 2214 2082 ejus

1222 2080 1418 2113 intentionis
1432 2093 1497 2114 non
1510 2082 1616 2118 fuisse,
1626 2091 1661 2113 ut
1672 2092 1784 2124 ea,qutc¹
1796 2081 1830 2113 in
1842 2081 1994 2122 superiori
2004 2080 2219 2113 Constitutio-

1221 2124 1271 2155 nis
1286 2134 1373 2164 parte
1385 2125 1559 2166 praescripta
1570 2125 1695 2157 fuerant
1707 2147 1717 2161 ,
1734 2125 1834 2161 essent
1855 2124 2069 2156 substantialia
2088 2123 2217 2156 electio-

1220 2167 1290 2198 nis:
1302 2168 1444 2208 alioquin
1458 2169 1599 2209 inepturn
1611 2168 1717 2200 fuisset
1727 2168 1761 2199 in
1771 2166 2145 2211 d.§.Qodfi‚decernere
2154 2168 2216 2199 elc-

1218 2210 1359 2242 ctionem
1373 2212 1464 2243 aliter
1483 2213 1675 2244 celebratam
1695 2211 1757 2242 esse
1769 2212 1889 2242 nullam
1902 2233 1910 2246 ‚
1931 2211 1952 2242 si
1969 2211 2029 2241 hoc
2042 2211 2141 2251 ipsum
2149 2211 2216 2253 jam

1215 2253 1370 2285 sancitum
1384 2254 1489 2286 fuisset
1502 2255 1536 2286 in
1546 2253 1698 2295 superiori
1709 2263 1795 2294 parte
1806 2253 2070 2286 Constitutionis.
2080 2252 2119 2284 Et
2131 2253 2214 2285 hanc

1214 2295 1304 2328 fuisse
1314 2307 1455 2329 mentem
1474 2296 1606 2329 SanCtit.
1626 2296 1690 2337 Sue
1700 2296 1823 2337 nosipsi
1834 2307 1901 2328 non
1911 2294 2041 2328 obscure
2053 2295 2214 2328 intellexi-

1213 2340 1352 2381 mus,qui
1364 2350 1436 2372 ante
1448 2339 1699 2372 Constitutionis
1707 2339 1964 2381 promulgatione
1977 2339 2014 2371 in
2024 2349 2063 2371 eo
2080 2339 2214 2380 negotio

1214 2383 1269 2413 diu
1281 2382 1480 2423 multumque
1492 2383 1703 2415 laboravimus
1714 2406 1722 2413 .
1744 2381 1844 2414 Unde
1856 2381 1932 2415 cum
1940 2382 2043 2424 postea
2053 2392 2109 2423 pro
2118 2381 2216 2414 refor-
2236 2394 2277 2421 29

1214 2426 1357 2458 matione
1368 2427 1531 2458 eleetionis
1540 2427 1649 2467 magni
1660 2426 1805 2467 Magistri
1817 2426 1847 2458 S.
1858 2427 1949 2467 Joan.
1958 2425 2215 2468 jerosolymitani

1214 2470 1387 2510 compilata
1400 2470 1504 2501 suisset
1515 2470 1640 2501 minuta
1651 2469 1750 2510 Bulle,
1760 2469 1777 2500 a
1787 2468 1950 2509 D.Vulpio
1960 2467 2215 2509 Archiep.Thea—

1216 2512 1287 2544 tino
1298 2535 1307 2548 ,
1317 2515 1349 2544 &
1360 2513 1443 2555 jussu
1453 2513 1482 2544 S.
1496 2512 1536 2544 D.
1547 2512 1590 2545 N.
1602 2514 1707 2544 delata
1717 2523 1768 2553 per
1778 2522 1890 2544 manus
1899 2511 1998 2545 Card.
2015 2514 2048 2545 &
2067 2511 2213 2544 Praelam-

1219 2563 1288 2587 rum
1297 2555 1460 2597 Congreg.
1474 2556 1559 2598 super
1570 2557 1630 2587 hoc
1641 2559 1796 2597 deputatae
1807 2578 1816 2592 ‚
1834 2558 1868 2588 &
1881 2555 1915 2588 in
1925 2557 1988 2588 fine
2007 2555 2102 2588 Bullae
2120 2565 2213 2597 appo-

1219 2597 1276 2630 sita
1286 2599 1363 2631 esset
1377 2600 1514 2631 clausula
1524 2599 1722 2640 infrascripta
1731 2622 1741 2635 ‚
1765 2599 1934 2632 videlicet:
1953 2598 2044 2644 Quisd
2054 2599 2088 2642 fi
2105 2599 2210 2631 escaio

1212 2643 1307 2673 aliter
1316 2641 1468 2675 celebrata
1472 2642 1570 2685 fuerit
1580 2665 1590 2680 ,
1599 2643 1686 2675 nulla
1695 2652 1785 2681 atque
1791 2646 1888 2675 irrita
1897 2643 1938 2686 fit
1947 2654 1978 2674 eo
1985 2641 2048 2684 ipſs}
2057 2665 2064 2673 .
2077 2641 2145 2682 Ego
2155 2644 2208 2675 ad-

1212 2686 1294 2717 verti
1304 2687 1384 2718 hanc
1396 2686 1567 2718 clausulam
1578 2685 1713 2727 operari,
1721 2696 1755 2718 ut
1766 2687 1888 2723 omnia,
1898 2687 1930 2718 &
1942 2685 2064 2726 singula
2073 2707 2084 2722 ‚
2094 2695 2163 2726 quae
2173 2685 2210 2720 in

1210 2727 1452 2761 Constitutione
1463 2727 1585 2762 sancita
1600 2739 1692 2761 erant
1703 2751 1714 2765 ‚
1731 2729 1831 2762 essent
1841 2732 1880 2762 de
1891 2728 2061 2761 substantia
2078 2728 2209 2761 electio—

1214 2771 1276 2809 nis,
1289 2771 1425 2814 indeque
1436 2772 1579 2805 futurum
1588 2773 1662 2809 esse,
1675 2782 1709 2804 ut
1720 2773 1809 2805 nulla
1819 2771 1882 2804 fere
1893 2771 2008 2804 electio
2018 2772 2118 2813 posset
2130 2771 2209 2804 vali·

1212 2815 1251 2847 de
1266 2816 1416 2848 celebrari
1428 2839 1438 2853 ,
1449 2815 1523 2848 curn
1536 2817 1586 2848 vix
1599 2817 1667 2848 fieri
1678 2817 1783 2857 posset
1794 2826 1828 2847 ut
1841 2816 1874 2848 in
1887 2825 1934 2847 tot
1944 2837 1954 2852 ,
1974 2816 2007 2847 &
2026 2824 2093 2847 tam
2110 2814 2208 2847 variis

1212 2859 1472 2891 ordinationibus
1482 2859 1622 2892 defee‘ms
1631 2859 1748 2900 aliquis
1758 2869 1824 2890 non
1835 2859 2058 2899 contingeret:
2080 2868 2155 2890 nam
2171 2859 2206 2890 &

1206 2900 1309 2934 forma
1319 2903 1488 2939 scrutinii,
1497 2913 1566 2944 quae
1577 2905 1707 2934 tandem
1717 2901 1947 2942 compendiosis
1960 2901 2064 2934 verbis
2074 2902 2207 2934 conclu-

1205 2945 1291 2977 ditur
1300 2946 1332 2978 in
1344 2946 1517 2983 Decretali,
1527 2947 1614 2991 Quia
1624 2954 1744 2987 propter
1752 2943 1874 2987 infeod.
1881 2954 2043 2986 reputatur
2054 2943 2206 2977 adebdif-

1207 2989 1301 3020 ficilis
1312 2989 1475 3022 observatu
1488 3012 1498 3026 ‚
1516 3000 1551 3021 ut
1571 2989 1669 3021 etiam
1692 2988 1768 3020 boni
1787 2987 1906 3029 Juristae
1925 2987 2095 3029 practicam
2113 2989 2204 3029 igno-

1207 3042 1310 3064 rantes
1322 3033 1356 3065 in
1366 3044 1404 3065 ea
1414 3032 1566 3064 deficiant
1577 3055 1587 3068 ,
1599 3042 1633 3064 ut
1645 3032 1750 3073 inquit
1765 3030 1865 3072 glossa
1879 3032 1912 3063 in
1920 3042 1945 3064 c.
1955 3034 1983 3064 C
1983 3030 2036 3064 iam
2054 3030 2204 3073 expediat

1204 3078 1236 3106 in
1246 3076 1470 3120 verdnquifitis
1478 3074 1516 3107 de
1524 3075 1695 3108 elefldibh.
1702 3073 1733 3105 U
1740 3077 1799 3106 nde
1811 3074 1915 3107 Patres
1923 3074 2112 3108 censuerunt
2121 3085 2202 3107 una-

1205 3119 1305 3151 nimes
1318 3130 1388 3151 eam
1398 3119 1570 3151 clausulam
1578 3118 1641 3151 esse
1651 3119 1891 3159 expungendam
1901 3129 1910 3155 3
1931 3120 1964 3151 &
1975 3121 2013 3151 ad
2023 3119 2202 3160 exemplum

1200 3163 1404 3202 Gregorianae
1415 3161 1665 3194 constitutionis
1675 3160 1688 3192 s
1688 3160 1989 3194 ubstituendamesse
2010 3162 2105 3194 aliam
2115 3163 2199 3193 clau-

1203 3206 1300 3237 sulam
1318 3216 1392 3237 cum
1410 3207 1541 3238 decreto
1559 3204 1699 3237 irritanti
1710 3227 1719 3240 ‚
1742 3204 1775 3236 in
1794 3215 1858 3246 qua
1877 3206 2140 3246 perstringeretur
2159 3215 2198 3236 ea

1203 3247 1330 3281 tantum
1341 3271 1351 3285 ,
1372 3259 1439 3290 quae
1448 3249 1644 3290 pertinerent
1654 3250 1692 3279 ad
1703 3247 1904 3280 substantiam
1924 3247 2088 3281 eleffionis
2099 3269 2109 3284 ‚
2128 3257 2198 3288 pro-

1202 3301 1236 3323 ut
1248 3291 1365 3324 fadhun
1374 3292 1417 3324 est
1437 3293 1471 3324 in
1490 3290 1728 3325 Constitutione
1747 3291 1778 3323 S.
1791 3291 1831 3323 D.
1843 3291 1888 3324 N.
1910 3302 1978 3333 quae
1998 3290 2109 3333 incipit
2121 3312 2131 3326 ‚
2160 3291 2197 3322 In

1192 3333 1316 3375 specula
1326 3336 1498 3367 militantis
1508 3333 1645 3376 Ecclefiae
1657 3356 1666 3371 ,
1685 3336 1770 3366 edita
1784 3335 1896 3378 3.Julii
1910 3338 2003 3368 1628.
2021 3337 2054 3367 in
2065 3336 2093 3372 §.
2104 3332 2194 3379 Qizd

1192 3379 1227 3422 fi
1233 3379 1336 3410 eleni·
1344 3381 1448 3418 magni
1458 3376 1611 3419 Adagistri
1623 3401 1631 3407 .

1240 3421 1370 3464 Qubus
1382 3422 1426 3453 ita
1438 3421 1452 3453 s
1450 3433 1467 3453 e
1477 3420 1665 3453 habentibus
1675 3443 1685 3457 ,
1704 3421 1850 3462 quamvis
1859 3420 2057 3463 Gregoriana
2066 3418 2193 3452 Consti-

1195 3465 1280 3496 tutio
1289 3465 1322 3497 in
1331 3465 1488 3506 principio
1497 3465 1673 3496 decreverit
1684 3474 1750 3497 non
1760 3465 1845 3506 posse
1856 3466 1947 3497 aliter
1958 3463 2190 3505 compromitti,

1194 3508 1290 3548 quam
1313 3508 1346 3539 in
1359 3508 1481 3548 aliquos
1492 3518 1527 3539 ex
1545 3507 1769 3540 Cardinalium
1785 3507 1935 3550 Collegio
1950 3518 1960 3542 3
1990 3505 2065 3540 cum
2083 3516 2193 3539 tamen

1196 3550 1231 3583 in
1239 3550 1327 3585 dicto
1339 3553 1365 3590 §.
1377 3549 1503 3597 Qubdfi
1512 3551 1615 3585 electio
1623 3573 1633 3591 ,
1653 3551 1708 3585 ubi
1719 3551 1894 3593 praetcribat
1909 3549 2193 3598 bt·1iiainstiblian·

2090 3603 2147 3626 tia·
