2397 3664
160 263 199 296 ²5
225 257 386 288 violantur
399 280 407 287 .

285 91 381 129 612

229 170 408 213 hujusmodi
421 168 555 207 synodis
574 166 679 198 delere
697 168 825 198 decreta
835 166 964 201 omnia,
983 165 1097 205 quibus
1118 164 1224 206 Regu·

229 214 342 246 latium
353 207 566 253 exemptiones
576 231 586 245 ,
609 209 733 241 indulta
742 231 751 245 ‚
771 219 807 242 ac
818 208 984 249 privilegia
992 213 1224 252 quoquomodo

428 252 591 295 Qiinimo
602 253 699 285 etiam
710 255 839 294 quando
849 251 995 293 synodus
1016 250 1225 284 Provincialis

227 300 334 332 statuit
347 300 379 331 in
390 306 548 337 exemptos
559 295 635 327 illud
649 295 732 327 idem
739 296 825 336 quod
837 294 943 328 statuit
953 293 1144 329 Concilium
1152 293 1231 327 ’rri-

225 343 395 376 deminum
406 352 418 377 ‚·
439 350 473 371 ιιι
488 339 507 370 si
520 340 605 370 dicat
625 338 801 371 Statuimus
811 361 821 375 ‚
843 349 876 370 ut
890 338 1062 378 Regulares
1072 361 1082 375 ‚
1105 339 1141 370 ad
1162 337 1225 370 Re-

224 389 305 428 gnlae
316 408 325 421 ,
345 393 437 426 quam
448 381 572 423 profem
583 382 655 414 sunt
666 405 676 418 ,
696 381 909 425 praesctiprum
921 382 1020 414 vitam
1038 381 1203 416 instituant
1212 404 1222 418 ‚

224 431 310 469 quod
322 426 503 469 praecipitur
513 426 557 457 eis
567 426 600 458 in
612 434 677 467 cap.
695 424 796 466 1.seff.
810 433 860 464 25.
883 424 919 457 de
940 426 1043 465 Regul.
1063 425 1225 458 nihilomi-

222 482 282 504 nus
293 471 389 502 Sacra
397 468 621 510 congregatio
629 469 716 513 jubet
732 468 867 509 expungi
888 470 1018 501 verbum
1029 467 1202 509 statuimus
1211 490 1221 504 ,

225 517 258 547 &
271 515 303 545 in
313 515 381 557 ejus
393 514 498 544 locum
512 513 595 552 jubet
608 512 738 552 reponi,
755 512 943 553 Intelligant
956 511 1130 553 Regulares
1139 511 1166 544 se
1178 522 1224 546 te-

224 557 294 589 neri
307 559 343 589 ad
356 555 509 597 Regulae,
530 565 626 596 quam
643 555 766 596 profeffi
779 555 869 594 sunt,
891 555 1102 598 praescriptum
1123 555 1222 587 vitam

223 600 386 633 instituere
397 622 406 636 ‚
428 609 463 631 ut
483 597 591 639 saepii‘is
611 598 677 631 vidi
696 599 895 633 observatum
905 621 915 635 ‚
945 599 1098 632 nimirum
1108 621 1117 635 ‚
1141 598 1217 641 quia

218 644 350 675 verbum
370 666 380 679 ,
402 641 569 683 statuimus
586 663 597 678 ‚
628 641 670 674 est
690 642 954 676 authoritativum
971 644 1004 674 δε
1024 642 1148 674 inducit
1169 641 1216 684 jus

219 697 340 720 novum
351 685 510 727 Clemfi'n.
524 683 645 724 §.finde
653 685 742 725 rescr.
755 687 795 725 gl.
811 686 842 717 in
854 684 1213 727 ExtraV.SusceptiJoan.

221 731 320 764 XXII.
331 732 364 761 in
374 741 436 762 νιν.
449 731 624 762 statuimus
635 751 643 760 .
667 729 704 760 Er
715 729 800 770 super
813 729 934 760 statutis
949 729 1050 769 legem
1062 729 1138 761 item
1160 728 1216 760 sta-

222 784 311 807 tuere
323 784 388 806 non
399 773 440 805 est
451 773 633 814 aequitatem
644 772 680 804 in
693 772 831 804 medium
842 782 1016 812 proponere
1027 794 1036 808 ‚
1047 772 1095 803 sed
1107 781 1214 812 praete-

219 817 293 850 xitis
304 817 496 851 calumniam
509 816 666 851 invenire,
674 816 890 856 l.penult.C.de
899 813 1212 849 decur.lib.io.Anch.

219 864 253 892 in
264 862 371 893 c.Citm
381 859 527 899 veniffent
537 869 598 898 715.
610 858 646 889 de
656 857 718 895 iud.
727 858 928 891 Generaliter
939 867 1044 891 autem
1057 869 1122 890 non
1132 858 1214 899 posse

188 908 192 913 ”
220 903 392 952 Episcopos
406 904 437 935 in
449 904 577 944 Synodo
586 902 758 942 quidquam
770 901 902 934 statuere
912 924 922 938 ‚
941 903 1025 942 quod
1035 901 1143 937 obviet
1154 900 1217 937 Ca-

220 948 351 979 nonicis
363 946 512 979 institutis
523 967 532 982 ‚
541 944 700 977 deciditur
711 943 815 985 aperte
830 945 862 977 in
875 945 931 976 hac
944 944 1122 978 Decretali:
1143 955 1218 978 nam

220 990 337 1024 Canon
350 990 488 1030 praecipit
501 989 614 1019 statura
627 987 847 1020 Romanorum
864 987 1057 1020 Pontificum
1070 990 1107 1021 ab
1115 988 1219 1020 omni-

221 1035 277 1065 bus
289 1033 492 1065 custodienda
502 1043 525 1063 c.
534 1041 558 1063 1.
572 1029 608 1062 de
617 1031 734 1071 constit.
747 1032 914 1072 praesertim
925 1032 962 1063 ab
974 1031 1133 1072 Episcopis
1144 1055 1153 1068 ,
1163 1031 1220 1073 qui

223 1077 294 1109 sunt
305 1076 464 1108 debitores
477 1075 575 1107 sacras
588 1074 710 1115 regulas
722 1074 877 1106 custodire
888 1097 897 1111 ‚
907 1075 1117 1118 c.Citmfimus
1127 1085 1219 1116 943.

221 1120 258 1152 Et
270 1122 329 1151 hoc
344 1129 450 1161 jurant
461 1140 470 1154 ‚
489 1129 517 1150 c,
531 1120 592 1157 Ego
603 1118 652 1151 N.
672 1117 708 1150 de
718 1117 839 1157 jurejur.
861 1118 899 1150 Et
912 1129 1006 1159 poena
1015 1118 1221 1159 depositionis

217 1163 262 1196 eis
275 1163 420 1197 imminet
434 1163 451 1193 si
466 1161 582 1193 fuerint
596 1162 832 1198 transgressores
843 1184 852 1198 ,
871 1171 903 1193 ut
913 1165 946 1192 in
958 1165 985 1194 ε.
997 1161 1096 1194 ultim.
1108 1173 1137 1202 4.
1151 1160 1220 1203 dist.

161 1210 201 1239 2⁶
224 1216 291 1248 cap.
305 1208 378 1238 Hac
387 1204 510 1246 consona
521 1228 530 1241 ‚
549 1202 586 1237 (θ’
595 1216 620 1237 c.
631 1196 802 1237 Vitilatores
822 1213 871 1245 25.
891 1204 982 1245 quaest.
997 1215 1021 1236 1.
1044 1205 1097 1237 Sic
1112 1204 1221 1237 Praefe-

149 2087 192 2118 27

222 1250 289 1282 Ctus
303 1249 455 1281 l‘raetorio
466 1247 740 1281 constitutionem
753 1249 813 1290 legi
831 1249 1027 1282 contrariam
1039 1248 1140 1281 facere
1153 1259 1219 1280 non

217 1291 471 1335 potest‚l.:.C.de
480 1290 712 1334 offlPrefiPraet.
736 1294 767 1324 &
780 1292 914 1332 [egatus
935 1302 1000 1324 non
1012 1292 1110 1333 potest
1130 1303 1219 1325 man-

220 1340 315 1373 dai-e,
336 1347 368 1368 ut
384 1336 416 1368 in
429 1336 519 1367 causa
531 1338 719 1376 procedatur
733 1336 794 1367 sine
809 1336 934 1376 strepitu
945 1358 955 1372 ‚
977 1337 1009 1368 &
1031 1337 1131 1376 figura
1142 1334 1221 1376 judi-

218 1381 282 1418 cii,
300 1389 366 1420 cap.
376 1379 431 1421 fin.
443 1378 478 1410 de
490 1379 586 1411 heret.
598 1377 651 1411 lib.
662 1384 691 1411 6.
713 1380 857 1420 quiahoc
868 1379 941 1411 effer
961 1390 1076 1411 contra
1088 1380 1173 1421 jura,
1193 1391 1217 1411 c.

225 1434 253 1456 1.
280 1423 374 1455 delet.
386 1422 503 1463 contest.
521 1421 589 1455 &L
601 1423 770 1463 prolatum,
800 1422 931 1455 Codfde
941 1425 1011 1454 Sen.
1045 1424 1077 1455 &
1097 1433 1152 1463 pro
1163 1424 1220 1455 hac

218 1476 306 1510 parte
317 1478 353 1499 ex
365 1466 448 1498 facio
456 1466 615 1498 consuluit
626 1466 730 1498 Feder.
740 1468 778 1498 de
788 1466 860 1497 Sen.
872 1464 947 1506 confi
962 1475 1009 1504 17.
1023 1466 1152 1513 Quaeslio
1172 1475 1221 1498 ta-

219 1513 261 1544 lis
273 1510 334 1551 est,
354 1520 406 1551 per
415 1520 529 1546 totum,
550 1519 645 1550 quem
656 1509 750 1541 refert
761 1532 771 1546 ‚
789 1512 821 1541 dc
841 1509 980 1550 sequitur
996 1509 1082 1541 Peir.
1102 1507 1140 1542 de
1155 1509 1219 1541 An-

220 1555 306 1586 char.
320 1557 354 1586 in
362 1563 456 1595 repet.
476 1552 757 1591 Canonumstatuta
768 1564 850 1584 num.
871 1556 939 1585 188.
957 1552 1037 1592 vers.
1056 1556 1090 1584 in
1099 1562 1219 1585 contra-

216 1600 314 1634 rium,
334 1596 459 1630 &num
476 1606 544 1633 190.
562 1595 642 1636 vers:
653 1595 702 1628 his
716 1596 846 1628 Accedit
856 1596 944 1628 utilis
967 1595 1060 1637 quaest.
1074 1596 1169 1637 fiipra
1182 1595 1219 1628 de

215 1639 378 1681 Constant.
396 1640 552 1680 Alioquin
563 1639 736 1671 secundum
747 1650 800 1671 eos
813 1639 834 1671 si
851 1640 996 1681 Episcopi
1006 1640 1065 1672 hoc
1075 1641 1194 1683 polsent
1208 1663 1217 1677 ,

217 1694 271 1727 per
282 1684 476 1725 consequens
486 1682 583 1724 poiset
596 1693 664 1714 tum
676 1684 723 1724 jus
733 1693 905 1714 commune
915 1683 1090 1715 subvertere
1113 1684 1145 1715 in
1158 1684 1217 1715 sin-

214 1728 297 1771 gulis
308 1727 428 1759 casibus
440 1730 453 1757 d
465 1728 529 1766 jure
537 1726 666 1767 provisis
679 1727 763 1758 aliud
776 1726 961 1763 statuendo„
983 1729 1067 1768 quod
1081 1727 1213 1764 sentire,

215 1771 381 1805 modicum
393 1770 497 1803 differt
507 1771 546 1801 ab
558 1769 658 1802 lixi-esi
669 1792 680 1806 ‚
699 1779 765 1810 cap.
780 1779 829 1808 27.
842 1768 950 1811 distin.
966 1779 1034 1811 cap.
1053 1771 1150 1802 Nulli
1165 1780 1213 1808 19.

215 1813 284 1856 dist.
296 1815 382 1855 gl.in
392 1823 461 1856 cap.
478 1816 547 1845 1.ιή
558 1825 622 1845 ver.
644 1814 718 1845 Non
730 1815 810 1845 enim
829 1822 972 1851 revocat,
995 1812 1072 1854 vers.
1092 1814 1164 1856 Etfi
1180 1816 1214 1846 in

216 1861 369 1892 contrario
381 1857 547 1890 diceremus
558 1856 595 1888 de
606 1855 720 1898 constit.
731 1856 783 1889 lib.
801 1860 828 1888 6.
848 1856 981 1889 Sandkus
990 1856 1107 1889 Thom.
1118 1856 1214 1898 opusc.

219 1913 268 1940 19.
279 1911 378 1944 cap-3.
404 1901 626 1942 Quamobrem
646 1901 805 1941 integrum
817 1901 876 1932 hoc
887 1910 981 1942 caput
993 1901 1059 1933 iiim
1069 1901 1110 1932 ob
1121 1911 1212 1941 regu-

215 1946 330 1979 larium
342 1968 351 1982 ,
371 1956 406 1977 ac
419 1946 456 1975 Se
466 1946 506 1975 lis
519 1944 703 1984 Apostolicae
715 1945 930 1986 praejudicium
941 1967 951 1981 ‚
967 1944 1063 1986 quirin
1073 1945 1116 1976 ob
1133 1944 1217 1977 defe-

214 1989 301 2022 &um
313 1988 537 2024 authoritatis,
559 1988 686 2019 videtur
703 1988 840 2020 omnino
851 1989 1115 2029 expungendum.
1137 1987 1214 2020 Haec

221 2034 328 2075 quoad
341 2032 504 2074 Synodum
514 2030 724 2064 dioecesanam
733 2031 982 2064 cracoviensem
992 2055 1000 2063 .

254 2075 334 2117 Quo
344 2074 420 2107 νει-ὸ
432 2077 467 2107 ad
481 2074 715 2106 Provincialem
734 2075 947 2108 Gnesnensem
957 2098 968 2112 ‚
989 2077 1155 2107 decretum
1176 2074 1216 2107 il-

218 2121 271 2153 iud
282 2142 292 2156 ‚
302 2120 388 2160 quod
400 2119 516 2150 salvam
524 2118 601 2150 facit
623 2117 832 2159 Regularium
841 2119 1077 2159 exemptionem
1088 2128 1212 2159 praeter-

223 2173 319 2206 quam
333 2162 365 2195 in
377 2162 443 2199 his,
462 2172 531 2202 quae
541 2161 635 2192 sacris
646 2160 836 2193 Canonibus
847 2184 856 2197 ‚
876 2162 1061 2193 consuetud.
1073 2163 1106 2193 &
1125 2161 1212 2194 Con-

215 2207 287 2240 cilii
297 2206 433 2238 decretis
444 2205 645 2237 adversantur
654 2226 664 2240 ‚
676 2205 801 2235 videtur
810 2204 922 2237 itidem
933 2203 1073 2237 absolute
1082 2206 1213 2245 perime-

213 2262 248 2284 re
267 2249 461 2289 Regularem
482 2248 662 2279 libertatem
674 2258 683 2284 ς
716 2258 790 2279 nam
811 2248 939 2279 illorum
959 2248 1125 2289 privilegia
1141 2271 1151 2285 ,
1181 2251 1214 2282 &

214 2293 432 2332 exemptiones
443 2290 588 2326 suntfere*
600 2301 710 2322 omnes
732 2301 786 2323 aut
805 2301 934 2332 praerer,
957 2301 1010 2322 aut
1032 2302 1145 2323 contra
1165 2291 1209 2323 sa-

214 2347 286 2370 cros
295 2336 446 2369 canones
457 2357 467 2371 ,
488 2343 554 2375 cap.
567 2336 602 2366 In
614 2333 662 2365 his
672 2333 708 2365 de
720 2336 802 2375 priv.
821 2345 896 2366 cum
916 2335 1023 2367 multis
1035 2334 1125 2366 simil.
1138 2334 1209 2366 Un-

214 2384 253 2413 de
266 2381 333 2413 illas
345 2381 492 2411 reducere
513 2379 551 2409 ad
563 2377 680 2409 limites
692 2377 852 2410 sacrorum
872 2377 1044 2410 canonum
1053 2378 1131 2410 nihil
1144 2377 1208 2411 fere

217 2424 301 2456 aliud
312 2422 354 2455 est
363 2445 374 2459 ,
393 2423 488 2463 quiiin
501 2422 568 2453 illas
580 2425 616 2453 ad
627 2420 764 2452 nihilum
774 2422 914 2461 redigere
926 2446 933 2453 .

254 2467 301 2500 Ad
323 2468 384 2497 haec
405 2476 471 2498 non
492 2465 617 2497 videtur
638 2464 837 2496 tolerandum
855 2469 1017 2497 decretum
1027 2487 1037 2502 ,
1058 2467 1134 2496 dum
1156 2465 1212 2497 sal—

216 2522 289 2544 vam
302 2510 377 2542 facit
388 2509 623 2549 exemptionem
643 2507 849 2547 Regularium
861 2518 1067 2550 praeterquam
1090 2509 1122 2539 in
1145 2508 1192 2539 his
1203 2531 1212 2545 ‚

216 2565 285 2597 quae
296 2553 580 2586 consuetudinibus
601 2551 802 2583 adversantur
815 2563 823 2588 ·,
846 2552 877 2583 id
886 2553 973 2585 enim
984 2552 1026 2584 est
1046 2552 1214 2584 confirma-

220 2609 251 2630 re
263 2620 273 2633 ,
293 2596 536 2630 &Canonizate
545 2604 708 2636 tamquam
723 2595 841 2627 validas
859 2596 1073 2639 quascumque
1085 2595 1214 2627 consue-

603 75 770 145 Prosp.
788 72 1012 144 Fagnan.
1044 75 1100 131 in
1134 73 1359 132 Primum
1377 72 1583 131 LiBrum
1596 73 1862 133 Decretal.

1264 167 1388 198 tudines
1400 175 1515 198 contra
1530 166 1735 206 Regulam-,in
1756 166 1939 209 privilegia.
1958 167 2062 211 Qiod
2081 179 2187 205 tamen
2205 169 2254 206 hii-

1270 209 1321 240 bet
1332 207 1535 241 difficultates
1546 210 1682 251 superius
1692 211 1861 251 propositas
1871 211 1957 243 cii-ca
1971 212 2259 254 praescriptionemi

1268 251 1473 284 cracoviensi
1486 251 1636 293 Episcopo
1647 254 1814 293 allegatam
1827 278 1834 286 .

1311 295 1445 328 Accedit
1456 317 1466 330 ‚
1486 297 1570 336 quod
1582 295 1728 337 synodus
1740 295 1950 330 Provincialis
1961 299 2082 332 nullam
2092 299 2184 333 habet
2202 313 2256 334 au-

1265 336 1447 369 ‹stoi-itatem
1467 337 1622 372 statuendi
1646 341 1678 371 in
1697 341 1856 382 regulares
1876 352 2052 382 exemptos:
2074 353 2147 375 nam
2167 344 2262 384 privi-

1267 381 1347 421 legia
1365 380 1534 413 Pontificia
1545 392 1598 423 pei·
1617 393 1852 425 quamcumque
1872 384 2056 417 inferiorem
2075 386 2260 424 potestatem

1263 424 1422 460 convelli,
1433 435 1485 456 aut
1498 424 1678 459 labefaciari
1696 436 1761 458 non
1773 428 1895 466 poil'unt
1907 451 1916 464 ,
1927 426 2124 468 capdnfhrior
2137 441 2152 461 ι.
2162 428 2259 471 [dist.

1267 476 1334 508 cap.
1353 466 1434 500 Ciam
1445 467 1573 508 inferior
1582 467 1619 501 de
1629 469 1737 507 maior.
1756 468 1883 504 &obed
1901 470 2005 503 clem.
2025 484 2059 503 ne
2082 474 2209 505 Romani
2222 470 2259 504 de

1264 511 1349 542 etest.
1373 509 1472 543 Unde
1485 511 1549 559 Leo
1560 511 1641 553 Papa
1663 513 1830 547 Martiano
1841 516 1981 555 Augusto
1992 517 2021 548 E
2023 516 2092 558 pist.
2108 525 2157 555 52.
2174 515 2259 548 alliis

1266 555 1506 593 54.Privilegia‚
1518 556 1637 596 inquit,
1649 558 1677 588 Ε
1680 557 1868 600 σείεβανκνη,
1878 559 1915 590 Θ
1927 558 2261 600 Monxzstfriorumsan-

1260 598 1372 629 Horum
1383 600 1514 632 Parrum
1523 600 1707 632 austeritate
1715 600 1858 642 instituta
1869 624 1879 637 ,
1899 603 1984 634 nulla
1994 600 2106 642 possunt
2115 605 2158 634 im
2162 602 2258 643 probi-

1258 649 1325 672 tate
1332 642 1462 674 convelli
1473 664 1482 678 ,
1493 642 1577 676 nulla
1587 645 1726 675 novitate
1735 647 1861 681 mutari,
1871 646 1903 676 &
1912 645 2094 686 Greg-li'b.7.
2103 648 2129 678 E
2132 656 2161 687 pi
2167 643 2201 684 θ.
2210 655 2257 683 17.

1258 684 1461 724 lnstitutionis
1472 684 1571 727 nostrae
1583 685 1717 724 decreta,
1728 697 1785 725 quae
1795 698 1846 728 pro
1855 688 2038 731 defensorum
2049 692 2116 726 lunt
2124 698 2170 730 pri
2177 690 2256 721 vile-

1249 729 1330 767 giis,
1352 727 1591 763 &ordinatione
1603 729 1766 774 dispofita‚
1777 741 1917 775 perpetua
1931 730 2130 773 stabilitate,
2148 731 2258 775 &fine

1254 771 1358 809 aliqua
1368 769 1571 812 constituimus
1578 771 1925 815 refragaeztioneservari‚
1937 787 1986 808 ‘dec
1996 777 2016 807 a'
2027 786 2170 813 quoquam
2182 779 2259 808 Pon-

1254 812 1370 855 tificum
1381 816 1414 847 in
1424 823 1530 853 totum,
1540 819 1590 848 vet
1604 818 1636 848 in
1646 826 1765 859 partem
1778 829 1812 850 ea
1826 817 1959 856 qualibet
1968 819 2117 862 occafione
2126 819 2257 851 convelli

1253 857 1438 890 decernimus
1450 880 1460 894 ,
1470 859 1521 891 vel
1531 862 1646 891 mutari
1654 884 1662 892 .
1682 860 1747 892 Cui
1759 862 1860 894 textui
1872 861 2047 902 responderi
2060 872 2126 893 non
2139 862 2236 903 potest
2246 884 2256 898 ‚

1256 912 1290 933 ur
1303 900 1408 942 inquit
1422 901 1549 936 Arcliid.
1560 904 1593 933 in
1606 914 1632 934 c.
1643 904 1718 937 licet
1726 907 1843 937 Canon.
1854 915 1921 945 n.3.
1932 903 2012 943 verli
2030 908 2068 936 (θ’
2077 904 2122 938 ibi
2136 903 2257 945 afferti-

1257 948 1296 977 ὀὲ
1305 943 1393 976 dixit
1404 967 1413 981 ,
1424 943 1460 977 de
1470 945 1551 978 cleri.
1565 945 1617 981 lib.
1630 950 1657 978 5.
1670 947 1756 979 Idem
1766 949 1863 989 Greg.
1877 947 1961 986 liba.
1978 946 2075 989 Epist.
2095 956 2163 987 115.
2175 950 2259 980 Cura

1260 986 1301 1030 ist
1305 987 1513 1029 solicitudinis
1522 988 1696 1021 adhibenda
1708 1013 1718 1029 ,
1739 1000 1770 1023 ut
1781 1003 1816 1025 ea
1830 1014 1838 1028 ,
1851 1002 1908 1029 quae
1919 1000 1972 1032 pro
1983 993 2079 1029 quiete
2100 991 2260 1024 Monacho-

1260 1043 1327 1063 rum
1338 1054 1347 1069 ,
1359 1028 1569 1072 Religiosaeqne
1577 1033 1942 1077 converfhtionissuerunt
1952 1033 2096 1067 ordinata
2107 1057 2116 1071 ,
2136 1046 2187 1067 nec
2195 1032 2258 1075 dis-

1255 1076 1415 1118 fimulatio
1425 1078 1571 1115 negligere
1580 1099 1590 1112 ‚
1608 1088 1660 1108 nec
1671 1079 1802 1115 quaedam
1825 1079 1935 1112 valeat
1946 1077 2130 1120 presumptio
2141 1087 2257 1119 pertur-

1261 1118 1334 1150 bare
1345 1141 1353 1150 .
1371 1118 1431 1151 Sed
1437 1119 1516 1162 ficut
1528 1120 1579 1151 hoc
1589 1143 1598 1158 ,
1621 1119 1694 1157 qnod
1704 1124 1785 1153 ratio
1795 1121 1938 1161 exigebat
1948 1123 2100 1156 utilitatis
2110 1144 2119 1157 ‚
2130 1120 2258 1162 oportuit

1260 1162 1414 1203 diffiniri,
1433 1166 1479 1197 ita
1491 1162 1567 1201 quod
1575 1163 1742 1206 diffinitum
1761 1165 1821 1206 est,
1841 1165 1990 1198 nondebec
2009 1166 2142 1197 violzri.
2167 1164 2259 1198 Refe-

1260 1215 1375 1238 runtui·
1386 1209 1401 1236 ,ἡ
1412 1207 1569 1240 Gratiano
1580 1210 1613 1240 in
1626 1218 1695 1248 cap.
1710 1219 1737 1239 2.
1748 1220 1772 1240 c.
1785 1207 1989 1248 lt‘lslitutionis
1999 1231 2009 1246 ,
2029 1206 2066 1243 (ῥ’
2077 1221 2102 1240 c.
2112 1212 2193 1241 Cum
2204 1210 2256 1249 piae

1261 1256 1312 1288 25.
1323 1247 1416 1289 quaest.
1436 1251 1469 1281 δέ
1480 1253 1679 1283 concordant
1687 1250 1762 1284 ibid.
1774 1252 1831 1283 cli.
1841 1253 2046 1291 c.Privilegia
2056 1275 2065 1289 ,
2088 1250 2125 1284 ἔθ’
2135 1264 2159 1284 c.
2175 1253 2257 1295 Quic-

1260 1302 1380 1329 cumque
1391 1315 1401 1331 ,
1423 1293 1631 1327 Innocentius
1651 1295 1720 1327 111.
1743 1295 1774 1327 in
1799 1294 1953 1328 Concilio
1964 1296 2114 1328 Generali
2133 1295 2258 1328 Latera-

1262 1335 1349 1367 nenfi
1360 1358 1370 1373 ,
1389 1337 1555 1376 privilegia
1566 1360 1576 1374 ‚
1596 1348 1652 1375 quae
1663 1338 1839 1380 quibusdam
1851 1340 2009 1381 Religiofis
2032 1342 2165 1373 Romana
2191 1350 2258 1371 con-

1260 1379 1339 1420 cesfit
1367 1380 1503 1422 Ecclesia
1514 1402 1523 1416 ‚
1544 1389 1739 1421 permancant
1758 1380 1923 1421 inconcuffiz
1937 1406 1945 1413 .
1968 1381 2177 1414 Innocentius
2199 1381 2256 1413 lv.

1265 1423 1299 1454 in
1309 1421 1464 1455 Concilio
1474 1423 1673 1464 Lugdunenfi
1686 1422 1828 1461 decernit
1837 1449 1847 1462 ‚
1867 1423 2041 1458 libertatem
2053 1448 2063 1462 ‚
2087 1435 2175 1463 quam
2188 1436 2260 1457 non-

1262 1467 1354 1498 nullis
1376 1465 1642 1508 Apostolicasedes
1653 1470 1815 1509 privilegio
1835 1470 2034 1510 exemptionis
2053 1468 2138 1500 indul
2136 1468 2199 1511 stt,
2214 1468 2260 1511 stc

1259 1511 1411 1548 integram
1430 1508 1586 1550 observari
1596 1534 1606 1548 ‚
1645 1521 1677 1545 ut
1696 1510 1734 1545 &⁴
1743 1513 1835 1544 illam
1853 1513 1913 1544 alii
1931 1524 1988 1544 non
2009 1512 2181 1554 infringant
2192 1534 2202 1548 ‚
2223 1510 2261 1545 (ῥ’

1258 1553 1320 1596 ipst
1327 1553 1388 1593 ejus
1401 1554 1516 1586 limites
1527 1566 1584 1588 non
1596 1554 1765 1592 excedant,
1786 1565 1821 1588 ut
1840 1555 1975 1588 refertur
1987 1558 2020 1587 in
2032 1565 2097 1596 cap.
2120 1564 2152 1586 ut
2163 1557 2261 1596 privi-

1258 1597 1338 1635 legia
1363 1597 1450 1639 infra*
1472 1596 1509 1629 de
1528 1600 1673 1639 privileg.
1691 1597 1729 1631 (ῤ’
1746 1601 1780 1631 in
1800 1607 1865 1639 cap.
1892 1609 1917 1631 1.
1938 1598 1998 1630 eod.
2018 1601 2069 1630 tit.
2097 1596 2150 1630 lib.
2171 1603 2201 1631 6.
2226 1599 2260 1630 Id

1259 1640 1357 1680 ipsum
1368 1642 1496 1681 &leges
1508 1642 1620 1675 civiles
1632 1643 1757 1675 sanxere
1769 1665 1779 1679 ‚
1799 1653 1831 1675 ut
1842 1642 1906 1675 inl.
1916 1643 2092 1682 Privilegia
2105 1664 2115 1678 ‚
2135 1644 2211 1675 Coa.
2222 1646 2259 1675 de

1252 1682 1439 1724 sacrosamfl.
1463 1685 1581 1726 Eccles,
1604 1684 1642 1717 (θ’
1659 1687 1799 1718 lamnia
1813 1686 1981 1727 privilegia
1993 1708 2003 1723 ,
2023 1687 2061 1718 C.
2079 1684 2116 1717 de
2137 1687 2164 1716 E
2167 1684 2259 1727 pisco-

1256 1729 1304 1767 ρι’]
1313 1749 1323 1763 ,
1343 1726 1380 1760 ὠ*
1399 1729 1480 1760 Cler.
1504 1739 1631 1761 necnon
1652 1731 1734 1770 leges
1751 1728 1860 1770 Regiae
1870 1752 1879 1765 ‚
1901 1739 1933 1762 ut
1943 1731 1998 1768 leg.
2010 1740 2040 1768 4.
2053 1732 2086 1761 in
2093 1727 2146 1769 fin.
2159 1732 2210 1760 tit.
2230 1739 2258 1770 3.

1256 1769 1310 1802 lib.
1324 1782 1353 1803 2.
1365 1772 1485 1812 recapit.
1513 1772 1546 1804 in
1556 1783 1619 1812 qua
1630 1773 1810 1804 referuntur
1823 1773 1979 1806 notabilia
1990 1773 2084 1807 verba
2104 1773 2256 1805 Gratiani

1256 1815 1290 1845 in
1301 1813 1381 1856 c.fin.
1400 1817 1428 1852 §.
1440 1814 1681 1857 Hofivitalitatis
1691 1813 1873 1858 25.quast.z.
1882 1814 1920 1848 Θ
1929 1818 1962 1849 in
1972 1824 2038 1858 cap.
2045 1814 2105 1859 fin.
2118 1818 2144 1853 §.
2158 1818 2255 1857 Opor-

1257 1866 1302 1891 tet
1313 1865 1361 1897 25.
1374 1857 1467 1899 quaest.
1486 1869 1510 1890 i.

1299 1901 1336 1933 In
1347 1902 1456 1942 primis
1468 1912 1574 1935 autem
1584 1904 1715 1936 dedecet
1727 1913 1762 1935 ea
1773 1903 1939 1944 privilegia
1948 1902 2066 1934 violari
2074 1902 2113 1933 ab
2134 1901 2257 1943 Episco-

1256 1944 1301 1985 pis
1311 1967 1321 1981 ‚
1341 1945 1456 1985 quibus
1477 1944 1650 1987 Regulares
1670 1946 1865 1980 subserviunt
1876 1968 1886 1982 ‚
1906 1948 1939 1977 &
1957 1944 2171 1988 Coadjutores
2191 1945 2258 1977 exi-

1256 1988 1338 2020 stunt
1348 2010 1359 2026 ,
1381 1988 1414 2020 in
1426 1989 1650 2029 praedicatione
1662 1991 1749 2021 verbi
1760 1989 1843 2026 Dei,
1861 1990 1894 2021 in
1904 1988 2184 2021 sacramenrorum
2204 1990 2256 2020 ad-

1254 2031 1486 2066 ministratione
1496 2055 1506 2069 ‚
1526 2035 1559 2066 &
1578 2034 1611 2065 in
1631 2032 1751 2073 caeteris
1761 2056 1771 2070 ‚
1793 2043 1862 2073 qnae
1883 2036 1919 2064 ad
1942 2032 2071 2064 salutem
2094 2032 2255 2072 pertinent

1255 2075 1453 2113 animarum,
1475 2085 1506 2107 ut
1520 2075 1645 2109 habetur
1655 2079 1689 2109 in
1698 2086 1765 2118 cap.
1794 2078 1848 2109 Ex
1861 2076 2044 2107 austeritate
2059 2086 2106 2113 19.
2118 2074 2211 2115 quaest‘.
2228 2085 2253 2108 ι.

1252 2120 1285 2150 &
1297 2120 1391 2151 docet
1403 2119 1433 2152 S.
1445 2119 1560 2152 Thom.
1571 2123 1605 2152 in
1617 2132 1645 2151 2.
1657 2132 1685 2154 2.
1707 2118 1800 2160 quaest.
1820 2123 1889 2158 187.
1900 2129 1962 2151 art.
1979 2129 2003 2151 1.
2024 2118 2103 2160 verſs
2116 2118 2179 2151 Sed
2189 2130 2256 2151 con-

1253 2171 1304 2194 tra
1314 2185 1324 2199 ,
1345 2162 1383 2195 &⁴
1393 2161 1485 2204 quaest.
1503 2167 1571 2197 188.
1592 2173 1653 2196 art.
1664 2174 1694 2202 4.
1714 2160 1917 2204 Qiaproprer
1929 2162 2020 2195 Host.
2041 2165 2075 2194 in
2085 2170 2150 2202 cap.
2170 2164 2255 2194 Inter

1254 2215 1360 2238 cetera
1370 2217 1450 2239 num.
1468 2211 1514 2239 16.
1536 2207 1616 2248 vers.
1640 2206 1743 2240 Hodie
1752 2206 1952 2248 tamensupra
1962 2205 1999 2237 de
2009 2204 2056 2248 off.
2067 2204 2164 2237 ordin.
2186 2216 2259 2238 exa-

1254 2259 1345 2288 gerat
1357 2250 1447 2282 vaide
1458 2252 1630 2284 dolendum
1641 2273 1651 2287 ‚
1671 2252 1756 2292 quod
1769 2250 1911 2291 Episcopi
1924 2261 1989 2282 non
2007 2249 2181 2290 agnoscant
2196 2248 2258 2280 R!-

1254 2293 1377 2332 gulares
1389 2294 1448 2326 effe
1458 2293 1671 2336 Coadjutores
1683 2294 1753 2325 suos
1764 2316 1775 2329 ‚
1795 2294 1948 2334 adjiciens
1969 2292 2163 2326 paraclitum
2183 2302 2254 2331 pro-

1253 2336 1360 2368 videre
1384 2348 1436 2377 pei·
1455 2336 1594 2371 Ordines
1611 2337 1855 2370 Praedicatorum
1866 2359 1876 2372 ,
1897 2338 1929 2367 δε
1950 2336 2142 2370 Minorum‚·
2174 2334 2253 2368 licet

1253 2390 1319 2411 non
1331 2390 1441 2413 ornnes
1452 2381 1578 2421 capiant
1597 2381 1726 2412 verbum
1739 2379 1838 2415 istud,
1857 2380 1946 2421 cujus
1967 2378 2091 2410 dietum
2111 2376 2252 2411 referunt

1253 2422 1371 2454 ibidem
1380 2424 1471 2463 Joan.
1483 2424 1581 2454 Andr.
1593 2433 1672 2454 num.
1689 2433 1735 2455 ro.
1748 2420 1828 2463 vers.
1838 2421 1917 2454 dicit
1928 2421 2046 2453 demum
2062 2443 2072 2457 ,
2091 2420 2146 2462 qui
2158 2421 2256 2453 idcir-

1252 2465 1292 2496 ςὸ
1302 2476 1382 2496 num.
1398 2475 1444 2496 ii.
1456 2468 1489 2496 in
1500 2477 1565 2497 ver.
1574 2475 1796 2507 cooperatores,
1818 2465 2048 2507 conqueritur,
2071 2463 2157 2505 quod
2169 2464 2254 2505 Epis-

1254 2508 1325 2549 copi
1335 2508 1431 2540 nostri
1442 2509 1593 2548 temporis
1606 2510 1764 2541 aedificent
1777 2509 1911 2550 parietes
1921 2531 1931 2545 ‚
1951 2510 1986 2540 δε
2005 2508 2191 2540 subtrahant
2201 2519 2255 2540 co-

1255 2552 1376 2583 lumnas
1386 2574 1395 2588 ,
1417 2553 1479 2584 δίς.
1491 2552 1587 2584 Card.
1605 2563 1684 2585 num.
1702 2563 1728 2593 3.
1752 2553 1785 2584 &
1806 2551 1927 2585 silvest.
1946 2554 1981 2588 in
1997 2562 2062 2584 ver.
2082 2549 2250 2592 Epafiopus

1253 2607 1282 2628 n·
1302 2604 1349 2627 12.
1363 2594 1572 2637 verſsDeci'mb
1584 2598 1723 2637 quaeritur
1732 2617 1741 2628 .

384 2804 492 2860 DE
565 2803 1237 2876 MAJORlTATE‚
1295 2803 1414 2861 ET
1497 2797 2094 2879 OBEDIENTIA.

461 2960 570 3011 Idem
603 2962 861 3014 Innocentius
897 2962 995 3014 III.
1039 2961 1088 3011 S.
1127 2958 1357 3025 Stephani,
1392 2964 1447 3015 ἐφ
1471 2957 1521 3010 S.
1546 2958 1718 3014 Proculi
1754 2956 2016 3011 Abbatibus.

1070 3028 1383 3097 Bononicnfibus
1398 3069 1411 3081 .

842 3160 1435 3218 CAPUT

1914 3029 1929 3049 Ι

1574 3162 1640 3216 Χ.

228 3316 391 3397 CUm
407 3315 440 3352 in
469 3313 640 3354 Ecclesii's
664 3310 781 3352 saneti
801 3312 969 3353 Victoris
993 3313 1163 3353 &saneri
1185 3313 1341 3367 Joannis
1359 3312 1404 3352 de
1423 3312 1576 3353 Monte:
1603 3313 1643 3351 &
1666 3309 1761 3351 infrri
1780 3341 1790 3351 .
1823 3311 1907 3350 'Nos
1934 3314 2046 3360 igitur
2067 3310 2113 3350 ad
2137 3305 2252 3348 refor-

333 3366 534 3401 mationem
548 3361 762 3402 eariimdein
786 3360 1029 3406 Ecclefiariiin
1043 3363 1212 3411 diligenti
1225 3360 1460 3402 solicitudine
1486 3362 1719 3403 intendentes
1732 3384 1745 3405 3
1772 3359 1947 3399 universis
1970 3361 2174 3400 Canonicis
2192 3354 2253 3393 de-

230 3410 351 3447 dimus
366 3424 398 3447 in
415 3412 598 3450 mandatis
610 3435 624 3455 s
651 3423 691 3449 ut
707 3410 829 3448 Priori
841 3406 905 3447 suo
920 3412 956 3446 in
970 3411 1052 3455 his,
1078 3424 1159 3459 quae
1171 3410 1216 3448 ad
1228 3423 1312 3448 euin
1327 3414 1513 3457 pertinent
1525 3435 1538 3452 -,
1565 3410 1759 3449 obedirent
1776 3435 1785 3444 .
1805 3409 1983 3459 Cumque
1996 3421 2125 3447 omnes
2139 3408 2253 3459 (qua-

232 3469 319 3495 tuor
337 3458 531 3497 dumtaxat
554 3461 717 3505 exceptis
738 3458 752 3501 )
775 3455 809 3496 sc
826 3456 979 3496 obedire
1001 3459 1096 3496 velle
1119 3457 1358 3497 concorditer
1383 3456 1668 3506 respondissent‚
1695 3456 1858 3504 praedioli
1877 3471 2039 3507 quatuor
2066 3454 2099 3495 se
2118 3465 2251 3492 eontra.

231 3505 399 3546 Priorem
422 3509 459 3546 in
480 3505 689 3554 superbiam
709 3509 894 3554 erigentes
907 3532 919 3550 ‚
945 3504 1034 3546 licet
1047 3505 1090 3545 de
1108 3506 1326 3548 obedientia
1343 3504 1407 3548 suo
1427 3507 1548 3547 Priori
1566 3505 1792 3555 praestanda2
1824 3503 2064 3555 praestitiffqnt
2073 3514 2249 3549 corpora-

2138 3551 2208 3581 liter
