2397 3664
680 4 777 63 De
814 1 1107 73 Constitpt.
1145 21 1201 61 c..
1225 3 1328 70 ,Ne
1346 4 1603 72 ,innitaris
1617 49 1638 64 .,

265 103 352 169 ‘md’
370 92 459 126 hodie
478 89 612 133 amplias
620 100 678 123 non
694 91 741 134 fic
750 110 761 125 ‚
782 87 902 129 assertio
923 86 964 132 est
986 101 1045 121 non
1057 94 1133 120 tote-

265 149 324 171 ran
347 148 366 170 a
375 159 384 168 .

140 193 156 225 3
162 193 196 226 33
219 182 403 224 Opinionem
412 189 567 213 erroneam
575 176 702 218 sequens
709 173 837 214 alicujus
846 174 1002 218 Magistri
1010 195 1020 211 2
1038 174 1058 207 a=
1067 182 1134 216 pec·

269 234 336 257 cato
346 235 404 256 non
425 222 584 264 excusatur
591 241 600 251 ·

142 279 202 312 334
221 266 481 301 Probabilitatum
499 262 566 305 ustis
575 260 618 303 est
632 271 832 295 commentum
839 258 971 295 Diaboli
989 260 1033 294 ad
1047 271 1134 294 ener-

269 309 406 344 vandam
414 310 480 341 vim
489 313 697 347 praceptorum
707 325 717 340 ,
725 316 755 336 n.
767 313 834 346 337.

145 362 201 402 335
223 350 392 397 Opiniones
404 352 541 392 plurime
549 346 597 380 hic
612 346 786 391 referuntur
795 368 806 383 ,
827 357 884 386 qua
905 357 963 380 non
971 347 1047 389 siant
1056 347 1100 380 tol
1103 358 1133 379 e-

268 395 368 429 randae
375 416 386 430 ‚
407 393 446 426 <9-
460 402 564 425 tamen
571 389 657 424 hodie
664 390 685 424 a*
695 389 870 433 quibusdam
892 389 1057 431 Theologis
1062 398 1134 432 pro-

269 438 381 473 habiles
397 444 575 477 reputantur
584 457 592 465 .

142 482 198 527 336
221 485 258 518 A
253 480 411 526 ffertiones
419 480 517 512 multae
527 499 536 513 ‚
547 488 619 517 quas
627 477 758 511 Parochi
765 477 965 520 Parifienses,
975 475 1013 511 ό·
1023 474 1134 510 Rotho-

265 524 419 565 magenses
427 543 438 558 ,
459 523 553 555 Clero
559 521 725 553 Gallicano
741 519 927 553 authoritate
935 523 1133 564 Superiorum

266 565 458 600 damnandas
468 564 678 608 proposuerunt
686 585 697 600 ‚
706 562 882 606 referuntur
891 585 898 594 .
949 561 953 565 ’

142 624 158 657 3
164 621 201 656 37
221 609 459 650 Mcchlinienfis
469 605 699 649 Archiepiscopi
715 605 853 649 Epistola
862 604 905 639 ad
911 609 1044 640 Sacram
1052 609 1134 640 Con-

263 656 473 695 gregationem
486 652 695 696 Inquifitionis
703 649 853 691 adversus
862 648 1066 694 Confeffores,
1084 652 1134 689 qui

267 699 361 731 nimis
368 698 482 730 laxant
491 694 620 729 habenas
624 691 829 735 peccatoribus
838 714 848 728 ‚
871 696 979 726 innixi
982 696 1134 733 pernicio·

258 742 308 786 sis
317 737 503 781 opinionibus
520 735 705 779 quorundam
715 735 938 778 Theologorum
946 757 958 773 2
967 762 969 766 ¹
977 735 1113 780 refertur
1122 757 1135 772 2

268 783 307 817 6*
316 796 367 817 nn.
392 796 407 816 e
447 806 454 813 .

144 838 202 870 339
224 829 262 862 A
259 783 425 871 ffertionsesq
428 793 645 867 qseptemdecim
653 823 828 869 referuntur
840 832 984 865 excerpta
994 835 1034 856 ex
1045 822 1134 856 libris

268 870 478 904 nonnullorum
489 868 707 908 Theologorum
716 889 726 904 ‚
745 879 817 907 quas
816 868 957 912 facultas
966 867 1134 906 Theologi-

268 925 304 948 ca
318 913 523 955 Lovanicnsts
531 912 687 951 judicavit
701 914 737 944 in
748 914 847 953 praxi
868 923 926 943 non
934 910 1113 954 tolerandas
1122 931 1135 946 2

267 956 305 991 ό·
314 955 499 990 authoritate
513 957 708 996 Superiorum
721 953 923 996 prohibendas
933 976 942 984 .
1089 961 1091 963 ·

225 999 442 1042 Gandavensis
450 999 592 1041 Episcopi
600 998 742 1040 Epistola
751 1020 761 1034 ,
779 998 817 1031 Θ·
824 996 1000 1039 affertiones
1017 1000 1135 1037 viginti

259 1044 321 1087 sex
328 1042 369 1076 acl
378 1042 441 1081 ejus
449 1043 674 1086 requifitionem
681 1042 841 1084 cenfisratae
849 1042 871 1073 a*
872 1039 1030 1085 facultate
1038 1040 1135 1074 Theo.

267 1088 367 1127 logica
377 1084 566 1129 Lovanienfi
572 1106 584 1120 2
584 1083 640 1126 sub
649 1083 679 1116 d.
690 1096 720 1117 n.
733 1094 747 1125 3
753 1095 800 1126 39.
811 1084 893 1125 vers
905 1086 968 1117 His
975 1083 1115 1116 addimus
1126 1108 1136 1116 .

142 1141 202 1174 340
220 1129 447 1174 Propo-sitiones
455 1130 517 1172 sex
531 1129 550 1162 a
561 1130 801 1168 congregatione
811 1131 845 1160 S.
857 1127 965 1169 Officii
979 1126 1135 1171 qualifica-

248 1174 253 1178 “
267 1182 301 1206 tae
310 1170 385 1215 ,sub
393 1171 424 1204 d.
434 1184 464 1204 n.
477 1182 545 1214 339.
556 1171 635 1213 verfi
646 1173 710 1204 His
719 1170 841 1204 demum
848 1170 1011 1210 adjicimus
1020 1193 1028 1201 .

140 1227 197 1260 341
221 1217 327 1258 Agere
335 1219 497 1252 incertum,
506 1215 543 1249 ὠ·
551 1214 709 1257 dimittere
717 1224 844 1251 certum,
853 1217 885 1248 in
892 1217 1025 1248 materia
1032 1225 1137 1249 mora-

266 1261 292 1293 li
301 1258 343 1303 est
353 1269 507 1301 peccatum
516 1259 645 1293 mortale
653 1281 663 1289 .

141 1314 198 1346 342.
219 1306 301 1337 Pars
306 1303 474 1346 periculofiz
481 1306 516 1335 in
529 1301 746 1346 controversiis
754 1300 921 1336 moralibus
936 1312 997 1342 que
1012 1300 1135 1334 dicatur

266 1359 306 1380 ex
309 1346 465 1388 sententia
475 1348 606 1379 Henrici
620 1345 839 1390 Gandavenfis
847 1368 856 1376 .

140 1400 197 1433 343
210 1389 322 1434 Judex
331 1411 341 1426 ‚
350 1390 450 1433 gloffis
457 1386 695 1432 discrepantibus
704 1410 716 1426 ,
732 1390 843 1430 eligere
849 1387 935 1421 debet
944 1390 1114 1430 opinionem
1125 1410 1136 1425 ,

267 1436 315 1467 cui
324 1437 421 1474 magis
430 1437 512 1466 ratio
519 1432 743 1474 intellettussut
753 1433 901 1475 consentit
912 1455 919 1463 .

139 1483 200 1519 344
218 1479 384 1510 Sententia
391 1476 500 1516 judicis
504 1475 658 1518 sequentis
666 1487 756 1509 unam
767 1479 936 1516 opinionem
945 1478 978 1508 in
987 1478 1136 1512 materia,

263 1523 298 1554 in
307 1531 363 1560 qua
372 1518 414 1563 est
423 1531 551 1561 magnus
558 1517 716 1562 conflit‘tus
724 1540 734 1555 ,
742 1521 830 1552 valet
838 1520 886 1564 ,si
893 1531 952 1554 non
968 1528 1114 1560 appareat
1125 1541 1135 1556 ,

265 1564 372 1608 quasit
382 1566 582 1599 communior,
596 1561 633 1597 (θ’
641 1563 701 1595 illa
710 1574 769 1595 non
774 1563 820 1605 fit
830 1562 934 1603 aperte
937 1562 1027 1605 falsa
1039 1586 1048 1594 .

138 1614 196 1649 345
221 1608 338 1649 Opinio
354 1609 458 1641 verior
479 1604 710 1649 &probabilior
726 1604 747 1639 d
752 1607 780 1651 J
783 1607 956 1648 urisperitis
964 1615 1018 1648 pro
1033 1610 1135 1639 eodem

265 1662 327 1683 acci
349 1660 415 1683 itur
423 1673 432 1680 .

138 1697 198 1735 346
220 1659 347 1735 Opiniop
344 1697 440 1726 tutior
446 1693 601 1737 sequenda
614 1692 657 1736 esi
666 1714 679 1730 2
694 1691 744 1727 ubi
760 1696 863 1733 agitur
869 1693 907 1726 de
924 1694 1058 1734 periculo
1067 1695 1137 1725 ani-

266 1747 336 1773 ma,
362 1740 456 1769 etiam
471 1751 482 1771 ι
493 1738 624 1782 opposita
628 1738 674 1780 fit
675 1738 758 1779 finis
768 1736 953 1777 probabilis,
970 1737 1135 1779 exsenten-

265 1782 312 1812 tia
329 1783 464 1813 Henrici
474 1780 584 1816 Boich,
606 1781 829 1814 &Bellantem
839 1804 846 1810 .

138 1831 198 1864 347
218 1823 405 1864 Opinionem
414 1835 596 1856 communem
606 1826 703 1856 Curia
710 1835 768 1856 non
774 1823 914 1865 sequitur
923 1844 935 1859 a
955 1823 1004 1856 ubi
1015 1833 1136 1857 contra-

263 1869 314 1898 ria
327 1864 369 1908 est
378 1868 485 1898 verior
493 1888 503 1897 .
1053 1888 1055 1891 v

138 1912 196 1952 348
219 1909 334 1950 Opinio
342 1912 509 1942 communis
517 1909 682 1954 judicanda
691 1922 751 1943 non
760 1908 801 1952 est
809 1922 849 1942 ex
859 1910 1058 1943 multitudine
1065 1931 1075 1946 ‚
1085 1909 1137 1949 sed

265 1963 306 1984 ex
322 1952 454 2003 pondere
469 1952 646 1987 Authorum
666 1957 833 1987 materiam
847 1954 1015 1995 diligenter
1034 1956 1136 1992 inqui-

265 2004 397 2028 rentium
405 2018 417 2026 ι

139 2048 199 2081 349
220 2036 403 2071 Doitoribus
416 2041 553 2079 antiquis
560 2042 661 2079 magis
673 2038 871 2083 deferendum
879 2037 923 2081 est
929 2059 941 2075 ,
961 2037 1051 2078 qua'm
1070 2050 1135 2071 mo-

266 2080 389 2117 dernis,
405 2081 443 2114 Θ·
453 2092 577 2120 quatuor
587 2085 723 2114 numeris
731 2083 815 2124 seqq.

138 2133 198 2166 350
217 2125 356 2162 Antiqui
364 2127 468 2162 magni
475 2145 486 2159 2
504 2124 542 2158 ἅ·
552 2136 630 2157 verae
647 2124 846 2166 Philosophiae
854 2124 1012 2157 Authores
1021 2147 1032 2155 .

137 2176 192 2210 351
216 2167 365 2208 Datioi-es
374 2169 514 2204 antiquos
528 2168 721 2206 relinquens,
740 2178 774 2199 ut
793 2166 948 2200 modernis
965 2167 1116 2201 adhereat
1125 2189 1135 2204 ,

263 2220 322 2241 non
338 2207 416 2240 νεὲἶὲ
428 2208 517 2249 sapit
524 2231 536 2240 .

137 2263 153 2296 3
159 2261 173 2293 5
179 2264 196 2285 z
216 2254 246 2285 G
248 2251 320 2294 loffae
328 2251 504 2284 authoritas
514 2263 614 2285 omnes
621 2253 707 2284 alias
713 2249 879 2286 antecedit.

138 2306 194 2339 353
216 2295 392 2381 Ιηιὲἕεὲἒσ
405 2295 564 2371 ἵίιενηεηι.
582 2305 610 2328 1.
628 2298 657 2334 §e
665 2294 761 2340 final.
772 2296 808 2329 de
825 2300 851 2330 S
853 2308 945 2330 umm.
962 2298 1086 2330 Trinit.
1097 2298 1135 2331 &

313 2350 328 2370 e
371 2347 404 2371 at
425 2350 441 2369 o
457 2361 467 2369 .

137 2392 154 2426 3
158 2390 198 2425 54
218 2384 400 2424 Opinionem
407 2379 593 2423 probabilem
601 2382 711 2415 relista
719 2381 923 2423 probabiliori
930 2395 966 2416 ac
975 2387 1084 2416 tutiori
1093 2396 1136 2416 ex

257 2426 416 2468 sententia
424 2426 589 2457 multorum
601 2425 821 2466 Theologorum
831 2426 925 2469 nostri
937 2431 1080 2468 temporis
1083 2429 1134 2469 se-

264 2470 314 2507 qui
324 2468 464 2500 nonlicet
471 2480 525 2501 con
539 2470 662 2505 diario,
665 2469 719 2511 seu
728 2471 891 2512 confidtori
897 2474 1071 2504 animarum
1081 2493 1090 2501 .

138 2520 193 2555 355
216 2514 294 2545 Item
305 2523 357 2543 nec
356 2511 386 2552 J
389 2510 467 2544 udici
479 2533 493 2547 ,
553 2524 605 2544 nn.
606 2511 688 2554 seqq.
701 2513 841 2555 usquead
847 2526 876 2546 n.
890 2524 963 2557 373.

221 2558 302 2588 Item
310 2567 362 2587 nec
378 2554 508 2588 Medico
518 2577 529 2590 ‚
547 2568 578 2587 n.
591 2565 628 2597 37
634 2566 661 2597 3.
669 2560 706 2589 Φ·
714 2568 766 2589 nn.
770 2559 856 2599 seqq.

220 2601 300 2632 Item
310 2610 365 2630 nec
373 2599 448 2636 Regi
457 2595 710 2638 inbellogerendo
717 2620 729 2635 ‚
737 2612 769 2632 n.
781 2610 817 2642 37
821 2609 851 2640 5.

221 2644 252 2675 Ε
254 2652 267 2674 t
277 2641 369 2674 multo
380 2639 483 2674 minas
493 2644 527 2673 in
535 2639 735 2681 essentialibus
742 2646 1010 2686 Sacramentorum
1018 2665 1033 2680 2
1051 2655 1134 2677 num-

268 2690 338 2726 376.
349 2683 534 2724 &nn-seqq.
543 2683 633 2725 usque
649 2689 691 2717 ad
699 2698 730 2718 n.
743 2690 813 2727 381.

141 2738 156 2770 3
158 2737 175 2774 5
179 2731 199 2761 6
210 2726 322 2773 ‚Iudex
331 2730 365 2759 in
373 2739 426 2760 cau
422 2728 470 2771 fis
478 2725 689 2760 criminalibus
688 2728 774 2770 sequi
783 2728 880 2807 petel}
886 2733 1054 2771 opinionem
1062 2740 1133 2771 pro-

266 2769 347 2804 babil
350 2782 395 2803 em
404 2792 416 2806 ‚
426 2781 482 2811 que
487 2769 526 2814 fa
531 2780 584 2802 vet
593 2781 641 2803 reo
651 2792 663 2807 ,
670 2772 780 2804 relicta
785 2781 841 2812 pro
860 2773 1007 2810 abutare,
1015 2785 1072 2814 que
1075 2773 1132 2818 fa-

265 2824 320 2847 vet
327 2813 403 2857 fisco
412 2835 425 2850 ‚
438 2815 471 2856 si
475 2812 677 2856 probabilitas
688 2814 918 2856 verseturcirca
927 2816 1047 2861 fai‘lum
1059 2840 1067 2848 .

139 2867 155 2900 3
160 2865 202 2899 57·
220 2857 287 2892 Imo
293 2867 415 2891 tenetur
430 2869 462 2890 eo
471 2857 538 2899 casu
545 2868 630 2890 reum
645 2856 728 2901 abfhl
733 2869 803 2891 vere
810 2879 824 2894 ‚
839 2869 880 2892 ex
890 2860 1048 2901 sententia
1057 2873 1132 2894 non-

266 2902 419 2934 nullorum
429 2901 653 2941 Theologorum
659 2923 672 2932 .

222 2947 420 2979 Contrarium
430 2943 607 2989 defenditur
614 2966 626 2981 ,
634 2945 708 2989 fine
715 2942 918 2985 probabilitas
924 2946 1134 2989 verseturcir-

265 2988 421 3032 cajat’lum
428 3010 440 3024 >
448 3000 478 3020 n.
491 2999 506 3029 3
511 2991 558 3028 58-
568 2987 609 3022 (ῥ’
614 2988 827 3033 nn.seqq.five
835 2992 921 3022 circa¹
927 2989 975 3029 jus
984 3011 995 3027 ‚
1014 3002 1045 3023 n.
1061 2995 1131 3034 366.

264 3030 304 3065 (ῥ’
311 3031 450 3073 nmseqq.
458 3032 543 3075 ufi1ue
551 3031 598 3064 ad
613 3043 643 3063 n.
656 3041 727 3073 373.

142 3081 175 3115 35
180 3074 201 3107 8
209 3073 460 3118 Judexspefiare
468 3087 527 3108 non
535 3073 622 3108 debet
630 3095 645 3111 2
658 3087 699 3107 an
707 3074 900 3115 probationes
906 3076 989 3118 Fasti
995 3084 1131 3117 prepon-

265 3116 373 3151 derent
386 3116 612 3158 probationibus
620 3121 666 3150 rei
675 3139 689 3154 „
699 3119 757 3160 sed
772 3130 813 3150 an
821 3130 862 3151 ex
870 3119 997 3161 processi«
1007 3121 1131 3161 resultet

264 3161 402 3201 probatio
409 3161 560 3204 fiifficiens
567 3161 608 3194 ad
617 3160 876 3195 condemnandum
885 3183 900 3198 ,
906 3162 945 3196 ὦ·
952 3175 1004 3196 nn.
1005 3164 1094 3206 seqq.

144 3209 201 3244 359
224 3203 410 3244 Accusatore
424 3217 482 3237 non
489 3204 635 3245 probante
642 3226 656 3241 ‚
672 3216 743 3237 reu-c
749 3203 922 3248 absolvitur
929 3228 938 3237 .

142 3250 202 3287 360
222 3247 358 3290 Etiamfi
368 3259 433 3280 rcus
444 3247 522 3281 nihil
526 3247 709 3289 probaverit
717 3271 729 3279 .

141 3292 176 3329 36
184 3298 196 3322 1
221 3290 375 3329 Exceptio
379 3294 524 3332 negativa
534 3300 592 3332 pro
597 3300 684 3333 parte
694 3294 742 3325 rei
755 3303 814 3328 non
820 3289 865 3334 es?
869 3291 1025 3332 probanda
1034 3315 1042 3324 .

139 3335 199 3374 362
219 3331 388 3374 Accusatus
395 3353 411 3369 ‚
427 3335 479 3367 vel
499 3337 659 3379 inquifitus
669 3356 679 3372 ‚
699 3338 794 3368 etiam
810 3334 878 3377 post
891 3336 1107 3377 accusationem
1117 3358 1130 3372 ‚

267 3376 321 3408 vel
337 3377 559 3420 inquifitionem
567 3399 581 3413 ›
600 3391 659 3411 non
675 3378 1050 3422 presumiturculpabiiis,
1067 3381 1129 3423 nisi

267 3417 409 3451 delictum
417 3418 554 3459 probetur
564 3443 576 3451 .

1178 95 1234 130 363
1246 89 1276 133 J
1278 101 1358 121 uaex
1367 111 1377 125 ‚
1399 102 1417 122 a
1429 90 1466 132 so
1490 87 1667 131 ztoproceffu
1677 88 1822 135 offensivo
1831 111 1841 126 ,
1861 104 1898 124 ac
1907 92 2026 169 def-eff
2027 107 2066 126 vo
2077 117 2087 130 ‚
2103 108 2168 135 quo-

1303 132 1390 166 modo
1399 132 1549 174 sedebeat
1564 136 1712 174 gererein
1726 145 1778 166 reo
1786 134 1971 170 condemnan
1996 149 2030 174 o,
2052 140 2104 172 vel
2118 138 2171 172 ab.

1298 174 1450 216 solvendo
1460 200 1468 207 .

1177 222 1238 260 364
1260 217 1459 252 Probationes
1475 222 1508 252 in
1517 218 1726 254 criminalibus
1744 219 1850 255 debent
1859 220 1915 263 effe
1932 223 1996 256 luce
2004 224 2167 257 clariores.

1177 266 1233 304 365
1255 261 1377 305 Indicia
1384 265 1478 295 etiam
1487 261 1678 296 vehementia
1692 262 1734 296 ad
1741 264 1947 308 infligendam
1956 275 2077 307 poenam
2085 269 2151 300 ordi
2156 289 2168 292 -

1302 308 1424 338 nariam
1432 317 1490 337 non
1504 306 1661 347 sufficiunt
1672 330 1679 338 .

1176 352 1236 390 367
1247 349 1277 393 J
1278 347 1378 381 udices
1384 351 1540 389 proniores
1550 349 1604 390 effe
1611 348 1716 383 debere
1724 350 1766 383 ad
1774 349 1989 394 absolvendum
1999 373 2008 389 ‚
2031 352 2119 392 qua'm
2128 354 2168 386 ad

1294 390 1560 426 >condemnandum
1570 413 1581 427 ‚
1602 391 1639 425 &⁶
1659 394 1830 438 consimiles
1850 396 1956 436 regule
1979 397 2096 436 quando
2116 396 2169 430 ha-

1303 433 1394 468 beant
1403 436 1499 468 locum
1510 457 1518 466 .
2054 463 2059 469 ,,

1177 481 1236 520 368
1257 479 1342 520 Laesae
1356 477 1541 519 szestatis
1548 480 1663 511 crimen
1677 490 1718 512 an
1727 484 1900 515 committat
1915 482 2051 516 occidens
2060 487 2125 517 Con
2121 485 2168 528 st-

1301 523 1430 559 liarium
1438 524 1598 561 Principis
1606 543 1614 551 .

1176 569 1236 607 369
1255 564 1407 597 Andreas
1415 563 1451 597 de
1468 564 1589 606 Iscrnia
1599 567 1717 604 Regina
1728 567 1856 609 Joannae
1866 570 2071 614 Consiliarius
2080 571 2167 604 Nea-

1301 609 1366 650 poli
1381 607 1574 641 trucidatur.

1177 661 1238 695 370
1257 655 1321 688 Fur
1330 650 1368 684 de
1376 651 1441 691 jure
1450 663 1492 683 an
1504 651 1551 695 fit
1558 649 1622 694 fhs
1614 651 1786 692 pendendus
1790 660 1845 693 pro
1856 657 1941 687 unico
1953 654 2043 697 furto
2053 667 2165 698 magno

1304 705 1487 735 quantitatis
1500 718 1508 726 .
1535 732 1537 734 ‚

1177 748 1233 781 371
1256 741 1392 781 Rapiens
1398 737 1547 780 publicam
1557 741 1747 772 meretricem
1763 751 1804 772 an
1811 739 1929 773 incidat
1938 743 1971 773 in
1989 750 2108 782 poenam
2119 755 2169 775 ra·-

1303 791 1373 824 ptus
1381 798 1392 813 a
1454 816 1456 818 v

1178 835 1236 867 372
1260 828 1305 858 Et
1315 825 1386 865 quid
1394 825 1431 858 de
1438 827 1565 859 muliere
1585 828 1723 866 rapiente
1731 829 1835 858 virum
1842 849 1851 858 .

1178 878 1238 911 373
1259 869 1407 905 Medicus
1411 870 1555 913 peccat‚fi
1556 868 1690 910 scienter
1698 870 1829 914 applicet
1837 869 1962 909 infirmo
1967 870 2168 905 medicamen·

1304 923 1338 945 ta
1350 911 1442 945 dubia
1450 933 1461 948 ‚
1469 915 1563 947 etiam
1560 913 1592 958 si
1599 913 1704 944 credat
1712 924 1748 945 ea
1756 911 2109 957 probabiliitsprofiaetura
2117 939 2125 946 .

1178 965 1238 999 374
1259 956 1418 997 AEgrotum
1439 957 1550 989 melius
1570 955 1613 998 est
1632 959 1666 988 in
1686 967 1779 988 manu
1799 959 1960 989 Creator-ts
1981 958 2149 996 relinquere
2158 980 2167 994 ‚

1305 1000 1394 1039 qua'm
1400 1000 1534 1040 periculo
1545 1007 1693 1040 exponere
1701 998 1883 1032 dubitabilis
1891 999 2045 1033 medicinae
2055 1023 2062 1031 .

1178 1047 1239 1085 376
1258 1045 1410 1084 Opinione
1417 1041 1569 1084 probabili
1579 1045 1628 1075 uti
1647 1054 1705 1075 non
1715 1044 1786 1075 licet
1794 1045 1828 1075 in
1845 1041 2047 1086 effentialibus
2055 1047 2168 1078 Sacra-

1304 1096 1472 1119 mentorum
1479 1107 1489 1120 ‚
1503 1087 1563 1128 mfi
1571 1088 1605 1117 in
1614 1086 1685 1127 casu
1694 1095 1837 1119 extreme
1846 1087 2026 1129 neceffitatis
2036 1110 2044 1118 .

1178 1139 1239 1173 377
1259 1131 1433 1163 Periculum
1450 1139 1550 1169 grave
1563 1128 1650 1172 facit
1660 1149 1671 1164 ‚
1690 1138 1724 1161 ut
1737 1128 1880 1173 formido
1894 1130 2100 1171 praeponderet
2109 1134 2157 1171 opi
2160 1143 2173 1156 ‘-

1305 1184 1391 1206 niani
1401 1194 1410 1203 .

1179 1219 1239 1259 378
1258 1213 1478 1257 Baptizandus
1487 1212 1529 1258 est
1532 1223 1608 1256 puer
1615 1217 1650 1247 in
1662 1215 1800 1256 periculo>
1807 1217 1918 1247 mortis
1926 1215 2104 1259 constitutus
2113 1239 2124 1254 ‚
2137 1218 2171 1262 si

1305 1259 1376 1299 quid
1388 1267 1536 1300 appareat
1545 1268 1639 1290 extra
1649 1268 1766 1290 uterum
1777 1280 1784 1288 .

1178 1313 1240 1346 379
1258 1302 1408 1337 Sacerdos
1417 1299 1551 1343 existens
1560 1304 1595 1333 in
1600 1302 1857 1343 peccatomortali
1864 1322 1875 1338 ‚
1890 1301 1925 1345 st
1943 1311 2059 1343 tempus
2066 1306 2114 1336 ita
2122 1315 2173 1337 ur-

1302 1356 1374 1387 geat
1383 1367 1395 1380 ‚
1413 1355 1445 1377 ut
1455 1357 1514 1377 non
1526 1345 1573 1387 fit
1579 1346 1661 1377 locus
1676 1347 1854 1385 poent'tentiae
1862 1366 1875 1380 ,
1890 1344 1986 1387 potest
1993 1349 2070 1379 mini
2065 1346 2169 1389 strare

1304 1394 1539 1423 Sacramentum
1560 1386 1666 1431 absque
1671 1396 1792 1428 peccato
1802 1411 1809 1418 .

1178 1437 1242 1476 330,
1258 1431 1419 1467 Sacerdoti
1429 1432 1554 1471 eligenti
1561 1434 1731 1471 opinionem
1740 1428 1924 1472 probabilem
1933 1433 1964 1463 E
1966 1432 2024 1464 ccle
2019 1432 2071 1477 sta
2080 1435 2172 1465 mini-

1304 1475 1352 1509 me
1367 1473 1477 1508 tribuit
1483 1475 1721 1516 jurisdifiionem
1736 1474 1778 1508 ad
1787 1473 2029 1515 absolvendum,
2044 1477 2104 1519 nist
2123 1487 2171 1508 er-

1303 1530 1360 1552 ror
1369 1519 1411 1562 fit
1419 1521 1583 1552 communis
1594 1539 1609 1553 ’-
1626 1517 1783 1551 &titulus
1798 1520 1959 1560 putativus
1968 1521 2132 1560 proveniat
2151 1519 2172 1552 a'

1306 1565 1443 1603 legitimo
1458 1565 1483 1595 S
1485 1564 1621 1603 aperiore
1630 1584 1638 1593 .

1181 1610 1218 1650 38
1225 1618 1238 1640 1
1263 1605 1431 1640 Advocato
1448 1617 1489 1638 an
1511 1605 1549 1638 &⁴
1565 1604 1684 1645 quando
1698 1606 1792 1639 liceat
1803 1607 1999 1647 patrocinari
2005 1605 2173 1649 secundum

1306 1652 1477 1691 opinionem
1485 1647 1673 1690 probabilem
1682 1670 1692 1686 2
1703 1650 1741 1683 (9'
1748 1647 1978 1692 nn-stqq.usque
1987 1648 2027 1682 ad
2034 1662 2065 1683 n.
2077 1660 2146 1689 392.

1180 1697 1237 1737 382
1261 1693 1320 1727 Ad
1324 1703 1445 1726 vocatus
1453 1695 1486 1724 in
1497 1693 1611 1734 causa‚i
1613 1705 1632 1725 n
1640 1703 1697 1732 qua
1705 1696 1854 1732 utrimque
1857 1692 1931 1734 fient
1940 1695 2092 1733 opiniones
2099 1694 2172 1732 aque*

1302 1734 1471 1780 probabiles
1481 1756 1491 1771 2
1505 1736 1537 1779 fi
1543 1744 1692 1777 proponat
1701 1737 1844 1769 clientulo
1860 1747 1927 1769 rem
1934 1746 2090 1774 tamquam
2107 1748 2172 1769 cer-

1306 1791 1370 1813 tam
1381 1801 1391 1816 ‚
1399 1781 1549 1812 mentitur
1558 1800 1569 1815 ,
1592 1777 1629 1812 ὠ
1636 1789 1756 1811 tenetur
1763 1781 1792 1812 ei
1800 1779 1842 1812 ad
1850 1777 1965 1812 damna
1975 1779 2012 1813 (ῥ’
2020 1779 2156 1820 intereffe
2165 1802 2172 1810 .

1179 1828 1216 1867 38
1222 1835 1236 1866 3
1257 1824 1320 1857 Sed
1327 1835 1386 1856 non
1403 1819 1574 1863 prohibetur
1583 1825 1618 1855 in
1637 1822 1726 1863 causa
1735 1821 1826 1856 dubia
1832 1825 2026 1863 patrocinari
2037 1844 2048 1859 ‚
2062 1823 2096 1867 fi
2104 1831 2172 1863 ape-

1305 1869 1370 1899 riat
1380 1866 1526 1900 clientulo
1541 1876 1606 1897 rem
1617 1863 1739 1897 dubiam
1760 1864 1836 1907 effe.⁴

1180 1914 1240 1953 384
1262 1910 1399 1944 Temere'«
1409 1911 1538 1948 litigare
1546 1919 1611 1940 non·
1627 1907 1742 1941 dicitur
1750 1929 1761 1945 ‚
1783 1910 1833 1948 qui
1853 1907 2011 1952 dubiurest
2018 1930 2030 1945 ‚
2050 1908 2103 1948 sed
2123 1913 2172 1948 qui

1306 1954 1364 1993 scit
1370 1953 1415 1992 jus
1425 1963 1483 1984 non
1493 1950 1600 1984 habere
1611 1974 1618 1982 .

1180 2001 1238 2039 385
1260 1999 1348 2031 Lites
1354 1998 1530 2037 plerumque
1546 1998 1582 2027 de
1592 2005 1625 2027 re
1634 1993 1726 2028 dubia
1743 1993 1944 2037 instituuntur
1952 2017 1967 2027 ι

1180 2044 1239 2081 386
1262 2040 1427 2073 Advocati
1435 2039 1510 2070 retii·
1519 2040 1674 2070 meliorem
1685 2041 1788 2071 vitam
1790 2038 1917 2082 faciunt
1926 2060 1936 2076 ‚
1946 2038 2035 2079 qua‘m
2044 2041 2172 2072 Fratres

1307 2083 1529 2116 Praedicatores
1538 2103 1547 2117 ‚
1564 2082 1612 2114 vel
1620 2083 1680 2114 alii
1690 2083 1837 2126 Religiofi
1846 2105 1854 2113 .

1180 2130 1239 2168 387
1261 2127 1429 2159 Advocato
1439 2137 1498 2157 non
1508 2126 1579 2157 licet
1587 2128 1783 2165 patrocinari
1790 2134 1846 2166 pro
1849 2134 1941 2167 parte
1949 2123 2050 2160 minin
2061 2122 2170 2166 proba-

1307 2167 1364 2203 bili
1372 2178 1479 2202 contra
1495 2166 1729 2210 probabiliorem
1739 2191 1747 2199 .

1179 2215 1240 2255 388
1262 2213 1401 2256 Etiamfi
1416 2211 1534 2252 pandat
1543 2212 1687 2245 clientulo
1701 2215 1840 2246 rationes
1848 2211 2026 2255 adversarii
2040 2211 2093 2254 effe
2100 2220 2169 2252 pro-

1305 2255 1466 2289 babiliores
1480 2278 1493 2286 .

1262 2302 1374 2333 Etiam
1369 2300 1402 2343 fi
1411 2311 1470 2331 non
1473 2300 1521 2343 fit
1529 2297 1783 2342 causasttnguinis
1792 2320 1803 2336 ‚
1825 2300 1877 2333 vel
1884 2300 2011 2339 majoris
2014 2300 2114 2339 partis
2123 2297 2173 2330 bo-

1305 2354 1409 2375 norum
1419 2364 1430 2378 ‚
1451 2355 1479 2374 n.
1493 2353 1564 2384 390.

1178 2387 1240 2426 389
1259 2385 1445 2420 Advocatus
1455 2407 1465 2421 ‚
1486 2389 1537 2425 qui
1546 2389 1582 2419 in
1588 2388 1738 2427 principio
1745 2387 1813 2419 litis
1833 2384 1965 2419 credidit
1972 2387 2108 2416 rationes
2120 2383 2172 2424 sui

1302 2430 1443 2463 clientuli
1453 2428 1507 2471 effe
1524 2428 1742 2471 probabiliores
1749 2450 1760 2465 ‚
1774 2431 1807 2472 st
1821 2432 1855 2461 in
1874 2437 1961 2468 proce
1967 2427 2001 2467 (lu
2023 2436 2171 2468 appareat

1303 2476 1493 2507 contrarium
1503 2494 1520 2508 ‚.
1535 2473 1785 2512 teneturcausam
1790 2470 1927 2512 deserere
1937 2491 1950 2506 ,
1967 2479 2019 2502 aut
2029 2471 2119 2503 illum
2128 2470 2173 2502 ad

1303 2516 1497 2550 concordiam
1505 2516 1648 2547 inducere
1654 2536 1669 2544 ..

1177 2569 1214 2600 39
1221 2569 1233 2591 1
1257 2561 1286 2592 F
1286 2562 1349 2590 ursi
1357 2559 1438 2590 attio
1444 2559 1543 2590 datur
1549 2559 1643 2589 etiam
1662 2565 1717 2596 pro
1727 2567 1760 2589 re
1766 2558 1896 2589 minima
1907 2579 1915 2587 .

1175 2612 1235 2645 392
1256 2603 1441 2643 Opinionem
1450 2599 1553 2633 minias
1560 2597 1747 2640 probabilem
1749 2599 1877 2641 sequens
1886 2621 1896 2636 ‚
1906 2611 1940 2632 ac
1947 2601 2050 2632 minas
2057 2608 2168 2633 tutam,

1302 2645 1409 2676 relicf‘ta
1416 2642 1618 2684 probabiliori
1625 2664 1636 2679 ‚
1656 2654 1692 2676 ac
1701 2646 1830 2680 tutiori,
1851 2642 1893 2685 est
1902 2642 2037 2676 maxime
2054 2646 2167 2684 impru<

1303 2687 1377 2720 dens
1386 2708 1396 2723 ,
1417 2698 1454 2719 ac
1471 2690 1653 2719 temerarius
1662 2709 1670 2717 .
2025 2719 2027 2724 ,

1175 2742 1237 2774 394
1257 2733 1366 2764 Verum
1383 2729 1425 2772 est
1431 2728 1539 2763 bonum
1551 2730 1719 2763 intelteaus
1728 2740 1741 2766 ‚·
1755 2728 1877 2773 falfiaem
1883 2737 1983 2762 autem
2000 2726 2042 2771 ast
2051 2730 2166 2763 malum

1301 2775 1394 2818 ipsius
1405 2796 1416 2804 .

1176 2825 1232 2860 395
1254 2820 1378 2852 Writas
1393 2819 1457 2857 poti
1452 2816 1575 2858 fflmitm
1586 2815 1763 2856 indaganda
1783 2814 1870 2857 estin
1879 2813 2145 2860 foroconscientiae
2154 2837 2165 2851 ‚

1302 2864 1352 2900 qui
1366 2860 1482 2893 dicitur
1519 2871 1587 2892 orus
1598 2862 1763 2893 veritatis.

1175 2909 1237 2948 396
1255 2905 1448 2947 Conscientia
1464 2915 1478 2935 e
1514 2905 1643 2943 quadam
1659 2901 1856 2943 consonantia
1866 2899 1905 2934 (ῥ’
1923 2900 2085 2935 harmonia
2100 2913 2164 2936 cum

1302 2957 1438 2980 veritate
1449 2969 1456 2977 ι

1175 3002 1236 3035 397
1258 2994 1330 3025 Lex
1335 2991 1516 3033 conscientia
1525 2988 1611 3023 debet
1619 2988 1682 3021 a'ici
1688 2988 1745 3021 lex
1751 2989 1890 3030 Euangel
1893 2990 1941 3022 ica
1949 3009 1961 3025 2
1981 2988 2001 3022 a*
2012 2991 2109 3022 Patre
2118 2989 2162 3020 lu-

1300 3045 1415 3066 minum
1433 3045 1532 3066 oriens
1540 3057 1548 3064 .

1255 3078 1448 3119 Conscientia
1459 3075 1502 3119 est
1509 3076 1651 3116 Angelus
1657 3077 1768 3108 mentis
1777 3075 1882 3118 praeflss
1890 3096 1902 3112 ‚
1917 3073 1993 3108 ibid.

1173 3123 1231 3165 398
1254 3123 1347 3155 Ratio
1356 3121 1507 3153 naturalis
1520 3119 1653 3161 seipsam
1661 3117 1792 3161 ostendit
1800 3140 1814 3156 ‚v
1831 3118 1870 3153 ό·
1890 3121 2057 3152 veritatem
2066 3118 2147 3150 occul
2150 3135 2163 3140 -

1300 3174 1364 3196 tam
1375 3176 1433 3196 non
1448 3163 1527 3207 finit
1540 3185 1547 3191 .

1256 3207 1401 3240 Formido
1409 3207 1521 3246 duplex
1531 3226 1542 3240 ,
1562 3202 1636 3237 ibid.
1644 3206 1725 3248 vers
1736 3204 1794 3238 Ad
1804 3207 1953 3238 rationem
1963 3204 2100 3242 quintam
2109 3225 2117 3234 .

1171 3260 1233 3294 399
1254 3251 1428 3283 Inteliet'tus
1438 3261 1461 3281 c.
1471 3250 1629 3284 Litteras,
1649 3248 1687 3281 de
1700 3248 1800 3291 restit.
1799 3249 1877 3291 spol.
1888 3247 2029 3288 effa-seq.

1169 3306 1234 3337 400
1255 3296 1421 3334 opiniones
1431 3290 1627 3333 distinguens,
1636 3291 1674 3325 ό·
1683 3290 1726 3324 ad
1733 3290 1923 3325 concordiam
1931 3289 2074 3323 reducens
2082 3310 2093 3326 ‚
2101 3301 2160 3324 non

1298 3335 1515 3368 videturalias
1524 3337 1676 3376 opiniones
1684 3333 1843 3376 reprobare
1853 3355 1865 3364 0

1255 3379 1400 3412 Medium
1420 3390 1478 3410 non
1495 3381 1652 3419 opponitur
1672 3379 1822 3411 extremis
1832 3397 1842 3411 ‚
1855 3372 1915 3417 sed
1935 3385 2076 3409 extrema
2093 3378 2106 3407 i
2106 3377 2158 3417 psa

1297 3424 1329 3454 in
1336 3424 1430 3455 :vicem
1442 3431 1625 3462 opponuntur
1635 3443 1643 3453 2
1666 3418 2009 3460 &tmrtuoseperimunt
2023 3440 2032 3454 ‚
2041 3417 2114 3449 iba.

1955 3474 2012 3500 40:
2040 3464 2097 3500 Ep'ss
