2397 3664
293 67 367 122 92
567 36 746 112 Prosp.
766 35 1001 111 Fagnan.
1020 33 1077 94 in
1097 27 1341 97 Primum
1363 33 1592 95 Librum
1614 32 1890 94 Decretal.
2384 71 2388 109 g

460 176 486 209 S
506 172 539 206 U
555 173 607 207 M
622 171 672 203 M
687 167 724 200 A
745 168 772 201 R
792 166 814 196 Ι
827 163 860 198 U
877 164 939 201 M·

249 274 264 299 ι
287 260 502 341 INtelleitus
510 257 627 301 triplex
645 251 729 291 hujus
738 257 801 291 cap.
812 247 850 287 ᾤ’
863 259 943 283 num.
950 249 1034 292 seqq.
1053 248 1138 290 usqne
1149 247 1192 283 ad

249 360 269 384 2
288 312 470 389 Corrisiiiutlib
479 341 615 382 Capituli
624 341 716 380 super
723 335 770 369 his
781 357 791 372 ‚
812 346 869 375 quae
875 338 1033 381 pertinent
1043 337 1139 371 etiam
1148 333 1190 369 ad

335 389 510 430 Epistopum
519 384 601 427 ,fine
612 380 755 421 Episcopo
781 380 848 411 alia
858 390 916 411 non
924 380 1010 412 valet
1018 401 1026 410 .

248 444 266 479 3
288 428 532 473 Capitulumfine
542 424 684 468 Episcopi
692 435 745 457 con
762 422 832 464 ensu
839 433 898 458 non
901 419 998 470 potest
1002 419 1135 465 statuere
1138 419 1192 463 su-

337 484 389 515 per
395 471 561 513 refidentia
574 491 582 498 .

247 531 269 565 4
289 520 359 551 Nec
362 516 451 557 fhper
455 511 538 554 statu
550 511 688 554 Ecclefiae
698 533 707 544 .

248 571 265 604 5
287 556 473 600 Consiseiudo
481 567 539 588 non
554 554 710 591 inducitur
716 561 769 595 per
789 551 1015 594 observantiam
1023 551 1102 591 juris
1115 560 1192 583 com-

335 612 435 635 munis
443 622 451 630 .

248 649 268 682 6
290 645 442 688 Rescripti
456 663 466 678 ,
489 643 541 677 vel
560 641 723 685 privilegii
743 639 825 673 idem
845 640 1030 673 continentis
1048 634 1125 677 quod
1144 634 1193 675 jus

332 697 484 721 commune
492 707 502 722 ‚
524 696 582 718 non
589 693 704 725 oportet
713 685 895 719 mentionem
907 681 1014 729 facere
1022 682 1055 715 in
1063 679 1193 726 secundo

335 731 479 773 rescripto
490 750 500 764 ³
522 730 574 761 vel
581 727 748 768 privilegio
762 747 771 757 .

246 784 268 815 7
289 773 374 808 Idem
384 776 416 805 in
432 771 548 814 statuto
557 792 568 807 ,
589 772 641 803 vel
650 767 858 811 confltetudine
867 791 875 801 .

246 822 266 852 8
287 816 469 859 constitutio
479 814 619 855 Capituli
628 834 637 849 ‚
645 823 701 851 quae
711 823 770 844 non
777 811 819 853 est
828 812 991 844 communis
1001 807 1146 844 omnibus,
1155 806 1192 841 ό*

330 869 385 901 per
393 870 479 899 quam
487 860 609 890 tollitur
618 858 745 894 antiqua
753 853 926 895 consuetudo
934 875 945 890 ,
956 864 1014 886 non
1024 853 1112 885 valet
1120 874 1128 882 .

245 915 266 943 9
287 902 471 946 Constitutio
480 901 614 939 Collegii
622 901 654 931 in
663 898 808 930 damnum
816 899 985 935 aliquorum
993 917 1003 931 ,
1021 895 1060 928 (ῥ’
1066 904 1193 927 commo-

331 952 402 979 dum
410 946 541 983 aliorum
551 964 560 978 ‚
576 941 702 982 ceffante
711 938 891 972 rationabili
898 937 985 979 causa
995 959 1005 974 ‚
1024 949 1081 970 non
1090 947 1173 970 tenet
1183 960 1191 968 .

225 1000 266 1027 10
286 990 400 1028 Major
419 996 490 1028 pars
499 985 639 1025 Capituli
654 984 724 1027 sine
733 980 913 1015 rationabili
927 982 1014 1023 causa
1024 993 1082 1015 non
1099 978 1193 1022 potest

332 1033 439 1066 tollere
458 1026 698 1070 consuetudinem
719 1046 729 1062 ,
759 1026 928 1059 utilitatem
955 1027 1118 1065 privatam
1139 1035 1193 1056 nu-

334 1077 379 1108 tri
396 1072 455 1106 ndo
465 1095 472 1102 .

225 1128 241 1157 ζ
249 1129 262 1156 1
285 1087 473 1160 Consu‘ttudo
481 1125 539 1146 non
546 1124 580 1146 re
575 1112 700 1158 fidendi
708 1133 718 1149 ‚
726 1111 763 1145 ὠ·
770 1109 955 1152 percipiendi
955 1109 1075 1154 fruiius
1083 1108 1153 1143 bene
1150 1108 1193 1153 fi-

330 1158 371 1194 cii
379 1163 413 1192 in
422 1157 559 1200 abfintia
569 1177 579 1192 ‚
587 1168 628 1189 an
636 1156 744 1189 valeat
753 1176 763 1191 ,
783 1153 820 1187 ά
830 1166 859 1186 n.
863 1154 944 1195 seqq.
956 1154 1042 1196 ufique
1051 1153 1092 1185 ad
1102 1165 1132 1185 n.
1145 1158 1191 1194 36.

291 1202 376 1238 Ouid
386 1206 419 1235 in
427 1199 579 1243 beneficiis
582 1197 789 1242 simplicibus,
804 1209 833 1229 n·
850 1206 896 1238 13.
907 1199 952 1229 Et
962 1197 1034 1235 quid
1041 1199 1076 1228 in
1084 1195 1194 1238 benefi-

289 1237 389 1280 K‘ciis
397 1249 431 1278 in
440 1240 676 1277 Cathedralibus
686 1263 696 1277 ,
704 1241 741 1275 Θ
748 1241 931 1280 collegiatis
941 1239 1086 1282 Ecclefiis
1093 1260 1104 1275 ‚
1113 1250 1192 1271 num.

335 1293 382 1323 18.
395 1291 441 1321 Et
450 1286 520 1327 quid
527 1289 561 1318 in
569 1284 719 1327 beneficiis
728 1285 842 1317 curatis
851 1304 862 1317 ‚
889 1294 918 1314 n.
933 1287 980 1323 36.
1031 1284 1035 1286 “

218 1341 240 1371 ‘1
247 1347 264 1371 2
285 1331 438 1376 Beneficia
459 1332 561 1363 omnia
570 1328 607 1361 de
621 1328 684 1368 jure
699 1328 847 1363 commum·
859 1326 978 1372 scripto
996 1335 1030 1357 re
1023 1322 1194 1370 fidentiam

332 1377 488 1415 requirunt
504 1397 512 1406 .

217 1427 240 1456 '1
247 1432 263 1464 3
284 1417 467 1462 Beneficium
477 1416 569 1449 datur
575 1423 697 1456 propter
705 1415 834 1456 officium
844 1436 852 1445 .

216 1474 266 1508 ,14
286 1461 420 1505 Benefici
422 1473 441 1493 a
443 1461 599 1503 fimplicia
606 1457 643 1490 de
649 1458 785 1498 generali
795 1455 1002 1498 consuetudine
1005 1456 1194 1498 perfimalem

330 1504 530 1549 refidentiam
539 1513 597 1534 non
606 1504 763 1540 requirunt
772 1523 780 1531 .

215 1558 260 1592 {15
284 1553 311 1584 S
310 1548 348 1582 ed
351 1548 432 1591 satis
441 1545 483 1589 est
491 1546 557 1578 illis
567 1545 723 1586 deservire
730 1552 784 1583 per
786 1541 981 1584 fisbffitutum
991 1563 999 1573 .

214 1599 263 1630 2:16
284 1590 471 1668 Consuetudo
479 1600 536 1622 non
544 1586 697 1632 refidendi
705 1589 738 1620 in
747 1583 900 1629 beneficiis
902 1582 1092 1629 simplicibus
1107 1585 1191 1619 vali-

354 1647 373 1667 a
390 1633 431 1676 est
439 1656 447 1664 .

213 1684 264 1720 ¹37
285 1675 470 1720 Consuetudo
480 1673 634 1708 obtinendi
641 1675 730 1716 plura
737 1671 882 1715 beneficia
884 1672 1056 1716 fimplicia‚
1059 1671 1092 1716 si
1101 1681 1191 1704 unum

323 1722 370 1765 fit
370 1721 407 1763 fi⁴
403 1720 524 1762 fficiens
532 1716 572 1750 ad
576 1716 826 1758 sustentationem
835 1736 846 1750 ,
866 1727 906 1747 an
916 1715 1024 1747 valeat
1034 1737 1042 1745 .

213 1770 261 1804 ⁴18
282 1761 469 1806 Consuetudo
473 1759 661 1802 percipiendi
671 1756 952 1803 fruituspraebendae
970 1760 1003 1790 in
1012 1755 1151 1798 absentia
1158 1759 1191 1789 in

328 1803 562 1841 cathedralibus
573 1804 721 1846 Ecclefiis
739 1803 825 1834 valet
835 1802 870 1833 de
879 1801 943 1839 jure
963 1802 1127 1833 communi.

214 1858 262 1892 '19
284 1853 422 1886 Clericus
440 1844 737 1887 vagabundus-potest
755 1844 797 1877 ad
813 1855 846 1875 re
840 1845 873 1888 fi
875 1843 1010 1876 dentiam
1028 1843 1172 1875 revocari
1181 1863 1191 1879 ,

215 1889 217 1892 ’
326 1893 400 1927 licet
409 1892 470 1931 ejus
477 1888 649 1933 beneficium
666 1887 858 1930 personalem
866 1886 1066 1931 restdentiam
1076 1897 1135 1919 non
1144 1896 1191 1918 re-

380 1945 431 1968 rat
440 1958 448 1966 .

215 1985 263 2017 '20
284 1949 471 2023 Cozsisetudo
479 1978 561 2018 perci
558 1973 664 2017 piendi
666 1974 786 2017 fruitus
789 1970 947 2014 probando
957 1975 992 2005 in
1001 1970 1140 2013 absentia
1150 1984 1191 2004 an

329 2024 436 2056 valeat
444 2033 475 2054 eo
484 2020 550 2062 casu
558 2040 569 2055 ‚
590 2021 622 2051 in
630 2028 683 2057 quo
692 2019 863 2052 Canonicus
871 2014 976 2058 absens
985 2027 1042 2050 non
1059 2015 1191 2061 inservit

326 2075 381 2108 per
388 2062 583 2107 substitutum
594 2085 602 2092 .

217 2121 258 2145 21
285 2112 330 2143 Et
340 2107 411 2148 quid
422 2105 484 2150 post
493 2106 662 2140 Concilium
673 2102 873 2137 Tridentium
883 2125 891 2133 .

219 2166 261 2190 22
282 2150 466 2196 Consuetudo
476 2146 730 2183 immemorabilis
739 2168 749 2183 ‚
763 2144 930 2188 secundum
939 2155 1025 2184 quam
1034 2156 1074 2177 ex
1084 2147 1192 2183 quavis

330 2194 419 2236 causa
427 2215 437 2230 ‚
456 2192 493 2226 &¹
503 2194 587 2225 ultra
596 2201 659 2224 tres
668 2190 782 2232 menses
792 2188 829 2222 ab
839 2191 867 2220 E
869 2189 986 2232 eclesiis
995 2186 1192 2221 Cathedrali-

330 2238 381 2272 bus
390 2236 481 2278 abeffe
489 2237 565 2269 licet
572 2256 582 2271 ,
586 2232 709 2275 sublata
718 2233 759 2275 est
768 2232 789 2266 a
799 2233 935 2265 Concilio
944 2230 1132 2264 Tridentino
1141 2252 1149 2260 .

219 2292 260 2326 23
281 2280 469 2324 Consuetudo
480 2282 511 2313 E
514 2279 573 2312 cele
568 2279 620 2321 fiae
628 2280 656 2313 C
656 2275 869 2318 ompostellanae
879 2295 888 2310 a
899 2285 954 2313 qua
964 2272 1131 2313 dignitates
1140 2269 1192 2304 ab<

324 2325 428 2368 sentes
433 2332 489 2365 pro
497 2322 526 2361 ju
522 2321 614 2364 stitia
623 2318 828 2361 minislranda
847 2316 992 2353 habentur
998 2325 1054 2359 pro
1065 2316 1194 2358 praesen-

329 2366 410 2401 tibus
419 2388 430 2403 ,
443 2365 569 2407 sublata
576 2363 617 2406 est
624 2365 644 2396 a*
654 2364 791 2396 Concilio
801 2385 809 2394 .

220 2423 264 2455 24
283 2410 473 2452 Consuetudo
484 2412 581 2441 etiam
590 2404 842 2439 immemorabilis
857 2415 917 2437 non
926 2403 1048 2446 excusat
1058 2405 1194 2436 Canoni-

330 2466 377 2488 cos
386 2451 424 2487 ab
433 2454 536 2492 aliqua
543 2450 617 2483 hora
634 2451 720 2482 iliius
729 2449 792 2482 diei
801 2469 811 2484 ,
833 2458 886 2487 quo
893 2447 978 2480 choro
997 2445 1133 2488 intereffie
1149 2456 1195 2478 te-

332 2506 441 2530 nentur
448 2517 458 2532 ,
477 2508 508 2528 eo
517 2502 664 2535 praetcxtu
674 2514 686 2529 2
704 2491 782 2533 quod
788 2490 892 2534 adfint
906 2492 966 2524 alii
973 2488 1011 2523 ab
1020 2490 1094 2533 ipfis
1101 2491 1179 2532 miffi
1186 2510 1193 2520 .

224 2550 261 2583 25
283 2538 472 2582 Consuetudo
489 2550 547 2571 non
555 2534 706 2581 refidendi
717 2556 727 2572 ,
746 2533 814 2568 ciim
822 2533 962 2577 Ecclefia
971 2554 981 2568 ‚
998 2535 1048 2580 pel
1058 2532 1195 2572 dignitas

332 2585 431 2617 nullos
439 2580 547 2615 habent
565 2579 700 2612 redditus
710 2600 720 2614 ‚
742 2578 814 2610 licet
823 2577 931 2609 valeat
949 2580 986 2608 de
995 2585 1059 2615 pure
1068 2586 1196 2609 commu-

333 2630 365 2660 ni
374 2649 383 2662 ‚
392 2637 496 2659 tamen
499 2622 624 2666 sublata
633 2621 674 2667 est
684 2620 704 2654 d
712 2622 852 2659 Concilio
862 2618 1009 2653 Trident.
1019 2621 1053 2652 in
1063 2620 1196 2653 Canoni-

337 2669 450 2703 caribus
460 2691 470 2705 a
493 2667 530 2701 ἴθ’
539 2668 667 2700 Curatis
678 2687 685 2695 .

226 2716 266 2747 26
289 2712 532 2745 Archidiaconus
543 2732 553 2747 ,
564 2710 602 2743 ῥ’
610 2706 874 2752 Archipresbyter
883 2706 1084 2738 Auximanus
1093 2714 1196 2737 tenen-

338 2764 387 2787 tur
402 2767 433 2787 re
448 2754 532 2788 idere
541 2776 551 2791 ,
572 2753 646 2787 licet
655 2753 754 2785 nullos
770 2748 898 2785 habeant
907 2748 1045 2783 redditus
1054 2769 1064 2784 ‚
1079 2747 1137 2790 scd
1144 2748 1197 2790 so-

340 2798 405 2830 lum
446 2800 539 2834 allum
548 2801 581 2829 in
599 2795 702 2829 choro.

233 2850 274 2881 27
296 2842 471 2874 Decanatus
485 2840 621 2875 Clodien.
632 2837 740 2872 habens
757 2836 868 2870 nudam
889 2836 1146 2876 praeminentiam
1163 2836 1197 2866 in

340 2884 547 2927 Ecclefiafine
558 2882 761 2927 jurisdiiiione
770 2877 932 2925 ,futilibus
943 2899 952 2914 ,
963 2878 1032 2912 dote
1040 2898 1050 2913 ³
1059 2889 1130 2911 voce
1139 2898 1149 2914 2
1159 2877 1197 2910 Θ·

339 2927 402 2958 loco
411 2929 444 2957 in
454 2928 593 2967 Capitulo
602 2948 611 2962 ‚
628 2925 825 2969 refidentiam
835 2934 891 2955 non
900 2923 1029 2961 requirit
1039 2943 1046 2951 .
1168 2946 1172 2950 .

232 2973 271 3005 28
292 2971 441 3004 Canonici
449 2981 488 3000 an
495 2971 599 3011 possint
610 2972 644 3002 in
656 2969 791 3011 servitio
801 2966 940 3012 Ecclestae
949 2985 960 3001 2
980 2967 1017 3000 (5¹
1025 2961 1119 2998 Chori
1129 2962 1197 3006 sese

342 3014 473 3044 invicem
488 3011 664 3053 ‚substituere
673 3035 682 3042 .

231 3066 273 3094 29
295 3057 338 3088 Et
348 3054 418 3095 quid
427 3057 460 3086 in
470 3053 635 3094 absentibus
644 3055 664 3086 a
675 3058 804 3088 civitate
814 3077 822 3085 .

232 3109 274 3141 30
295 3100 342 3131 Εἰ
351 3099 421 3137 quid
429 3100 461 3130 in
468 3097 706 3138 permittentibus
715 3101 748 3130 in
750 3095 902 3140 suburbiis
912 3118 920 3127 .

234 3152 252 3186 3
259 3153 271 3175 1
294 3140 480 3184 Consuetudo
490 3143 584 3173 etiam
594 3140 839 3175 immemorabilis
847 3151 905 3172 non
921 3137 1073 3182 residendi
1081 3139 1114 3170 in
1124 3136 1197 3171 Col-

342 3187 466 3224 legiatis
474 3183 619 3225 Ecclefiis
630 3185 662 3213 in
678 3183 793 3221 ignibus
809 3195 867 3216 non
878 3184 964 3218 valet
976 3204 983 3212 .

301 3229 346 3261 Et
356 3226 425 3273 quid
433 3229 466 3259 in
475 3239 533 3260 non
540 3226 652 3270 instgni
673 3237 705 3256 us
715 3246 724 3260 ‚
746 3226 818 3259 ibid.

234 3279 273 3313 32
294 3268 548 3304 Immemorabilis
564 3267 738 3310 consuetudo
749 3281 805 3300 non
822 3268 976 3314 residendi
991 3268 1179 3307 intellt'gitur
1186 3286 1197 3302 ,

336 3314 366 3356 fi
373 3313 392 3345 a*
403 3314 486 3347 nullo
494 3311 614 3355 prorsus
615 3311 744 3353 solitum
746 3310 842 3355 fuerit
854 3311 979 3356 refideri
989 3324 1001 3349 ‚-
1014 3310 1132 3354 secusfi
1140 3310 1198 3342 alii

342 3355 508 3394 resederint
518 3378 527 3391 ‚
548 3356 606 3388 alii
625 3365 683 3386 non
695 3376 702 3384 .
946 3360 950 3364 '

233 3407 272 3442 33
285 3400 441 3433 Canonici
456 3401 686 3438 collegiatarum
705 3399 800 3429 etiam
816 3407 873 3428 non
894 3399 1056 3438 insignium
1064 3418 1075 3433 ‚
1096 3394 1198 3436 quibus

338 3451 411 3477 cura
427 3444 598 3476 animarum
613 3437 757 3476 incumbit
775 3461 787 3477 2
808 3449 946 3474 tenentur
966 3440 1098 3484 refidtre
1105 3461 1115 3477 ‚
1140 3451 1198 3473 non

1357 119 1490 194 obsblalnte
1510 121 1669 154 contraria
1686 119 1900 162 ,consuetudine
1912 140 1924 156 ‚
1951 123 2044 156 ctiam
2065 124 2218 158 immemo-
2385 138 2388 167 !

1358 173 1394 193 rt!
1415 175 1424 193 l
1442 175 1453 193 1
1464 184 1471 192 .

1248 198 1290 250 ’34
1308 203 1494 246 Consuetudo
1503 203 1752 238 immemorabilis
1764 203 1955 246 percipiendi
1963 209 1996 239 in
2005 206 2139 252 absentia
2149 220 2217 250 quo-

1358 246 1494 280 tidianas
1503 247 1538 280 di
1563 246 1726 281 ributionis
1736 259 1793 281 non
1809 257 1893 281 tenet
1903 270 1911 279 .

1249 301 1265 336 3
1271 299 1285 332 5
1309 293 1460 324 canonici
1475 289 1512 323 ab
1528 300 1610 323 entes
1616 290 1712 324 tribus
1729 289 1903 335 menstbusa'
1920 293 2056 325 Concilio
2071 297 2217 338 permiffis

1356 346 1414 366 non
1425 335 1582 366 lucrantur
1589 333 1830 375 distributiones,
1847 336 1968 380 etiamst
1976 334 2013 368 ab
2023 337 2215 371 immemora-
2395 342 2397 362 l

1355 375 1412 409 bili
1420 385 1550 417 tempore
1558 378 1631 409 illas
1641 380 1793 417 percipere
1800 379 2009 420 consueverint
2019 401 2026 408 .
2395 374 2397 380 ⁴

1248 424 1286 462 36
1308 418 1495 460 Confhettido
1511 421 1604 451 etiam
1612 418 1870 452 immemorabilis·
1883 432 1940 453 non
1948 420 2104 466 residendi
2120 425 2154 455 in
2169 421 2218 456 be-

1345 461 1472 505 'neficiis
1492 473 1596 495 curam
1616 464 1788 494 animarum
1816 461 1992 497 habentibus
2006 485 2017 501 ,
2047 464 2144 506 eisque
2160 474 2216 508 per

1355 506 1451 539 alium
1460 504 1654 546 deserviendi
1661 525 1672 541 ,
1694 504 1736 547 est
1751 507 1922 545 corruptela
1933 529 1941 537 .

1249 558 1288 593 37
1308 549 1483 590 Capitulum
1499 547 1695 581 Cathedralis
1705 550 1800 580 etiam
1810 548 1879 593 fine
1888 550 2034 591 Episcopo
2046 549 2142 594 potest
2151 550 2219 594 sta-

1356 601 1441 627 tuere
1450 590 1486 623 de
1492 590 1538 624 his
1546 612 1556 627 ‚
1577 602 1634 631 quae
1641 594 1763 633 propria
1785 591 1878 634 ipstus
1889 594 2028 634 Capituli
2040 597 2160 634 nogotia
2169 606 2218 627 re·

1350 635 1488 679 spiciunt
1499 657 1506 665 .
2395 659 2397 663 «

1315 679 1345 712 E
1348 688 1361 710 t
1369 689 1409 710 an
1418 686 1452 718 po
1449 678 1502 720 ffit
1511 689 1526 710 e
1527 676 1783 720 jusmodistatutis
1792 697 1802 711 ‚
1811 676 1992 719 quofirmiits
2001 677 2196 722 observentur
2206 701 2216 716 ‚
2388 682 2397 720 'l

1357 730 1458 761 poenas
1466 720 1600 759 adjicere
1608 742 1618 759 2
1640 719 1715 753 ibid.
1726 718 1763 752 Φ*
1772 731 1801 751 n·
1806 720 1888 759 seqq.
1898 721 1982 762 ufique
1992 725 2025 753 in
2038 721 2134 765 finem
2145 746 2153 754 .
2167 729 2169 731 ’
2396 735 2397 739 ’

1251 767 1289 806 38
1312 766 1436 796 Poenam
1446 763 1758 806 imponendifacultas
1766 762 1785 795 ιὶ
1795 761 2001 804 jurisdii'lione
2010 765 2173 804 dependet„

1252 818 1291 851 39
1312 809 1460 840 Canonici
1468 804 1583 848 poffunt
1594 807 1630 847 se
1639 805 1771 845 obligare
1777 805 1818 837 ad
1826 814 1944 845 poenam
1953 816 2007 845 qua
2002 807 2036 850 st
2044 812 2217 841 conventio-

1329 863 1333 866 ·
1358 850 1471 882 naliter
1480 857 1533 889 pro
1543 847 1738 888 observantia
1749 846 1877 890 statuti.

1251 904 1292 934 40
1313 895 1438 927 Poenam
1449 891 1594 935 stipulari
1607 890 1723 936 poffiint
1737 890 1910 934 paciscendo
1923 900 2031 935 partes
2049 895 2144 926 etiam
2151 898 2219 936 pri-

1358 945 1436 968 vata
1447 958 1454 966 .

1251 989 1289 1022 41
1313 980 1451 1021 Capituli
1460 978 1557 1018 major
1563 987 1636 1022 pars
1645 999 1656 1015 ‚
1672 977 1841 1016 ubicumque
1848 978 1885 1010 de
1894 980 2061 1021 neceffitate
2070 1001 2079 1015 2
2097 980 2150 1014 vel
2157 982 2219 1013 uti-

1356 1023 1448 1055 litate
1459 1024 1488 1054 E
1491 1022 1599 1066 cclefiae
1608 1025 1710 1062 agitur
1718 1043 1727 1057 ‚
1740 1019 1834 1062 potest
1843 1022 2037 1062 praeyudicare
2053 1025 2167 1056 minori
2184 1026 2218 1056 in

1357 1065 1404 1098 his
1411 1086 1420 1100 ⁷
1430 1075 1486 1104 qua
1494 1074 1660 1106 competunt
1669 1066 1829 1098 Canonicis
1837 1074 1869 1096 ut
1878 1066 2030 1109 univerfls
2040 1088 2047 1096 .

1250 1120 1291 1150 42
1312 1106 1466 1150 Absentes
1475 1111 1589 1144 vocati,
1599 1118 1651 1141 aut
1660 1120 1718 1141 non
1726 1110 1829 1140 vocati
1838 1110 1872 1140 in
1880 1107 2041 1152 castbus‚in
2051 1107 2153 1148 quibus
2160 1121 2218 1142 non

1352 1152 1426 1199 sunt
1435 1150 1568 1184 vocandi
1576 1172 1585 1187 ‚
1596 1161 1714 1184 tenetur
1719 1150 1800 1192 stare
1807 1149 2021 1185 deliberationi
2020 1151 2111 1196 fallae
2119 1151 2138 1185 α’
2149 1164 2214 1185 ma-

1359 1198 1419 1234 jori
1425 1204 1512 1236 parte
1524 1203 1583 1235 prae
1598 1198 1711 1227 entium
1723 1217 1730 1225 .

1250 1247 1290 1281 43
1312 1240 1486 1281 Capitulum
1493 1246 1560 1278 pote
1593 1247 1694 1278 poenas
1706 1236 1839 1276 adjicere
1848 1238 1932 1281 quasi
1941 1240 2219 1271 conventionaliter

1357 1292 1397 1314 ex
1405 1279 1462 1316 his,
1471 1291 1527 1319 quae
1535 1283 1618 1321 patio
1625 1285 1820 1321 privatorum
1828 1283 1991 1320 promitti,
1999 1293 2034 1315 ac
2041 1284 2076 1314 in
2085 1293 2218 1316 conven-

1359 1327 1470 1356 tionem
1479 1323 1585 1356 deduci
1600 1325 1730 1366 possunt.

1317 1369 1347 1399 E
1349 1376 1362 1399 t
1364 1367 1480 1409 sufficit
1488 1367 1642 1409 consensus
1649 1368 1775 1406 majoris
1781 1369 1882 1408 partis
1890 1388 1900 1403 ,
1910 1366 1985 1400 ibid.

1250 1421 1292 1453 44
1312 1413 1440 1444 Statuta
1448 1411 1586 1451 Capituli
1595 1421 1660 1442 cum
1666 1419 1754 1450 paena
1764 1410 1930 1447 adjectione
1938 1423 1996 1443 non
2006 1411 2145 1452 afficiunt
2147 1410 2218 1453 steo—

1358 1453 1478 1496 ceffores
1487 1474 1497 1490 ‚
1513 1453 1574 1500 nist
1580 1454 1618 1486 ab
1628 1453 1773 1496 Episcopo
1782 1453 1904 1497 fuerint
1913 1453 2094 1497 confirmata
2105 1477 2112 1486 .
2393 1476 2396 1534 '

1230 1540 1371 1619 CUm
1390 1552 1492 1574 omnes
1505 1564 1514 1572 .
1537 1540 1665 1583 Legitur
1686 1540 1849 1582 tripliciter
1867 1563 1875 1572 .
1906 1539 2012 1573 Prima
2040 1540 2157 1573 lectura
2176 1540 2218 1573 est
2243 1549 2257 1572 1

1323 1585 1501 1616 Innocentii
1521 1583 1572 1616 sub
1590 1595 1667 1616 num.
1683 1594 1709 1614 1.
1730 1582 1812 1624 vers?
1822 1584 1877 1615 Vel
1893 1582 1942 1616 dic
1957 1584 2037 1615 illud
2051 1582 2157 1616 habere
2174 1585 2220 1616 lo-

1230 1639 1295 1660 cum
1305 1648 1315 1662 ‚
1336 1629 1369 1660 &
1380 1628 1526 1659 Bernard't
1544 1627 1742 1668 Compostcll.
1752 1637 1832 1658 num.
1844 1637 1873 1668 4.
1882 1627 1962 1668 verfi
1972 1626 2061 1661 Unde
2076 1637 2141 1659 cum
2153 1626 2221 1669 sta-

1231 1680 1347 1706 tutum,
1368 1671 1612 1703 existitnantium
1629 1672 1711 1702 hunc
1722 1679 1842 1702 textum
1857 1670 1913 1702 effe
1934 1671 2175 1712 intelligendum
2186 1670 2221 1702 in

1231 1713 1466 1746 Constitutione
1475 1715 1556 1746 edita
1566 1712 1581 1745 a'
1591 1713 1765 1746 Canonicis
1776 1713 1861 1755 supet
1884 1711 2064 1745 Refidentia
2074 1713 2137 1744 fine
2145 1723 2222 1745 con-

1231 1756 1318 1788 sensu
1329 1756 1471 1798 Episcopi
1496 1768 1503 1788 :
1525 1756 1677 1797 potissima
1684 1758 1771 1788 enim
1779 1756 1885 1791 causa,
1906 1767 1961 1788 cut
1972 1766 2037 1788 non
2047 1757 2143 1787 valuit
2155 1756 2220 1788 haec

1231 1800 1414 1832 constitutio
1425 1799 1592 1831 secundum
1610 1799 1766 1841 Compost.
1779 1811 1807 1831 n.
1821 1808 1847 1839 5.
1859 1798 1919 1831 suit
1928 1820 1937 1834 ‚
1960 1801 2105 1840 quianon
2123 1800 2221 1830 intet-

1231 1843 1320 1875 venit
1335 1842 1479 1884 Episcopi
1495 1844 1657 1875 consensus
1666 1863 1676 1877 ‚
1699 1853 1762 1874 non
1781 1852 1886 1874 autem
1895 1843 1969 1883 quia
1987 1843 2058 1874 esset
2081 1842 2192 1883 injusta
2212 1853 2220 1873 :

1230 1896 1296 1918 non
1306 1887 1392 1917 enim
1411 1886 1557 1927 iniquum
1567 1886 1607 1918 est
1623 1885 1791 1918 secundum
1802 1886 1965 1918 Innocent.
1978 1895 2011 1917 ut
2026 1886 2150 1926 antiqui
2160 1883 2224 1916 Ca-

1231 1931 1341 1960 nonlci
1352 1931 1384 1960 ln
1395 1928 1454 1961 suis
1475 1928 1751 1961 consuetudinibus
1760 1939 1943 1960 remaneant
1954 1929 2145 1969 percipiendi
2156 1927 2221 1958 ftu-

1232 1971 1301 2004 Ctus
1310 1974 1342 2003 ln
1352 1971 1487 2003 absentia
1498 1983 1505 2009 ς
1522 1973 1554 2008 ὅς
1565 1974 1661 2007 novi,
1677 1974 1733 2013 qui
1743 1971 1980 2012 scienterlegem
1991 1981 2109 2002 novam
2120 1972 2222 2002 admi-

1231 2014 1333 2047 serunt
1342 2035 1352 2050 ‚
1370 2025 1406 2046 ea
1416 2015 1551 2056 figentur
1560 2036 1570 2050 ,
1591 2017 1625 2047 &
1634 2014 1751 2047 frustm
1763 2015 1796 2045 in
1806 2015 1943 2047 absentia
1953 2025 2018 2046 non
2028 2015 2200 2055 percipiant
2212 2024 2222 2051 3

1230 2061 1305 2099 quia
1318 2056 1513 2090 Constitutio
1525 2057 1627 2090 fututa
1636 2057 1760 2099 respicit
1769 2078 1779 2093 ‚
1803 2068 1867 2090 non
1879 2060 2031 2098 ptaetetita
2040 2077 2050 2092 ,
2071 2069 2095 2089 c.
2105 2059 2222 2096 Cogno-

1224 2101 1343 2143 scentes
1344 2099 1410 2140 sup.
1420 2099 1482 2132 eod.
1493 2112 1517 2132 c.
1523 2103 1609 2134 Ante
1621 2111 1668 2141 31.
1677 2099 1746 2141 dist·
1758 2101 1795 2133 (θ’
1804 2112 1828 2133 c.
1834 2099 1894 2143 fin.
1904 2099 1981 2144 infr.
1992 2101 2056 2132 eod.
2067 2100 2105 2132 Et
2116 2099 2224 2132 secun-

1232 2144 1309 2176 dum
1327 2144 1407 2175 banc
1426 2143 1593 2179 lecturam,
1616 2144 1679 2176 haec
1690 2145 1851 2175 decretalis
1870 2144 1928 2174 hoc
1942 2145 2077 2175 intendit
2101 2154 2108 2173 ι
2130 2142 2223 2175 Con-

1233 2187 1352 2219 stitutio
1360 2185 1500 2226 Capituli
1513 2186 1597 2226 super
1614 2186 1661 2217 his
1672 2206 1682 2220 ‚
1703 2195 1771 2227 quae
1779 2187 1935 2225 pertinent
1945 2185 2042 2216 etiam
2051 2187 2089 2216 ad
2100 2185 2122 2216 E
2127 2187 2226 2226 pisco-

1235 2240 1309 2271 pum
1317 2249 1327 2264 ‚
1348 2228 1411 2261 stne
1427 2228 1578 2270 Episcopo
1588 2228 1669 2260 fasta
1692 2238 1756 2259 non
1766 2228 1846 2259 valet
1855 2249 1863 2257 .
1885 2227 2004 2259 Verum
2027 2229 2088 2259 haec
2105 2228 2223 2260 lectura
2245 2239 2262 2260 2

1234 2283 1299 2304 non
1308 2274 1453 2313 congruit
1462 2272 1581 2306 littetae,
1589 2282 1656 2313 quae
1665 2271 1744 2302 nihil
1754 2272 1833 2302 dicit
1842 2272 1878 2302 de
1889 2270 2225 2312 Episcop0,1ecundu1n

1234 2314 1436 2348 Cardinalern
1446 2312 1494 2346 hic
1500 2316 1533 2346 in
1539 2312 1781 2354 princ-&n.3.in
1793 2323 1818 2354 3-
1828 2313 2035 2357 oppofit.vers.
2045 2314 2225 2356 Tertiosol-

1234 2361 1283 2391 vit
1299 2359 1491 2390 Innocentius
1501 2379 1509 2388 .
1532 2357 1581 2389 Est
1598 2367 1704 2389 tamen
1726 2359 1758 2389 in
1777 2356 1804 2388 se
1828 2368 1900 2390 vera
1909 2378 1919 2393 ,
1940 2359 2015 2398 quia
2036 2356 2223 2399 Capitulum

1236 2402 1299 2433 fine
1319 2400 1470 2442 Episcopo
1486 2411 1550 2432 non
1574 2400 1669 2441 potest
1685 2400 1698 2431 s
1698 2410 1770 2441 uper
1787 2400 1950 2432 refidcntia
1971 2399 2223 2433 Constitutiones
2245 2409 2262 2442 3

1237 2446 1370 2480 condere
1379 2464 1388 2479 ‚
1397 2446 1427 2475 c.'
1429 2444 1544 2483 penult.
1554 2443 1611 2486 inf.
1621 2442 1682 2476 eod.
1694 2446 1727 2475 ὃς
1738 2453 1826 2475 notat
1834 2443 1918 2484 gloff.
1930 2445 1963 2475 in
1973 2455 1997 2475 c.
2011 2455 2038 2476 2.
2046 2446 2080 2475 in
2091 2454 2156 2476 ver.
2169 2446 2223 2475 Ex

1237 2488 1288 2522 hoc
1297 2486 1333 2521 de
1343 2485 1573 2530 verbor-fignif-
1583 2485 1636 2520 lib.
1645 2491 1674 2519 6.
1684 2485 1759 2519 facit
1768 2498 1792 2518 c.
1803 2489 1881 2520 Cum
1903 2485 2126 2528 consuetudinis
2135 2485 2224 2531 infra'

1238 2530 1274 2563 de
1284 2528 1453 2571 consuetud.
1463 2533 1495 2563 ὃς
1505 2540 1612 2562 tenent
1622 2530 1671 2562 hic
1684 2530 1791 2561 Innoc.
1803 2531 1836 2561 &
1847 2529 2004 2571 Compofi.
2016 2532 2089 2563 locis
2098 2533 2204 2563 citatis
2213 2550 2224 2565 ‚

1237 2573 1331 2606 Card.
1343 2572 1489 2614 ubisupra'
1499 2594 1508 2608 ‚
1519 2571 1556 2606 (ῥ’
1565 2576 1597 2605 in
1609 2581 1623 2613 5
1628 2574 1817 2616 .oppofitione
1826 2585 1886 2613 n.4.
1899 2576 1932 2605 ὃς
1943 2575 2019 2606 Abb.
2030 2583 2090 2614 n.3.
2100 2573 2226 2614 ’ων-Λβ-

1239 2617 1349 2651 cundus
1370 2617 1560 2653 intestatus,
1581 2616 1654 2650 ct'tm
1671 2616 1832 2650 tendentia
1842 2615 2039 2649 clericorum
2056 2617 2072 2647 s
2069 2615 2170 2657 pectet
2187 2617 2227 2648 ad

1239 2661 1378 2693 officium
1387 2660 1551 2702 Episcopi,
1573 2661 1635 2692 fine
1656 2660 1743 2699 cujus
1753 2660 1881 2692 licentia
1898 2659 2015 2691 Clerici
2034 2659 2225 2700 peregrinari

1238 2715 1303 2735 non
1311 2705 1423 2735 debent
1432 2724 1441 2738 ,
1461 2715 1486 2736 c.
1497 2705 1573 2735 Non
1581 2712 1695 2744 oportet
1703 2702 1740 2736 de
1748 2702 1876 2741 consecr.
1885 2701 1953 2744 dist.
1966 2710 1993 2742 5.

1282 2746 1352 2779 Nec
1361 2747 1458 2778 obstat
1467 2757 1568 2779 textus
1577 2750 1611 2780 in
1620 2759 1644 2780 c.
1655 2750 1735 2779 Cum
1745 2746 1868 2779 dileiius
1876 2744 1962 2789 infra
1970 2747 2007 2777 de
2017 2745 2100 2777 Clcr.
2110 2757 2169 2779 non
2178 2756 2226 2777 re-

1232 2789 1348 2835 fident.
1359 2791 1411 2822 ubi
1421 2789 1603 2831 Capitulum
1614 2790 1717 2821 statuit
1733 2789 1819 2831 supet
1827 2789 1990 2821 tesldentia
1999 2809 2010 2823 ‚
2033 2799 2065 2820 ut
2089 2790 2131 2820 ibi
2140 2798 2224 2829 patet

1238 2836 1272 2866 in
1283 2833 1536 2874 suprascriptione
1547 2856 1554 2864 .
1577 2833 1746 2875 Qoniam
1758 2832 1837 2864 illud
1846 2831 1963 2864 factum
1974 2831 2035 2863 fuit
2052 2832 2226 2863 authorita-

1239 2887 1269 2909 te
1279 2876 1418 2917 Episcopi
1437 2876 1479 2910 sui
1488 2897 1498 2912 ,
1521 2878 1568 2908 vel
1586 2886 1650 2909 non
1658 2885 1722 2908 erat
1738 2877 1795 2916 qui
1812 2876 1886 2907 illud
1909 2877 2106 2916 impugnaret
2117 2885 2126 2910 ς
2148 2874 2222 2906 alias

1238 2930 1304 2951 non
1322 2919 1474 2954 valuisset,
1500 2920 1558 2952 nifi
1569 2918 1649 2959 Papa
1671 2919 1744 2950 illud
1753 2927 1789 2949 ex
1806 2928 1890 2950 certa
1903 2917 2029 2949 scientia
2045 2917 2225 2949 confirmas-

1239 2962 1281 2994 set
1290 2986 1297 2992 .
1309 2962 1348 2996 Et
1359 2964 1402 2994 ita
1411 2964 1505 2994 etiam
1516 2962 1611 3003 potest
1622 2961 1857 3003 intelligicap.2.
1868 2959 1904 2993 ὠ·
1916 2971 1941 3001 3.
1951 2959 2037 3003 infra'
2048 2960 2109 2991 eod.
2120 2966 2225 2992 secun·
2244 2972 2265 3003 4

1238 3006 1314 3038 ditm
1330 3004 1488 3046 Compost.
1500 3005 1583 3046 &Jo-
1595 3005 1692 3036 Andr.
1705 3003 1741 3036 Et
1753 3014 1789 3035 ex
1801 3005 1858 3035 hoc
1881 3003 2041 3035 intellectu
2051 3005 2161 3045 collige
2172 3014 2225 3046 ge-

1239 3049 1383 3080 neraliter
1391 3047 1577 3088 Capitulum
1594 3048 1721 3079 statuere
1732 3058 1794 3079 non
1805 3047 1884 3087 posse
1902 3046 1916 3077 s
1915 3057 1987 3087 uper
1998 3047 2073 3078 statu
2086 3047 2225 3079 Eccleliae

1239 3092 1301 3124 fine
1311 3091 1459 3124 consensu
1470 3091 1631 3132 Episcopi.
1641 3090 1740 3131 de
1751 3099 1835 3121 tenet
1846 3090 1954 3122 Innoc.
1965 3092 1997 3121 in
2005 3090 2035 3121 d.
2046 3093 2149 3122 c.Cum
2157 3101 2227 3122 con-

1232 3133 1422 3176 suetudinis,
1432 3135 1485 3166 ub't
1495 3135 1536 3166 cst
1547 3136 1645 3166 bonus
1656 3143 1757 3166 textus
1767 3153 1777 3168 ‚
1800 3132 1886 3167 infra
1895 3133 1931 3165 dc
1940 3133 2065 3174 consuet.
2077 3136 2109 3166 δέ
2119 3143 2226 3174 praetet

1239 3179 1348 3211 Innoc.
1360 3180 1392 3210 &
1403 3176 1561 3219 Compost.
1571 3186 1678 3210 tenent
1690 3177 1738 3209 hic
1749 3176 1832 3208 Butr.
1843 3189 1871 3207 n.
1880 3185 1930 3217 45.
1941 3177 2018 3210 Abb.
2030 3189 2077 3208 nu.
2086 3189 2116 3217 4.
2128 3177 2223 3208 Felin.

1239 3233 1287 3253 nu.
1298 3232 1325 3258 9.
1339 3222 1416 3254 Bero
1423 3232 1472 3254 nu.
1486 3225 1532 3263 36.
1544 3219 1666 3254 Calder.
1677 3218 1755 3260 conſs
1760 3231 1785 3251 2.
1797 3218 1992 3262 de-conslitut.
2003 3231 2080 3261 qnos
2092 3220 2226 3261 sequitur

1239 3264 1325 3296 Rota
1334 3263 1442 3303 decis-'2
1452 3274 1476 3296 1.
1487 3266 1566 3305 apud
1576 3264 1596 3295 F
1599 3266 1712 3296 armac.
1722 3271 1803 3302 part.
1816 3274 1843 3295 2.
1854 3273 1963 3295 recent.
1976 3264 2051 3296 Abb.
2062 3263 2137 3304 conſs
2148 3271 2176 3301 7.
2188 3260 2226 3294 &-

1238 3307 1315 3349 confi
1324 3317 1352 3344 9.
1361 3306 1412 3339 lib.
1427 3319 1453 3339 2.
1464 3308 1591 3340 Archid.
1603 3307 1636 3338 &
1647 3305 1774 3337 Gemin.
1787 3307 1819 3337 in
1838 3314 1900 3346 cap.
1914 3305 2071 3339 Catlmlica
2097 3316 2108 3338 1
2121 3316 2142 3337 t.
2154 3301 2225 3346 dist.

1238 3353 1271 3384 δέ
1284 3350 1316 3381 in
1327 3362 1351 3382 c.
1366 3354 1563 3383 Contumaces
1573 3358 1621 3390 50.
1632 3348 1701 3390 dist.
1712 3352 1744 3380 δε
1761 3350 1832 3381 alibi
1844 3349 1948 3390 passim
1968 3349 2122 3382 Doctores
2132 3369 2139 3378 .

1283 3392 1375 3434 Qud
1397 3403 1501 3426 autem
1525 3395 1556 3424 in
1578 3391 1648 3423 casu
1668 3392 1818 3424 converso
1828 3413 1847 3427 ‚⁷
1860 3403 1899 3424 an
1921 3393 2037 3425 scilicet
2058 3390 2227 3432 Episcopus

1241 3437 1328 3479 supet
1349 3437 1426 3471 statu
1446 3436 1587 3470 Ecclcfiae
1610 3435 1737 3468 statuere
1766 3435 1853 3478 poffit
1875 3436 1938 3469 fine
1960 3435 2109 3469 consensu
2130 3432 2228 3507 (133ρί-

2109 3486 2143 3509 tu
2157 3488 2184 3512 t,
