<?xml version="1.0" encoding="UTF-8"?>
<!DOCTYPE html PUBLIC "-//W3C//DTD XHTML 1.0 Transitional//EN"
    "http://www.w3.org/TR/xhtml1/DTD/xhtml1-transitional.dtd">
<html xmlns="http://www.w3.org/1999/xhtml" xml:lang="en" lang="en">
 <head>
  <title>
</title>
<meta http-equiv="Content-Type" content="text/html;charset=utf-8" />
  <meta name='ocr-system' content='tesseract 3.04.00' />
  <meta name='ocr-capabilities' content='ocr_page ocr_carea ocr_par ocr_line ocrx_word'/>
</head>
<body>
  <div class='ocr_page' id='page_1' title='image "./commentariainpri01fagn_0099.png"; bbox 0 0 2397 3664; ppageno 0'>
   <div class='ocr_carea' id='block_1_1' title="bbox 709 60 1786 123">
    <p class='ocr_par' dir='ltr' id='par_1_1' title="bbox 709 60 1786 131">
     <span class='ocr_line' id='line_1_1' title="bbox 709 60 1786 123; baseline -0.012 1"><span class='ocrx_word' id='word_1_1' title='bbox 709 60 807 123; x_wconf 90' lang='lat' dir='ltr'>De</span> <span class='ocrx_word' id='word_1_2' title='bbox 844 62 1076 121; x_wconf 74' lang='lat' dir='ltr'>Constit.¹</span> <span class='ocrx_word' id='word_1_3' title='bbox 1113 68 1159 122; x_wconf 74' lang='lat' dir='ltr'>eL</span> <span class='ocrx_word' id='word_1_4' title='bbox 1195 63 1593 123; x_wconf 60' lang='grc' dir='ltr'>Ν6111111ῑ31151</span> <span class='ocrx_word' id='word_1_5' title='bbox 1619 87 1786 117; x_wconf 24' lang='grc'>1,-</span> 
     </span>
    </p>
   </div>
   <div class='ocr_carea' id='block_1_2' title="bbox 129 147 1125 447">
    <p class='ocr_par' dir='ltr' id='par_1_2' title="bbox 129 147 1125 447">
     <span class='ocr_line' id='line_1_2' title="bbox 134 147 1123 195; baseline -0.007 -9"><span class='ocrx_word' id='word_1_6' title='bbox 134 153 266 195; x_wconf 70' lang='lat' dir='ltr'>periuris</span> <span class='ocrx_word' id='word_1_7' title='bbox 275 162 288 189; x_wconf 90' lang='lat'>‚·</span> <span class='ocrx_word' id='word_1_8' title='bbox 311 162 384 185; x_wconf 75' lang='lat' dir='ltr'>nam</span> <span class='ocrx_word' id='word_1_9' title='bbox 399 153 453 186; x_wconf 82' lang='lat' dir='ltr'>lex</span> <span class='ocrx_word' id='word_1_10' title='bbox 468 149 656 186; x_wconf 76' lang='lat' dir='ltr'>Barbarius,</span> <span class='ocrx_word' id='word_1_11' title='bbox 671 149 710 192; x_wconf 86' lang='lat' dir='ltr'>ff.</span> <span class='ocrx_word' id='word_1_12' title='bbox 727 151 764 181; x_wconf 80' lang='lat' dir='ltr'>de</span> <span class='ocrx_word' id='word_1_13' title='bbox 779 149 854 191; x_wconf 89' lang='lat' dir='ltr'><em>offic.</em></span> <span class='ocrx_word' id='word_1_14' title='bbox 865 152 990 181; x_wconf 82' lang='lat' dir='ltr'>Praetor.</span> <span class='ocrx_word' id='word_1_15' title='bbox 1005 147 1123 191; x_wconf 68' lang='lat' dir='ltr'>sinnam</span> 
     </span>
     <span class='ocr_line' id='line_1_3' title="bbox 129 191 1124 240; baseline -0.008 -11"><span class='ocrx_word' id='word_1_16' title='bbox 129 199 166 240; x_wconf 84' lang='lat' dir='ltr'>se</span> <span class='ocrx_word' id='word_1_17' title='bbox 176 197 269 238; x_wconf 61' lang='grc' dir='ltr'>βψω·</span> <span class='ocrx_word' id='word_1_18' title='bbox 276 198 557 230; x_wconf 80' lang='lat' dir='ltr'>communierrore,</span> <span class='ocrx_word' id='word_1_19' title='bbox 578 196 616 226; x_wconf 66' lang='lat'>&amp;⁸</span> <span class='ocrx_word' id='word_1_20' title='bbox 626 193 719 234; x_wconf 82' lang='lat' dir='ltr'>super</span> <span class='ocrx_word' id='word_1_21' title='bbox 726 191 914 225; x_wconf 76' lang='lat' dir='ltr'><em>authoritate</em></span> <span class='ocrx_word' id='word_1_22' title='bbox 934 192 1124 232; x_wconf 77' lang='lat' dir='ltr'>Superioris3</span> 
     </span>
     <span class='ocr_line' id='line_1_4' title="bbox 137 232 1123 280; baseline -0.007 -8"><span class='ocrx_word' id='word_1_23' title='bbox 137 250 209 272; x_wconf 78' lang='lat' dir='ltr'>nam</span> <span class='ocrx_word' id='word_1_24' title='bbox 228 240 285 271; x_wconf 84' lang='lat' dir='ltr'>ille</span> <span class='ocrx_word' id='word_1_25' title='bbox 299 241 432 280; x_wconf 82' lang='lat' dir='ltr'>servus,</span> <span class='ocrx_word' id='word_1_26' title='bbox 454 241 503 278; x_wconf 84' lang='lat' dir='ltr'>qui</span> <span class='ocrx_word' id='word_1_27' title='bbox 519 234 691 278; x_wconf 69' lang='lat' dir='ltr'>putabatur</span> <span class='ocrx_word' id='word_1_28' title='bbox 704 233 782 268; x_wconf 85' lang='lat' dir='ltr'>liber</span> <span class='ocrx_word' id='word_1_29' title='bbox 797 256 807 271; x_wconf 82' lang='grc'>,</span> <span class='ocrx_word' id='word_1_30' title='bbox 827 233 932 267; x_wconf 82' lang='lat' dir='ltr'>habuit</span> <span class='ocrx_word' id='word_1_31' title='bbox 953 235 1082 276; x_wconf 87' lang='lat' dir='ltr'>officium</span> <span class='ocrx_word' id='word_1_32' title='bbox 1103 232 1123 265; x_wconf 70' lang='lat' dir='ltr'>ei</span> 
     </span>
     <span class='ocr_line' id='line_1_5' title="bbox 135 276 1125 327; baseline -0.006 -13"><span class='ocrx_word' id='word_1_33' title='bbox 135 285 313 322; x_wconf 78' lang='lat' dir='ltr'>Superiore,</span> <span class='ocrx_word' id='word_1_34' title='bbox 334 286 372 315; x_wconf 68' lang='grc' dir='ltr'>Θ·</span> <span class='ocrx_word' id='word_1_35' title='bbox 383 284 431 327; x_wconf 81' lang='lat' dir='ltr'>stc</span> <span class='ocrx_word' id='word_1_36' title='bbox 447 276 660 315; x_wconf 80' lang='lat' dir='ltr'><em>concurrebant</em></span> <span class='ocrx_word' id='word_1_37' title='bbox 676 276 720 310; x_wconf 77' lang='lat' dir='ltr'>ibi</span> <span class='ocrx_word' id='word_1_38' title='bbox 728 278 802 313; x_wconf 80' lang='lat' dir='ltr'>duo,</span> <span class='ocrx_word' id='word_1_39' title='bbox 815 277 939 319; x_wconf 60' lang='lat' dir='ltr'>scilicet</span> <span class='ocrx_word' id='word_1_40' title='bbox 954 276 1125 319; x_wconf 56' lang='lat' dir='ltr'>authoritas</span> 
     </span>
     <span class='ocr_line' id='line_1_6' title="bbox 134 318 1124 366; baseline -0.007 -7"><span class='ocrx_word' id='word_1_41' title='bbox 134 327 326 366; x_wconf 72' lang='lat' dir='ltr'><em>Superioris,</em></span> <span class='ocrx_word' id='word_1_42' title='bbox 348 324 387 359; x_wconf 67' lang='grc' dir='ltr'>ά·</span> <span class='ocrx_word' id='word_1_43' title='bbox 408 325 571 359; x_wconf 77' lang='lat' dir='ltr'>communis</span> <span class='ocrx_word' id='word_1_44' title='bbox 591 331 677 352; x_wconf 89' lang='lat' dir='ltr'>error</span> <span class='ocrx_word' id='word_1_45' title='bbox 692 334 705 357; x_wconf 88' lang='lat'><em>;</em></span> <span class='ocrx_word' id='word_1_46' title='bbox 722 321 806 361; x_wconf 83' lang='lat' dir='ltr'>secus</span> <span class='ocrx_word' id='word_1_47' title='bbox 827 319 997 353; x_wconf 68' lang='lat' dir='ltr'>autem-ubi</span> <span class='ocrx_word' id='word_1_48' title='bbox 1012 318 1124 362; x_wconf 77' lang='lat' dir='ltr'>adesset</span> 
     </span>
     <span class='ocr_line' id='line_1_7' title="bbox 136 362 1122 404; baseline -0.007 -3"><span class='ocrx_word' id='word_1_49' title='bbox 136 379 226 401; x_wconf 85' lang='lat' dir='ltr'>unum</span> <span class='ocrx_word' id='word_1_50' title='bbox 235 368 359 402; x_wconf 60' lang='lat' dir='ltr'>tantiam</span> <span class='ocrx_word' id='word_1_51' title='bbox 368 390 379 404; x_wconf 90' lang='lat'>,</span> <span class='ocrx_word' id='word_1_52' title='bbox 399 377 432 400; x_wconf 85' lang='lat' dir='ltr'>ut</span> <span class='ocrx_word' id='word_1_53' title='bbox 440 369 538 399; x_wconf 73' lang='lat' dir='ltr'>tenuit</span> <span class='ocrx_word' id='word_1_54' title='bbox 547 363 596 396; x_wconf 80' lang='lat' dir='ltr'>hic</span> <span class='ocrx_word' id='word_1_55' title='bbox 604 363 761 397; x_wconf 76' lang='lat' dir='ltr'>Innocent:</span> <span class='ocrx_word' id='word_1_56' title='bbox 769 362 806 396; x_wconf 55' lang='grc' dir='ltr'>(ῥ’</span> <span class='ocrx_word' id='word_1_57' title='bbox 814 363 906 396; x_wconf 79' lang='lat' dir='ltr'>Bald.</span> <span class='ocrx_word' id='word_1_58' title='bbox 917 366 950 396; x_wconf 83' lang='lat' dir='ltr'>in</span> <span class='ocrx_word' id='word_1_59' title='bbox 959 371 1050 404; x_wconf 68' lang='lat' dir='ltr'>repet.</span> <span class='ocrx_word' id='word_1_60' title='bbox 1059 365 1122 395; x_wconf 53' lang='lat' dir='ltr'>dxl.</span> 
     </span>
     <span class='ocr_line' id='line_1_8' title="bbox 134 405 1123 447; baseline -0.007 -3"><span class='ocrx_word' id='word_1_61' title='bbox 134 411 322 447; x_wconf 82' lang='lat' dir='ltr'>Barbarius.</span> <span class='ocrx_word' id='word_1_62' title='bbox 344 407 510 443; x_wconf 67' lang='lat' dir='ltr'>Hactenus.</span> <span class='ocrx_word' id='word_1_63' title='bbox 523 408 616 439; x_wconf 87' lang='lat' dir='ltr'>verba</span> <span class='ocrx_word' id='word_1_64' title='bbox 636 408 785 442; x_wconf 65' lang='lat' dir='ltr'>Abbaeis,</span> <span class='ocrx_word' id='word_1_65' title='bbox 808 406 931 439; x_wconf 89' lang='lat' dir='ltr'>Rosella</span> <span class='ocrx_word' id='word_1_66' title='bbox 947 405 1123 440; x_wconf 75' lang='lat' dir='ltr'>verb-Con-</span> 
     </span>
    </p>
   </div>
   <div class='ocr_carea' id='block_1_3' title="bbox 130 449 1122 499">
    <p class='ocr_par' dir='ltr' id='par_1_3' title="bbox 130 449 1122 499">
     <span class='ocr_line' id='line_1_9' title="bbox 130 449 1122 499; baseline -0.007 -12"><span class='ocrx_word' id='word_1_67' title='bbox 130 455 219 499; x_wconf 80' lang='lat' dir='ltr'>feffio</span> <span class='ocrx_word' id='word_1_68' title='bbox 233 452 478 488; x_wconf 62' lang='lat' dir='ltr'>Saeramen‘talis</span> <span class='ocrx_word' id='word_1_69' title='bbox 495 461 522 493; x_wconf 85' lang='lat'>3.</span> <span class='ocrx_word' id='word_1_70' title='bbox 533 461 672 492; x_wconf 81' lang='lat' dir='ltr'>num-41.</span> <span class='ocrx_word' id='word_1_71' title='bbox 688 449 972 493; x_wconf 81' lang='lat' dir='ltr'>Angel.Confeffio,</span> <span class='ocrx_word' id='word_1_72' title='bbox 994 458 1023 490; x_wconf 78' lang='lat'>4.</span> <span class='ocrx_word' id='word_1_73' title='bbox 1041 459 1122 482; x_wconf 85' lang='lat' dir='ltr'>num.</span> 
     </span>
    </p>
   </div>
   <div class='ocr_carea' id='block_1_4' title="bbox 137 491 1156 538">
    <p class='ocr_par' dir='ltr' id='par_1_4' title="bbox 137 491 1156 538">
     <span class='ocr_line' id='line_1_10' title="bbox 137 491 1156 538; baseline -0.006 -7"><span class='ocrx_word' id='word_1_74' title='bbox 137 508 186 532; x_wconf 85' lang='lat'>12.</span> <span class='ocrx_word' id='word_1_75' title='bbox 198 497 315 531; x_wconf 85' lang='lat' dir='ltr'>Silvest.</span> <span class='ocrx_word' id='word_1_76' title='bbox 324 494 473 538; x_wconf 83' lang='lat' dir='ltr'>Confeffio</span> <span class='ocrx_word' id='word_1_77' title='bbox 483 506 510 526; x_wconf 87' lang='lat'>2.</span> <span class='ocrx_word' id='word_1_78' title='bbox 520 505 600 527; x_wconf 82' lang='lat' dir='ltr'>num.</span> <span class='ocrx_word' id='word_1_79' title='bbox 613 504 625 526; x_wconf 92' lang='lat'>1</span> <span class='ocrx_word' id='word_1_80' title='bbox 634 501 659 532; x_wconf 74' lang='grc' dir='ltr'>ς..</span> <span class='ocrx_word' id='word_1_81' title='bbox 670 493 788 526; x_wconf 82' lang='lat' dir='ltr'>Navar.</span> <span class='ocrx_word' id='word_1_82' title='bbox 799 496 833 525; x_wconf 85' lang='lat' dir='ltr'>in</span> <span class='ocrx_word' id='word_1_83' title='bbox 849 501 912 533; x_wconf 75' lang='lat' dir='ltr'>cap·</span> <span class='ocrx_word' id='word_1_84' title='bbox 923 494 1065 528; x_wconf 78' lang='lat' dir='ltr'>Placuit,</span> <span class='ocrx_word' id='word_1_85' title='bbox 1085 491 1122 525; x_wconf 83' lang='lat' dir='ltr'>de</span> <span class='ocrx_word' id='word_1_86' title='bbox 1153 513 1156 516; x_wconf 45' lang='lat'><strong>⁴</strong></span> 
     </span>
    </p>
   </div>
   <div class='ocr_carea' id='block_1_5' title="bbox 120 537 1121 3550">
    <p class='ocr_par' dir='ltr' id='par_1_5' title="bbox 129 537 1121 1226">
     <span class='ocr_line' id='line_1_11' title="bbox 132 537 1119 582; baseline -0.007 -8"><span class='ocrx_word' id='word_1_87' title='bbox 132 544 291 582; x_wconf 68' lang='lat' dir='ltr'>poenitent.</span> <span class='ocrx_word' id='word_1_88' title='bbox 301 538 467 581; x_wconf 44' lang='lat' dir='ltr'>distinete.</span> <span class='ocrx_word' id='word_1_89' title='bbox 477 549 556 569; x_wconf 89' lang='lat' dir='ltr'>num.</span> <span class='ocrx_word' id='word_1_90' title='bbox 563 546 631 576; x_wconf 88' lang='lat'>177.</span> <span class='ocrx_word' id='word_1_91' title='bbox 641 538 716 569; x_wconf 87' lang='lat' dir='ltr'>&amp;in</span> <span class='ocrx_word' id='word_1_92' title='bbox 725 537 870 567; x_wconf 83' lang='lat' dir='ltr'>Manuali</span> <span class='ocrx_word' id='word_1_93' title='bbox 879 542 942 575; x_wconf 68' lang='lat' dir='ltr'>dap.</span> <span class='ocrx_word' id='word_1_94' title='bbox 949 546 977 571; x_wconf 85' lang='grc'>9.</span> <span class='ocrx_word' id='word_1_95' title='bbox 987 547 1066 567; x_wconf 78' lang='lat' dir='ltr'>num.</span> <span class='ocrx_word' id='word_1_96' title='bbox 1073 545 1084 567; x_wconf 90' lang='lat'>1</span> <span class='ocrx_word' id='word_1_97' title='bbox 1094 545 1119 567; x_wconf 91' lang='lat'>1.</span> 
     </span>
     <span class='ocr_line' id='line_1_12' title="bbox 135 577 1121 625; baseline -0.006 -9"><span class='ocrx_word' id='word_1_98' title='bbox 135 580 434 625; x_wconf 83' lang='lat' dir='ltr'>quam&#39;sententiam</span> <span class='ocrx_word' id='word_1_99' title='bbox 451 583 497 613; x_wconf 89' lang='lat' dir='ltr'>bis</span> <span class='ocrx_word' id='word_1_100' title='bbox 507 581 603 613; x_wconf 88' lang='lat' dir='ltr'>etiam</span> <span class='ocrx_word' id='word_1_101' title='bbox 619 580 745 622; x_wconf 86' lang='lat' dir='ltr'>sequuta</span> <span class='ocrx_word' id='word_1_102' title='bbox 753 579 794 610; x_wconf 82' lang='lat' dir='ltr'>est</span> <span class='ocrx_word' id='word_1_103' title='bbox 811 577 1121 624; x_wconf 71' lang='lat' dir='ltr'>sacr-Congregatio</span> 
     </span>
     <span class='ocr_line' id='line_1_13' title="bbox 134 621 1121 666; baseline -0.006 -7"><span class='ocrx_word' id='word_1_104' title='bbox 134 626 298 661; x_wconf 69' lang='lat' dir='ltr'>concilii,</span> <span class='ocrx_word' id='word_1_105' title='bbox 306 635 341 657; x_wconf 85' lang='lat' dir='ltr'>ut</span> <span class='ocrx_word' id='word_1_106' title='bbox 351 624 453 666; x_wconf 79' lang='lat' dir='ltr'>scripsi</span> <span class='ocrx_word' id='word_1_107' title='bbox 464 623 584 666; x_wconf 74' lang='lat' dir='ltr'>plenius</span> <span class='ocrx_word' id='word_1_108' title='bbox 593 624 627 655; x_wconf 84' lang='lat' dir='ltr'>in</span> <span class='ocrx_word' id='word_1_109' title='bbox 637 632 699 663; x_wconf 80' lang='lat' dir='ltr'>cap.</span> <span class='ocrx_word' id='word_1_110' title='bbox 710 626 806 662; x_wconf 67' lang='lat' dir='ltr'>Supers</span> <span class='ocrx_word' id='word_1_111' title='bbox 813 633 846 654; x_wconf 85' lang='lat' dir='ltr'>eo</span> <span class='ocrx_word' id='word_1_112' title='bbox 853 642 864 657; x_wconf 86' lang='lat'>,</span> <span class='ocrx_word' id='word_1_113' title='bbox 876 621 913 653; x_wconf 76' lang='lat' dir='ltr'>de</span> <span class='ocrx_word' id='word_1_114' title='bbox 921 621 1121 664; x_wconf 74' lang='lat' dir='ltr'>&#39;criminefal-</span> 
     </span>
     <span class='ocr_line' id='line_1_14' title="bbox 129 664 1120 715; baseline -0.005 -13"><span class='ocrx_word' id='word_1_115' title='bbox 129 671 186 715; x_wconf 83' lang='lat' dir='ltr'>sit.</span> <span class='ocrx_word' id='word_1_116' title='bbox 195 671 292 710; x_wconf 87' lang='lat' dir='ltr'>Atqui</span> <span class='ocrx_word' id='word_1_117' title='bbox 301 678 465 709; x_wconf 66' lang='lat' dir='ltr'>utrimnque</span> <span class='ocrx_word' id='word_1_118' title='bbox 475 669 656 709; x_wconf 84' lang='lat' dir='ltr'>requisitum</span> <span class='ocrx_word' id='word_1_119' title='bbox 677 667 784 698; x_wconf 83' lang='lat' dir='ltr'>deficit</span> <span class='ocrx_word' id='word_1_120' title='bbox 794 665 852 697; x_wconf 92' lang='lat' dir='ltr'>hoc</span> <span class='ocrx_word' id='word_1_121' title='bbox 863 665 934 697; x_wconf 89' lang='lat' dir='ltr'>casu</span> <span class='ocrx_word' id='word_1_122' title='bbox 956 676 963 696; x_wconf 91' lang='lat'><strong>:</strong></span> <span class='ocrx_word' id='word_1_123' title='bbox 985 664 1072 698; x_wconf 87' lang='lat' dir='ltr'>Nam</span> <span class='ocrx_word' id='word_1_124' title='bbox 1082 675 1120 697; x_wconf 79' lang='lat' dir='ltr'>eo</span> 
     </span>
     <span class='ocr_line' id='line_1_15' title="bbox 132 708 1120 754; baseline -0.005 -10"><span class='ocrx_word' id='word_1_125' title='bbox 132 713 220 754; x_wconf 83' lang='lat' dir='ltr'>ipso,</span> <span class='ocrx_word' id='word_1_126' title='bbox 243 712 330 752; x_wconf 80' lang='lat' dir='ltr'>quod</span> <span class='ocrx_word' id='word_1_127' title='bbox 347 711 495 743; x_wconf 85' lang='lat' dir='ltr'>Sacerdos</span> <span class='ocrx_word' id='word_1_128' title='bbox 504 711 622 752; x_wconf 86' lang='lat' dir='ltr'>eligens</span> <span class='ocrx_word' id='word_1_129' title='bbox 637 710 822 750; x_wconf 75' lang='lat' dir='ltr'>opinionem</span> <span class='ocrx_word' id='word_1_130' title='bbox 839 708 1046 750; x_wconf 80' lang='lat' dir='ltr'>probabilem,</span> <span class='ocrx_word' id='word_1_131' title='bbox 1066 719 1120 740; x_wconf 91' lang='lat' dir='ltr'>co-</span> 
     </span>
     <span class='ocr_line' id='line_1_16' title="bbox 130 753 1120 797; baseline -0.003 -11"><span class='ocrx_word' id='word_1_132' title='bbox 130 754 257 797; x_wconf 85' lang='lat' dir='ltr'>gnoscit</span> <span class='ocrx_word' id='word_1_133' title='bbox 266 757 456 786; x_wconf 86' lang='lat' dir='ltr'>contrariam</span> <span class='ocrx_word' id='word_1_134' title='bbox 463 754 520 786; x_wconf 87' lang='lat' dir='ltr'>esse</span> <span class='ocrx_word' id='word_1_135' title='bbox 529 754 765 795; x_wconf 82' lang='lat' dir='ltr'>probabiliorem</span> <span class='ocrx_word' id='word_1_136' title='bbox 775 772 785 786; x_wconf 89' lang='lat'>,</span> <span class='ocrx_word' id='word_1_137' title='bbox 793 753 966 784; x_wconf 79' lang='lat' dir='ltr'>excluditur</span> <span class='ocrx_word' id='word_1_138' title='bbox 976 761 1120 783; x_wconf 90' lang='lat' dir='ltr'>commu—</span> 
     </span>
     <span class='ocr_line' id='line_1_17' title="bbox 131 796 1119 839; baseline -0.004 -9"><span class='ocrx_word' id='word_1_139' title='bbox 131 800 183 830; x_wconf 86' lang='lat' dir='ltr'>nis</span> <span class='ocrx_word' id='word_1_140' title='bbox 190 807 278 829; x_wconf 88' lang='lat' dir='ltr'>error</span> <span class='ocrx_word' id='word_1_141' title='bbox 287 809 296 829; x_wconf 86' lang='lat'>:</span> <span class='ocrx_word' id='word_1_142' title='bbox 305 799 512 839; x_wconf 78' lang='lat' dir='ltr'>probabiliora</span> <span class='ocrx_word' id='word_1_143' title='bbox 522 799 607 829; x_wconf 86' lang='lat' dir='ltr'>enim</span> <span class='ocrx_word' id='word_1_144' title='bbox 618 796 709 830; x_wconf 82' lang='lat' dir='ltr'>sunt&#39;,</span> <span class='ocrx_word' id='word_1_145' title='bbox 725 806 792 836; x_wconf 86' lang='lat' dir='ltr'>quae</span> <span class='ocrx_word' id='word_1_146' title='bbox 801 797 944 826; x_wconf 89' lang='lat' dir='ltr'>videntur</span> <span class='ocrx_word' id='word_1_147' title='bbox 953 796 1100 827; x_wconf 84' lang='lat' dir='ltr'>omnibus</span> <span class='ocrx_word' id='word_1_148' title='bbox 1109 815 1119 829; x_wconf 87' lang='lat'>‚</span> 
     </span>
     <span class='ocr_line' id='line_1_18' title="bbox 130 839 1119 882; baseline -0.004 -9"><span class='ocrx_word' id='word_1_149' title='bbox 130 842 183 874; x_wconf 73' lang='lat' dir='ltr'>vel</span> <span class='ocrx_word' id='word_1_150' title='bbox 193 841 318 876; x_wconf 88' lang='lat' dir='ltr'>multis,</span> <span class='ocrx_word' id='word_1_151' title='bbox 339 842 386 872; x_wconf 89' lang='lat' dir='ltr'>vel</span> <span class='ocrx_word' id='word_1_152' title='bbox 396 840 601 882; x_wconf 79' lang='lat' dir='ltr'>sapientibus,</span> <span class='ocrx_word' id='word_1_153' title='bbox 612 841 642 871; x_wconf 84' lang='lat' dir='ltr'>id</span> <span class='ocrx_word' id='word_1_154' title='bbox 651 839 708 874; x_wconf 79' lang='lat' dir='ltr'>est,</span> <span class='ocrx_word' id='word_1_155' title='bbox 732 840 780 870; x_wconf 87' lang='lat' dir='ltr'>vel</span> <span class='ocrx_word' id='word_1_156' title='bbox 791 840 956 874; x_wconf 85' lang='lat' dir='ltr'>omnibus,</span> <span class='ocrx_word' id='word_1_157' title='bbox 968 839 1014 869; x_wconf 91' lang='lat' dir='ltr'>vel</span> <span class='ocrx_word' id='word_1_158' title='bbox 1026 839 1119 878; x_wconf 89' lang='lat' dir='ltr'>pluri-</span> 
     </span>
     <span class='ocr_line' id='line_1_19' title="bbox 130 882 1120 923; baseline -0.005 -7"><span class='ocrx_word' id='word_1_159' title='bbox 130 886 194 917; x_wconf 85' lang='lat' dir='ltr'>mis</span> <span class='ocrx_word' id='word_1_160' title='bbox 203 904 213 919; x_wconf 84' lang='lat'>‚</span> <span class='ocrx_word' id='word_1_161' title='bbox 236 884 410 916; x_wconf 80' lang='lat' dir='ltr'>iithabetut</span> <span class='ocrx_word' id='word_1_162' title='bbox 422 886 456 915; x_wconf 89' lang='lat' dir='ltr'>in</span> <span class='ocrx_word' id='word_1_163' title='bbox 481 893 507 915; x_wconf 94' lang='lat'>1.</span> <span class='ocrx_word' id='word_1_164' title='bbox 519 884 625 923; x_wconf 77' lang='lat' dir='ltr'>Topic.</span> <span class='ocrx_word' id='word_1_165' title='bbox 639 890 703 922; x_wconf 77' lang='lat' dir='ltr'>cap.</span> <span class='ocrx_word' id='word_1_166' title='bbox 718 891 742 913; x_wconf 90' lang='lat'>1.</span> <span class='ocrx_word' id='word_1_167' title='bbox 753 882 801 913; x_wconf 77' lang='lat' dir='ltr'>Ad</span> <span class='ocrx_word' id='word_1_168' title='bbox 821 883 905 923; x_wconf 92' lang='lat' dir='ltr'>quod</span> <span class='ocrx_word' id='word_1_169' title='bbox 922 882 1120 922; x_wconf 85' lang='lat' dir='ltr'>ponderanda</span> 
     </span>
     <span class='ocr_line' id='line_1_20' title="bbox 129 923 1119 965; baseline -0.005 -6"><span class='ocrx_word' id='word_1_170' title='bbox 129 927 202 959; x_wconf 79' lang='lat' dir='ltr'>sunt</span> <span class='ocrx_word' id='word_1_171' title='bbox 212 930 309 959; x_wconf 89' lang='lat' dir='ltr'>etiam</span> <span class='ocrx_word' id='word_1_172' title='bbox 320 927 410 958; x_wconf 87' lang='lat' dir='ltr'>verba</span> <span class='ocrx_word' id='word_1_173' title='bbox 419 927 471 958; x_wconf 87' lang='lat' dir='ltr'>illa</span> <span class='ocrx_word' id='word_1_174' title='bbox 479 927 624 959; x_wconf 85' lang='lat' dir='ltr'>Innoc.in</span> <span class='ocrx_word' id='word_1_175' title='bbox 632 924 855 965; x_wconf 58' lang='lat' dir='ltr'>drap-Dudum</span> <span class='ocrx_word' id='word_1_176' title='bbox 865 946 874 960; x_wconf 89' lang='lat'>,</span> <span class='ocrx_word' id='word_1_177' title='bbox 885 924 1032 956; x_wconf 81' lang='lat' dir='ltr'>videlicet</span> <span class='ocrx_word' id='word_1_178' title='bbox 1042 935 1051 960; x_wconf 86' lang='lat'>;</span> <span class='ocrx_word' id='word_1_179' title='bbox 1062 923 1119 954; x_wconf 86' lang='lat' dir='ltr'>Po-</span> 
     </span>
     <span class='ocr_line' id='line_1_21' title="bbox 129 968 1119 1010; baseline -0.005 -8"><span class='ocrx_word' id='word_1_180' title='bbox 129 970 188 1002; x_wconf 84' lang='lat' dir='ltr'>test</span> <span class='ocrx_word' id='word_1_181' title='bbox 197 972 262 1002; x_wconf 84' lang='lat' dir='ltr'>dici</span> <span class='ocrx_word' id='word_1_182' title='bbox 280 970 402 1001; x_wconf 79' lang='lat' dir='ltr'>animas</span> <span class='ocrx_word' id='word_1_183' title='bbox 411 980 476 1001; x_wconf 90' lang='lat' dir='ltr'>non</span> <span class='ocrx_word' id='word_1_184' title='bbox 486 972 645 1010; x_wconf 84' lang='lat' dir='ltr'>deceptas,</span> <span class='ocrx_word' id='word_1_185' title='bbox 664 968 739 1000; x_wconf 67' lang='lat' dir='ltr'>cum</span> <span class='ocrx_word' id='word_1_186' title='bbox 756 970 794 1000; x_wconf 88' lang='lat' dir='ltr'>ab</span> <span class='ocrx_word' id='word_1_187' title='bbox 802 969 949 999; x_wconf 88' lang='lat' dir='ltr'>omnibus</span> <span class='ocrx_word' id='word_1_188' title='bbox 973 968 1119 998; x_wconf 78' lang='lat' dir='ltr'>habeatur</span> 
     </span>
     <span class='ocr_line' id='line_1_22' title="bbox 130 1011 1119 1054; baseline -0.004 -9"><span class='ocrx_word' id='word_1_189' title='bbox 130 1012 279 1045; x_wconf 87' lang='lat' dir='ltr'>Praelatus</span> <span class='ocrx_word' id='word_1_190' title='bbox 288 1035 296 1043; x_wconf 90' lang='lat'>.</span> <span class='ocrx_word' id='word_1_191' title='bbox 306 1013 384 1044; x_wconf 84' lang='lat' dir='ltr'>Item</span> <span class='ocrx_word' id='word_1_192' title='bbox 394 1023 432 1043; x_wconf 88' lang='lat' dir='ltr'>eo</span> <span class='ocrx_word' id='word_1_193' title='bbox 441 1012 508 1053; x_wconf 84' lang='lat' dir='ltr'>ipso</span> <span class='ocrx_word' id='word_1_194' title='bbox 517 1034 526 1047; x_wconf 95' lang='lat'>,</span> <span class='ocrx_word' id='word_1_195' title='bbox 535 1012 618 1054; x_wconf 78' lang='lat' dir='ltr'>quod</span> <span class='ocrx_word' id='word_1_196' title='bbox 626 1011 777 1043; x_wconf 75' lang='lat' dir='ltr'>Sacerdos</span> <span class='ocrx_word' id='word_1_197' title='bbox 788 1011 918 1043; x_wconf 85' lang='lat' dir='ltr'>affirmat</span> <span class='ocrx_word' id='word_1_198' title='bbox 928 1011 1055 1042; x_wconf 88' lang='lat' dir='ltr'>titulum</span> <span class='ocrx_word' id='word_1_199' title='bbox 1065 1019 1119 1050; x_wconf 87' lang='lat' dir='ltr'>pu-</span> 
     </span>
     <span class='ocr_line' id='line_1_23' title="bbox 129 1053 1120 1103; baseline -0.005 -15"><span class='ocrx_word' id='word_1_200' title='bbox 129 1058 269 1088; x_wconf 87' lang='lat' dir='ltr'>tativum</span> <span class='ocrx_word' id='word_1_201' title='bbox 277 1056 353 1088; x_wconf 87' lang='lat' dir='ltr'>oriri</span> <span class='ocrx_word' id='word_1_202' title='bbox 363 1054 486 1087; x_wconf 77' lang='lat' dir='ltr'>tantum</span> <span class='ocrx_word' id='word_1_203' title='bbox 495 1066 532 1087; x_wconf 82' lang='lat' dir='ltr'>ex</span> <span class='ocrx_word' id='word_1_204' title='bbox 542 1056 592 1087; x_wconf 86' lang='lat' dir='ltr'>sua</span> <span class='ocrx_word' id='word_1_205' title='bbox 600 1057 722 1103; x_wconf 51' lang='lat' dir='ltr'>propri}</span> <span class='ocrx_word' id='word_1_206' title='bbox 729 1055 880 1096; x_wconf 86' lang='lat' dir='ltr'>opinione</span> <span class='ocrx_word' id='word_1_207' title='bbox 891 1074 900 1088; x_wconf 92' lang='lat'>,</span> <span class='ocrx_word' id='word_1_208' title='bbox 911 1055 943 1086; x_wconf 62' lang='grc' dir='ltr'>δέ</span> <span class='ocrx_word' id='word_1_209' title='bbox 954 1053 1120 1084; x_wconf 83' lang='lat' dir='ltr'>eredulita-</span> 
     </span>
     <span class='ocr_line' id='line_1_24' title="bbox 130 1098 1118 1140; baseline -0.004 -10"><span class='ocrx_word' id='word_1_210' title='bbox 130 1109 165 1131; x_wconf 81' lang='lat' dir='ltr'>te</span> <span class='ocrx_word' id='word_1_211' title='bbox 175 1110 208 1140; x_wconf 87' lang='lat' dir='ltr'>pr</span> <span class='ocrx_word' id='word_1_212' title='bbox 232 1099 343 1133; x_wconf 88' lang='lat' dir='ltr'>babili,</span> <span class='ocrx_word' id='word_1_213' title='bbox 362 1098 431 1130; x_wconf 87' lang='lat' dir='ltr'>satis</span> <span class='ocrx_word' id='word_1_214' title='bbox 441 1098 522 1130; x_wconf 79' lang='lat' dir='ltr'>clare</span> <span class='ocrx_word' id='word_1_215' title='bbox 533 1099 606 1130; x_wconf 85' lang='lat' dir='ltr'>hinc</span> <span class='ocrx_word' id='word_1_216' title='bbox 624 1099 798 1129; x_wconf 80' lang='lat' dir='ltr'>excluditur</span> <span class='ocrx_word' id='word_1_217' title='bbox 807 1098 915 1129; x_wconf 86' lang='lat' dir='ltr'>titulus</span> <span class='ocrx_word' id='word_1_218' title='bbox 933 1099 1118 1137; x_wconf 79' lang='lat' dir='ltr'>proveniens</span> 
     </span>
     <span class='ocr_line' id='line_1_25' title="bbox 130 1139 1118 1182; baseline -0.003 -9"><span class='ocrx_word' id='word_1_219' title='bbox 130 1142 149 1174; x_wconf 70' lang='grc' dir='ltr'>ὲ</span> <span class='ocrx_word' id='word_1_220' title='bbox 160 1143 186 1174; x_wconf 91' lang='lat' dir='ltr'>le</span> <span class='ocrx_word' id='word_1_221' title='bbox 236 1142 302 1173; x_wconf 88' lang='lat' dir='ltr'>imo</span> <span class='ocrx_word' id='word_1_222' title='bbox 310 1142 462 1182; x_wconf 85' lang='lat' dir='ltr'>superiore</span> <span class='ocrx_word' id='word_1_223' title='bbox 471 1152 480 1178; x_wconf 76' lang='lat'><em>3</em></span> <span class='ocrx_word' id='word_1_224' title='bbox 490 1143 571 1173; x_wconf 87' lang='lat' dir='ltr'>unde</span> <span class='ocrx_word' id='word_1_225' title='bbox 583 1140 798 1181; x_wconf 70' lang='lat' dir='ltr'>praedietorum</span> <span class='ocrx_word' id='word_1_226' title='bbox 807 1141 993 1181; x_wconf 84' lang='lat' dir='ltr'>opinionem</span> <span class='ocrx_word' id='word_1_227' title='bbox 1005 1139 1118 1170; x_wconf 80' lang='lat' dir='ltr'>merito</span> 
     </span>
     <span class='ocr_line' id='line_1_26' title="bbox 130 1184 1007 1226; baseline -0.005 -9"><span class='ocrx_word' id='word_1_228' title='bbox 130 1184 438 1225; x_wconf 60' lang='lat' dir='ltr'>refellitJoAEancius</span> <span class='ocrx_word' id='word_1_229' title='bbox 451 1187 482 1216; x_wconf 90' lang='lat' dir='ltr'>in</span> <span class='ocrx_word' id='word_1_230' title='bbox 492 1185 599 1217; x_wconf 68' lang='lat' dir='ltr'>Seleisb.</span> <span class='ocrx_word' id='word_1_231' title='bbox 609 1184 683 1226; x_wconf 66' lang='lat' dir='ltr'>disp.</span> <span class='ocrx_word' id='word_1_232' title='bbox 695 1195 745 1224; x_wconf 71' lang='lat'>44.</span> <span class='ocrx_word' id='word_1_233' title='bbox 754 1195 802 1215; x_wconf 87' lang='lat' dir='ltr'>nu.</span> <span class='ocrx_word' id='word_1_234' title='bbox 816 1192 863 1220; x_wconf 83' lang='lat'>19.</span> <span class='ocrx_word' id='word_1_235' title='bbox 1003 1203 1007 1208; x_wconf 53' lang='grc' dir='ltr'><em>ι</em></span> 
     </span>
    </p>

    <p class='ocr_par' dir='ltr' id='par_1_6' title="bbox 128 1226 1119 1476">
     <span class='ocr_line' id='line_1_27' title="bbox 174 1226 1118 1269; baseline -0.002 -10"><span class='ocrx_word' id='word_1_236' title='bbox 174 1227 221 1259; x_wconf 84' lang='lat' dir='ltr'>Ex</span> <span class='ocrx_word' id='word_1_237' title='bbox 232 1229 345 1268; x_wconf 88' lang='lat' dir='ltr'>quibus</span> <span class='ocrx_word' id='word_1_238' title='bbox 357 1236 440 1269; x_wconf 86' lang='lat' dir='ltr'>patet</span> <span class='ocrx_word' id='word_1_239' title='bbox 447 1230 542 1259; x_wconf 82' lang='lat' dir='ltr'>etiam</span> <span class='ocrx_word' id='word_1_240' title='bbox 552 1238 588 1260; x_wconf 83' lang='lat' dir='ltr'>ex</span> <span class='ocrx_word' id='word_1_241' title='bbox 597 1227 774 1267; x_wconf 84' lang='lat' dir='ltr'>Theologis</span> <span class='ocrx_word' id='word_1_242' title='bbox 792 1226 885 1258; x_wconf 81' lang='lat' dir='ltr'>nostri</span> <span class='ocrx_word' id='word_1_243' title='bbox 894 1228 1043 1267; x_wconf 88' lang='lat' dir='ltr'>temporis</span> <span class='ocrx_word' id='word_1_244' title='bbox 1054 1236 1118 1257; x_wconf 87' lang='lat' dir='ltr'>non</span> 
     </span>
     <span class='ocr_line' id='line_1_28' title="bbox 131 1268 1119 1312; baseline -0.004 -9"><span class='ocrx_word' id='word_1_245' title='bbox 131 1271 247 1303; x_wconf 88' lang='lat' dir='ltr'>multos</span> <span class='ocrx_word' id='word_1_246' title='bbox 255 1271 330 1306; x_wconf 76' lang='lat' dir='ltr'>esse,</span> <span class='ocrx_word' id='word_1_247' title='bbox 350 1272 404 1312; x_wconf 90' lang='lat' dir='ltr'>qui</span> <span class='ocrx_word' id='word_1_248' title='bbox 416 1273 619 1312; x_wconf 84' lang='lat' dir='ltr'>generaliter,</span> <span class='ocrx_word' id='word_1_249' title='bbox 641 1272 675 1302; x_wconf 73' lang='grc' dir='ltr'>δε</span> <span class='ocrx_word' id='word_1_250' title='bbox 686 1269 863 1302; x_wconf 47' lang='lat' dir='ltr'>indistinete</span> <span class='ocrx_word' id='word_1_251' title='bbox 875 1268 1029 1300; x_wconf 83' lang='lat' dir='ltr'>affirme&#39;nt</span> <span class='ocrx_word' id='word_1_252' title='bbox 1046 1269 1119 1300; x_wconf 90' lang='lat' dir='ltr'>lice-</span> 
     </span>
     <span class='ocr_line' id='line_1_29' title="bbox 131 1314 1119 1355; baseline -0.004 -9"><span class='ocrx_word' id='word_1_253' title='bbox 131 1316 207 1346; x_wconf 91' lang='lat' dir='ltr'>rein</span> <span class='ocrx_word' id='word_1_254' title='bbox 226 1314 378 1346; x_wconf 88' lang='lat' dir='ltr'>concursu</span> <span class='ocrx_word' id='word_1_255' title='bbox 387 1315 590 1354; x_wconf 87' lang='lat' dir='ltr'>probabilium</span> <span class='ocrx_word' id='word_1_256' title='bbox 606 1316 793 1355; x_wconf 83' lang='lat' dir='ltr'>opinionum</span> <span class='ocrx_word' id='word_1_257' title='bbox 803 1314 915 1354; x_wconf 77' lang='lat' dir='ltr'>eligere</span> <span class='ocrx_word' id='word_1_258' title='bbox 936 1314 1041 1343; x_wconf 82' lang='lat' dir='ltr'>minus</span> <span class='ocrx_word' id='word_1_259' title='bbox 1050 1323 1119 1352; x_wconf 91' lang='lat' dir='ltr'>pro-</span> 
     </span>
     <span class='ocr_line' id='line_1_30' title="bbox 132 1355 1119 1399; baseline -0.003 -10"><span class='ocrx_word' id='word_1_260' title='bbox 132 1358 264 1389; x_wconf 83' lang='lat' dir='ltr'>babilem</span> <span class='ocrx_word' id='word_1_261' title='bbox 274 1378 284 1393; x_wconf 86' lang='lat'>,</span> <span class='ocrx_word' id='word_1_262' title='bbox 305 1359 338 1390; x_wconf 91' lang='lat'>&amp;</span> <span class='ocrx_word' id='word_1_263' title='bbox 359 1359 463 1389; x_wconf 81' lang='lat' dir='ltr'>minus</span> <span class='ocrx_word' id='word_1_264' title='bbox 472 1367 573 1389; x_wconf 87' lang='lat' dir='ltr'>tutam</span> <span class='ocrx_word' id='word_1_265' title='bbox 583 1378 592 1392; x_wconf 92' lang='lat'>,</span> <span class='ocrx_word' id='word_1_266' title='bbox 613 1358 687 1398; x_wconf 80' lang='lat' dir='ltr'>cum</span> <span class='ocrx_word' id='word_1_267' title='bbox 705 1357 831 1399; x_wconf 84' lang='lat' dir='ltr'>plurimi</span> <span class='ocrx_word' id='word_1_268' title='bbox 850 1358 982 1387; x_wconf 87' lang='lat' dir='ltr'>sentiant</span> <span class='ocrx_word' id='word_1_269' title='bbox 999 1355 1119 1396; x_wconf 86' lang='lat' dir='ltr'>opposi-</span> 
     </span>
     <span class='ocr_line' id='line_1_31' title="bbox 128 1399 1118 1442; baseline -0.002 -10"><span class='ocrx_word' id='word_1_270' title='bbox 128 1410 200 1432; x_wconf 88' lang='lat' dir='ltr'>tum</span> <span class='ocrx_word' id='word_1_271' title='bbox 218 1403 252 1432; x_wconf 89' lang='lat' dir='ltr'>in</span> <span class='ocrx_word' id='word_1_272' title='bbox 263 1399 471 1435; x_wconf 81' lang='lat' dir='ltr'>Consiliario,</span> <span class='ocrx_word' id='word_1_273' title='bbox 493 1404 526 1432; x_wconf 90' lang='lat' dir='ltr'>in</span> <span class='ocrx_word' id='word_1_274' title='bbox 539 1401 663 1442; x_wconf 65' lang='lat' dir='ltr'>iudice,</span> <span class='ocrx_word' id='word_1_275' title='bbox 687 1403 719 1432; x_wconf 87' lang='lat' dir='ltr'>in</span> <span class='ocrx_word' id='word_1_276' title='bbox 732 1400 878 1434; x_wconf 86' lang='lat' dir='ltr'>Medico,</span> <span class='ocrx_word' id='word_1_277' title='bbox 900 1402 934 1431; x_wconf 89' lang='lat' dir='ltr'>in</span> <span class='ocrx_word' id='word_1_278' title='bbox 957 1399 1044 1440; x_wconf 87' lang='lat' dir='ltr'>Rege</span> <span class='ocrx_word' id='word_1_279' title='bbox 1054 1419 1063 1433; x_wconf 79' lang='lat'>‚</span> <span class='ocrx_word' id='word_1_280' title='bbox 1085 1400 1118 1430; x_wconf 89' lang='lat'>&amp;</span> 
     </span>
     <span class='ocr_line' id='line_1_32' title="bbox 129 1444 734 1476; baseline -0.002 -1"><span class='ocrx_word' id='word_1_281' title='bbox 129 1444 165 1475; x_wconf 85' lang='lat' dir='ltr'>in</span> <span class='ocrx_word' id='word_1_282' title='bbox 183 1444 431 1476; x_wconf 84' lang='lat' dir='ltr'>administratore</span> <span class='ocrx_word' id='word_1_283' title='bbox 442 1444 715 1475; x_wconf 72' lang='lat' dir='ltr'>§aeramentorum</span> <span class='ocrx_word' id='word_1_284' title='bbox 726 1466 734 1474; x_wconf 90' lang='lat'><em>.</em></span> 
     </span>
    </p>

    <p class='ocr_par' dir='ltr' id='par_1_7' title="bbox 120 1487 1119 3509">
     <span class='ocr_line' id='line_1_33' title="bbox 168 1487 1119 1528; baseline -0.001 -10"><span class='ocrx_word' id='word_1_285' title='bbox 168 1487 229 1519; x_wconf 87' lang='lat' dir='ltr'>His</span> <span class='ocrx_word' id='word_1_286' title='bbox 239 1487 338 1528; x_wconf 83' lang='lat' dir='ltr'>adjice</span> <span class='ocrx_word' id='word_1_287' title='bbox 349 1508 359 1522; x_wconf 89' lang='lat'>,</span> <span class='ocrx_word' id='word_1_288' title='bbox 373 1488 458 1528; x_wconf 81' lang='lat' dir='ltr'>quod</span> <span class='ocrx_word' id='word_1_289' title='bbox 470 1487 615 1518; x_wconf 81' lang='lat' dir='ltr'>authores</span> <span class='ocrx_word' id='word_1_290' title='bbox 626 1489 766 1518; x_wconf 85' lang='lat' dir='ltr'>moderni</span> <span class='ocrx_word' id='word_1_291' title='bbox 777 1508 786 1521; x_wconf 87' lang='lat'><strong>‚</strong></span> <span class='ocrx_word' id='word_1_292' title='bbox 808 1488 862 1528; x_wconf 89' lang='lat' dir='ltr'>qui</span> <span class='ocrx_word' id='word_1_293' title='bbox 881 1488 1053 1528; x_wconf 75' lang='lat' dir='ltr'>allegantur</span> <span class='ocrx_word' id='word_1_294' title='bbox 1065 1496 1119 1525; x_wconf 88' lang='lat' dir='ltr'>pro</span> 
     </span>
     <span class='ocr_line' id='line_1_34' title="bbox 130 1529 1119 1565; baseline -0.002 -3"><span class='ocrx_word' id='word_1_295' title='bbox 130 1532 288 1563; x_wconf 79' lang='lat' dir='ltr'>contraria</span> <span class='ocrx_word' id='word_1_296' title='bbox 297 1530 448 1562; x_wconf 83' lang='lat' dir='ltr'>sententia</span> <span class='ocrx_word' id='word_1_297' title='bbox 458 1551 468 1565; x_wconf 94' lang='lat'>,</span> <span class='ocrx_word' id='word_1_298' title='bbox 492 1530 559 1563; x_wconf 89' lang='lat' dir='ltr'>sunt</span> <span class='ocrx_word' id='word_1_299' title='bbox 569 1534 649 1561; x_wconf 90' lang='lat' dir='ltr'>inter</span> <span class='ocrx_word' id='word_1_300' title='bbox 658 1530 684 1560; x_wconf 92' lang='lat' dir='ltr'>se</span> <span class='ocrx_word' id='word_1_301' title='bbox 695 1533 865 1562; x_wconf 78' lang='lat' dir='ltr'>admodum</span> <span class='ocrx_word' id='word_1_302' title='bbox 878 1533 977 1564; x_wconf 85' lang='lat' dir='ltr'>varii,</span> <span class='ocrx_word' id='word_1_303' title='bbox 995 1532 1026 1561; x_wconf 70' lang='grc' dir='ltr'>ὃ(</span> <span class='ocrx_word' id='word_1_304' title='bbox 1038 1529 1119 1560; x_wconf 79' lang='lat' dir='ltr'>disii-</span> 
     </span>
     <span class='ocr_line' id='line_1_35' title="bbox 130 1572 1119 1614; baseline -0.003 -8"><span class='ocrx_word' id='word_1_305' title='bbox 130 1577 256 1606; x_wconf 86' lang='lat' dir='ltr'>dentes.</span> <span class='ocrx_word' id='word_1_306' title='bbox 280 1572 365 1605; x_wconf 87' lang='lat' dir='ltr'>Nam</span> <span class='ocrx_word' id='word_1_307' title='bbox 376 1573 429 1605; x_wconf 91' lang='lat' dir='ltr'>alii</span> <span class='ocrx_word' id='word_1_308' title='bbox 437 1575 622 1614; x_wconf 77' lang='lat' dir='ltr'>generaliter</span> <span class='ocrx_word' id='word_1_309' title='bbox 640 1583 747 1604; x_wconf 90' lang='lat' dir='ltr'>tenent</span> <span class='ocrx_word' id='word_1_310' title='bbox 758 1576 789 1604; x_wconf 85' lang='lat' dir='ltr'>in</span> <span class='ocrx_word' id='word_1_311' title='bbox 805 1580 1001 1614; x_wconf 84' lang='lat' dir='ltr'>quacumque</span> <span class='ocrx_word' id='word_1_312' title='bbox 1022 1582 1119 1604; x_wconf 87' lang='lat' dir='ltr'>mate-</span> 
     </span>
     <span class='ocr_line' id='line_1_36' title="bbox 128 1616 1119 1657; baseline -0.002 -9"><span class='ocrx_word' id='word_1_313' title='bbox 128 1619 178 1649; x_wconf 76' lang='lat' dir='ltr'>ria</span> <span class='ocrx_word' id='word_1_314' title='bbox 188 1616 312 1648; x_wconf 89' lang='lat' dir='ltr'>licitum</span> <span class='ocrx_word' id='word_1_315' title='bbox 322 1617 378 1648; x_wconf 80' lang='lat' dir='ltr'>effe</span> <span class='ocrx_word' id='word_1_316' title='bbox 389 1616 536 1657; x_wconf 59' lang='lat' dir='ltr'>amplecti</span> <span class='ocrx_word' id='word_1_317' title='bbox 547 1619 728 1656; x_wconf 85' lang='lat' dir='ltr'>opinionem</span> <span class='ocrx_word' id='word_1_318' title='bbox 740 1616 844 1648; x_wconf 79' lang='lat' dir='ltr'>minus</span> <span class='ocrx_word' id='word_1_319' title='bbox 868 1617 1055 1656; x_wconf 80' lang='lat' dir='ltr'>probabilem</span> <span class='ocrx_word' id='word_1_320' title='bbox 1067 1616 1119 1646; x_wconf 85' lang='lat' dir='ltr'>ha-</span> 
     </span>
     <span class='ocr_line' id='line_1_37' title="bbox 129 1660 1119 1700; baseline -0.002 -9"><span class='ocrx_word' id='word_1_321' title='bbox 129 1661 258 1692; x_wconf 84' lang='lat' dir='ltr'>bentem</span> <span class='ocrx_word' id='word_1_322' title='bbox 268 1661 437 1691; x_wconf 89' lang='lat' dir='ltr'>minimum</span> <span class='ocrx_word' id='word_1_323' title='bbox 456 1660 679 1700; x_wconf 70' lang='lat' dir='ltr'>probabilitatis</span> <span class='ocrx_word' id='word_1_324' title='bbox 690 1681 698 1693; x_wconf 88' lang='lat'>,</span> <span class='ocrx_word' id='word_1_325' title='bbox 721 1660 840 1691; x_wconf 83' lang='lat' dir='ltr'>etiamsi</span> <span class='ocrx_word' id='word_1_326' title='bbox 864 1660 966 1690; x_wconf 81' lang='lat' dir='ltr'>dehac</span> <span class='ocrx_word' id='word_1_327' title='bbox 987 1661 1119 1690; x_wconf 86' lang='lat' dir='ltr'>minima</span> 
     </span>
     <span class='ocr_line' id='line_1_38' title="bbox 128 1703 1116 1744; baseline -0.001 -10"><span class='ocrx_word' id='word_1_328' title='bbox 128 1703 349 1744; x_wconf 81' lang='lat' dir='ltr'>probabilitate</span> <span class='ocrx_word' id='word_1_329' title='bbox 361 1703 508 1735; x_wconf 81' lang='lat' dir='ltr'>habeatur</span> <span class='ocrx_word' id='word_1_330' title='bbox 519 1703 651 1734; x_wconf 88' lang='lat' dir='ltr'>minima</span> <span class='ocrx_word' id='word_1_331' title='bbox 663 1704 860 1743; x_wconf 83' lang='lat' dir='ltr'>probabilitas</span> <span class='ocrx_word' id='word_1_332' title='bbox 871 1704 932 1734; x_wconf 85' lang='lat' dir='ltr'>sine</span> <span class='ocrx_word' id='word_1_333' title='bbox 940 1703 1099 1734; x_wconf 87' lang='lat' dir='ltr'>evidentia</span> <span class='ocrx_word' id='word_1_334' title='bbox 1110 1723 1116 1730; x_wconf 83' lang='lat'>-</span> 
     </span>
     <span class='ocr_line' id='line_1_39' title="bbox 129 1745 1118 1786; baseline -0.003 -8"><span class='ocrx_word' id='word_1_335' title='bbox 129 1747 182 1778; x_wconf 85' lang='lat' dir='ltr'>Sic</span> <span class='ocrx_word' id='word_1_336' title='bbox 194 1745 390 1786; x_wconf 85' lang='lat' dir='ltr'>Pasqualigus</span> <span class='ocrx_word' id='word_1_337' title='bbox 399 1746 460 1778; x_wconf 78' lang='lat' dir='ltr'>dec.</span> <span class='ocrx_word' id='word_1_338' title='bbox 478 1756 523 1783; x_wconf 87' lang='lat'>19.</span> <span class='ocrx_word' id='word_1_339' title='bbox 534 1758 582 1777; x_wconf 82' lang='lat' dir='ltr'>nu.</span> <span class='ocrx_word' id='word_1_340' title='bbox 595 1758 619 1777; x_wconf 64' lang='grc' dir='ltr'>ι.</span> <span class='ocrx_word' id='word_1_341' title='bbox 631 1747 692 1778; x_wconf 86' lang='lat' dir='ltr'>Alii</span> <span class='ocrx_word' id='word_1_342' title='bbox 706 1748 842 1778; x_wconf 88' lang='lat' dir='ltr'>limirant</span> <span class='ocrx_word' id='word_1_343' title='bbox 852 1767 861 1781; x_wconf 84' lang='lat'>‚</span> <span class='ocrx_word' id='word_1_344' title='bbox 885 1756 917 1777; x_wconf 90' lang='lat' dir='ltr'>ut</span> <span class='ocrx_word' id='word_1_345' title='bbox 937 1749 981 1777; x_wconf 86' lang='lat' dir='ltr'>ita</span> <span class='ocrx_word' id='word_1_346' title='bbox 990 1748 1118 1776; x_wconf 89' lang='lat' dir='ltr'>demum</span> 
     </span>
     <span class='ocr_line' id='line_1_40' title="bbox 129 1788 1117 1831; baseline -0.001 -11"><span class='ocrx_word' id='word_1_347' title='bbox 129 1789 167 1820; x_wconf 83' lang='lat' dir='ltr'>sit</span> <span class='ocrx_word' id='word_1_348' title='bbox 177 1790 298 1820; x_wconf 87' lang='lat' dir='ltr'>licitum</span> <span class='ocrx_word' id='word_1_349' title='bbox 315 1788 399 1830; x_wconf 88' lang='lat' dir='ltr'>sequi</span> <span class='ocrx_word' id='word_1_350' title='bbox 411 1789 515 1820; x_wconf 76' lang='lat' dir='ltr'>minus</span> <span class='ocrx_word' id='word_1_351' title='bbox 532 1791 724 1831; x_wconf 83' lang='lat' dir='ltr'>probabilem</span> <span class='ocrx_word' id='word_1_352' title='bbox 735 1810 744 1824; x_wconf 88' lang='lat'>,</span> <span class='ocrx_word' id='word_1_353' title='bbox 768 1789 788 1820; x_wconf 89' lang='lat' dir='ltr'>si</span> <span class='ocrx_word' id='word_1_354' title='bbox 801 1791 970 1821; x_wconf 77' lang='lat' dir='ltr'>habeamus</span> <span class='ocrx_word' id='word_1_355' title='bbox 990 1789 1117 1820; x_wconf 60' lang='lat' dir='ltr'>eviden&lt;</span> 
     </span>
     <span class='ocr_line' id='line_1_41' title="bbox 126 1830 1116 1873; baseline 0.001 -10"><span class='ocrx_word' id='word_1_356' title='bbox 126 1834 208 1864; x_wconf 73' lang='lat' dir='ltr'>tiam</span> <span class='ocrx_word' id='word_1_357' title='bbox 218 1834 255 1864; x_wconf 87' lang='lat' dir='ltr'>de</span> <span class='ocrx_word' id='word_1_358' title='bbox 264 1832 347 1864; x_wconf 87' lang='lat' dir='ltr'>illius</span> <span class='ocrx_word' id='word_1_359' title='bbox 353 1834 572 1873; x_wconf 86' lang='lat' dir='ltr'>probabilitate</span> <span class='ocrx_word' id='word_1_360' title='bbox 581 1854 590 1867; x_wconf 90' lang='lat'>,</span> <span class='ocrx_word' id='word_1_361' title='bbox 615 1832 761 1864; x_wconf 64' lang='lat' dir='ltr'>lii-efferus</span> <span class='ocrx_word' id='word_1_362' title='bbox 773 1832 810 1864; x_wconf 84' lang='lat' dir='ltr'>de</span> <span class='ocrx_word' id='word_1_363' title='bbox 818 1831 998 1870; x_wconf 63' lang='lat' dir='ltr'>conscientia</span> <span class='ocrx_word' id='word_1_364' title='bbox 1009 1830 1078 1864; x_wconf 76' lang='lat' dir='ltr'>libr.</span> <span class='ocrx_word' id='word_1_365' title='bbox 1093 1836 1116 1871; x_wconf 62' lang='grc' dir='ltr'>ξ.</span> 
     </span>
     <span class='ocr_line' id='line_1_42' title="bbox 125 1875 1113 1917; baseline -0.002 -10"><span class='ocrx_word' id='word_1_366' title='bbox 125 1883 184 1915; x_wconf 84' lang='lat' dir='ltr'>c.5.</span> <span class='ocrx_word' id='word_1_367' title='bbox 197 1875 322 1907; x_wconf 80' lang='lat' dir='ltr'>Merula</span> <span class='ocrx_word' id='word_1_368' title='bbox 330 1876 406 1916; x_wconf 77' lang='lat' dir='ltr'>disp.</span> <span class='ocrx_word' id='word_1_369' title='bbox 419 1886 444 1917; x_wconf 83' lang='lat'>3.</span> <span class='ocrx_word' id='word_1_370' title='bbox 455 1884 550 1916; x_wconf 77' lang='lat' dir='ltr'>cap.4.</span> <span class='ocrx_word' id='word_1_371' title='bbox 562 1877 625 1907; x_wconf 82' lang='lat' dir='ltr'>Alii</span> <span class='ocrx_word' id='word_1_372' title='bbox 637 1877 736 1917; x_wconf 76' lang='lat' dir='ltr'>magis</span> <span class='ocrx_word' id='word_1_373' title='bbox 749 1878 886 1908; x_wconf 83' lang='lat' dir='ltr'>limitant</span> <span class='ocrx_word' id='word_1_374' title='bbox 896 1897 905 1911; x_wconf 89' lang='lat'>,</span> <span class='ocrx_word' id='word_1_375' title='bbox 928 1886 960 1907; x_wconf 91' lang='lat' dir='ltr'>ut</span> <span class='ocrx_word' id='word_1_376' title='bbox 971 1876 1066 1907; x_wconf 78' lang='lat' dir='ltr'>solum</span> <span class='ocrx_word' id='word_1_377' title='bbox 1078 1876 1113 1906; x_wconf 91' lang='lat' dir='ltr'>li-</span> 
     </span>
     <span class='ocr_line' id='line_1_43' title="bbox 126 1918 1117 1961; baseline -0.001 -12"><span class='ocrx_word' id='word_1_378' title='bbox 126 1928 198 1949; x_wconf 80' lang='lat' dir='ltr'>ctat</span> <span class='ocrx_word' id='word_1_379' title='bbox 209 1918 291 1960; x_wconf 89' lang='lat' dir='ltr'>sequi</span> <span class='ocrx_word' id='word_1_380' title='bbox 311 1922 476 1951; x_wconf 84' lang='lat' dir='ltr'>minimam</span> <span class='ocrx_word' id='word_1_381' title='bbox 487 1921 736 1960; x_wconf 80' lang='lat' dir='ltr'>probabilitatem</span> <span class='ocrx_word' id='word_1_382' title='bbox 748 1940 756 1953; x_wconf 85' lang='lat'><em>‚</em></span> <span class='ocrx_word' id='word_1_383' title='bbox 779 1922 904 1961; x_wconf 81' lang='lat' dir='ltr'>quando</span> <span class='ocrx_word' id='word_1_384' title='bbox 914 1921 1003 1950; x_wconf 86' lang='lat' dir='ltr'>aliter</span> <span class='ocrx_word' id='word_1_385' title='bbox 1025 1928 1117 1959; x_wconf 82' lang='lat' dir='ltr'>grave</span> 
     </span>
     <span class='ocr_line' id='line_1_44' title="bbox 126 1960 1118 2003; baseline -0.002 -11"><span class='ocrx_word' id='word_1_386' title='bbox 126 1963 281 1992; x_wconf 87' lang='lat' dir='ltr'>damnum</span> <span class='ocrx_word' id='word_1_387' title='bbox 288 1963 400 1993; x_wconf 85' lang='lat' dir='ltr'>evitari</span> <span class='ocrx_word' id='word_1_388' title='bbox 411 1973 476 1993; x_wconf 87' lang='lat' dir='ltr'>non</span> <span class='ocrx_word' id='word_1_389' title='bbox 486 1963 580 2003; x_wconf 78' lang='lat' dir='ltr'>potest</span> <span class='ocrx_word' id='word_1_390' title='bbox 590 1983 600 1997; x_wconf 94' lang='lat'>,</span> <span class='ocrx_word' id='word_1_391' title='bbox 612 1963 693 1994; x_wconf 77' lang='lat' dir='ltr'>Salas</span> <span class='ocrx_word' id='word_1_392' title='bbox 700 1972 815 2003; x_wconf 67' lang='lat' dir='ltr'>parm.</span> <span class='ocrx_word' id='word_1_393' title='bbox 825 1963 946 1994; x_wconf 57' lang='lat' dir='ltr'>tra‘ffls.</span> <span class='ocrx_word' id='word_1_394' title='bbox 959 1960 1118 2000; x_wconf 63' lang='lat' dir='ltr'>diypmm&#39;c.</span> 
     </span>
     <span class='ocr_line' id='line_1_45' title="bbox 120 1999 1117 2046; baseline -0.001 -11"><span class='ocrx_word' id='word_1_395' title='bbox 120 2005 195 2046; x_wconf 61' lang='lat' dir='ltr'>seli.</span> <span class='ocrx_word' id='word_1_396' title='bbox 207 2012 233 2043; x_wconf 84' lang='lat'>5.</span> <span class='ocrx_word' id='word_1_397' title='bbox 246 2005 390 2036; x_wconf 86' lang='lat' dir='ltr'>Valentia</span> <span class='ocrx_word' id='word_1_398' title='bbox 406 2004 482 2045; x_wconf 74' lang='lat' dir='ltr'>disp.</span> <span class='ocrx_word' id='word_1_399' title='bbox 494 2017 522 2042; x_wconf 85' lang='lat'>9.</span> <span class='ocrx_word' id='word_1_400' title='bbox 535 2004 626 2046; x_wconf 71' lang='lat' dir='ltr'>quaest.</span> <span class='ocrx_word' id='word_1_401' title='bbox 643 2016 688 2045; x_wconf 76' lang='lat'>14-</span> <span class='ocrx_word' id='word_1_402' title='bbox 699 2007 760 2036; x_wconf 84' lang='lat' dir='ltr'>Alii</span> <span class='ocrx_word' id='word_1_403' title='bbox 778 2006 931 2037; x_wconf 86' lang='lat' dir='ltr'>affirmant</span> <span class='ocrx_word' id='word_1_404' title='bbox 944 1999 1029 2035; x_wconf 71' lang='lat' dir='ltr'>usum</span> <span class='ocrx_word' id='word_1_405' title='bbox 1050 2006 1117 2044; x_wconf 83' lang='lat' dir='ltr'>opi-</span> 
     </span>
     <span class='ocr_line' id='line_1_46' title="bbox 126 2046 1118 2088; baseline -0.001 -10"><span class='ocrx_word' id='word_1_406' title='bbox 126 2049 236 2079; x_wconf 88' lang='lat' dir='ltr'>nionis</span> <span class='ocrx_word' id='word_1_407' title='bbox 255 2046 359 2079; x_wconf 72' lang='lat' dir='ltr'>minus</span> <span class='ocrx_word' id='word_1_408' title='bbox 382 2049 544 2088; x_wconf 89' lang='lat' dir='ltr'>probabilis</span> <span class='ocrx_word' id='word_1_409' title='bbox 560 2049 616 2079; x_wconf 80' lang='lat' dir='ltr'>effe</span> <span class='ocrx_word' id='word_1_410' title='bbox 640 2049 762 2080; x_wconf 89' lang='lat' dir='ltr'>licitum</span> <span class='ocrx_word' id='word_1_411' title='bbox 780 2052 812 2080; x_wconf 90' lang='lat' dir='ltr'>in</span> <span class='ocrx_word' id='word_1_412' title='bbox 835 2048 903 2080; x_wconf 88' lang='lat' dir='ltr'>foro</span> <span class='ocrx_word' id='word_1_413' title='bbox 920 2047 1118 2079; x_wconf 81' lang='lat' dir='ltr'>conscientiae</span> 
     </span>
     <span class='ocr_line' id='line_1_47' title="bbox 125 2091 1118 2126; baseline 0 -5"><span class='ocrx_word' id='word_1_414' title='bbox 125 2092 291 2122; x_wconf 80' lang='lat' dir='ltr'>dumtaxat</span> <span class='ocrx_word' id='word_1_415' title='bbox 300 2111 310 2126; x_wconf 90' lang='lat'>‚</span> <span class='ocrx_word' id='word_1_416' title='bbox 333 2101 397 2122; x_wconf 90' lang='lat' dir='ltr'>non</span> <span class='ocrx_word' id='word_1_417' title='bbox 415 2101 520 2123; x_wconf 89' lang='lat' dir='ltr'>autem</span> <span class='ocrx_word' id='word_1_418' title='bbox 538 2094 570 2122; x_wconf 86' lang='lat' dir='ltr'>in</span> <span class='ocrx_word' id='word_1_419' title='bbox 583 2091 652 2123; x_wconf 88' lang='lat' dir='ltr'>foro</span> <span class='ocrx_word' id='word_1_420' title='bbox 674 2091 733 2123; x_wconf 88' lang='lat' dir='ltr'>fori</span> <span class='ocrx_word' id='word_1_421' title='bbox 743 2114 750 2121; x_wconf 93' lang='lat'>.</span> <span class='ocrx_word' id='word_1_422' title='bbox 775 2093 820 2122; x_wconf 85' lang='lat' dir='ltr'>lta</span> <span class='ocrx_word' id='word_1_423' title='bbox 842 2091 981 2123; x_wconf 85' lang='lat' dir='ltr'>Sanchez</span> <span class='ocrx_word' id='word_1_424' title='bbox 1004 2094 1037 2121; x_wconf 81' lang='lat' dir='ltr'>in</span> <span class='ocrx_word' id='word_1_425' title='bbox 1053 2092 1118 2122; x_wconf 85' lang='lat' dir='ltr'>De—</span> 
     </span>
     <span class='ocr_line' id='line_1_48' title="bbox 126 2131 1119 2175; baseline -0.002 -10"><span class='ocrx_word' id='word_1_426' title='bbox 126 2134 185 2165; x_wconf 88' lang='lat' dir='ltr'>cal.</span> <span class='ocrx_word' id='word_1_427' title='bbox 195 2131 280 2165; x_wconf 75' lang='lat' dir='ltr'>lib-1.</span> <span class='ocrx_word' id='word_1_428' title='bbox 289 2142 406 2174; x_wconf 51' lang='lat' dir='ltr'>calmo.</span> <span class='ocrx_word' id='word_1_429' title='bbox 418 2134 557 2175; x_wconf 85' lang='lat' dir='ltr'>Layinan</span> <span class='ocrx_word' id='word_1_430' title='bbox 566 2134 602 2165; x_wconf 78' lang='lat' dir='ltr'>ale</span> <span class='ocrx_word' id='word_1_431' title='bbox 613 2135 718 2166; x_wconf 69' lang='lat' dir='ltr'>Dofzr.</span> <span class='ocrx_word' id='word_1_432' title='bbox 730 2135 836 2165; x_wconf 73' lang='lat' dir='ltr'>moral.</span> <span class='ocrx_word' id='word_1_433' title='bbox 847 2132 932 2165; x_wconf 84' lang='lat' dir='ltr'>lib.6.</span> <span class='ocrx_word' id='word_1_434' title='bbox 947 2141 1040 2173; x_wconf 80' lang='lat' dir='ltr'>cap.5.</span> <span class='ocrx_word' id='word_1_435' title='bbox 1055 2134 1119 2164; x_wconf 86' lang='lat' dir='ltr'>Alii</span> 
     </span>
     <span class='ocr_line' id='line_1_49' title="bbox 125 2176 1118 2217; baseline -0.001 -10"><span class='ocrx_word' id='word_1_436' title='bbox 125 2178 237 2207; x_wconf 89' lang='lat' dir='ltr'>dicunt</span> <span class='ocrx_word' id='word_1_437' title='bbox 246 2177 284 2207; x_wconf 86' lang='lat' dir='ltr'>ad</span> <span class='ocrx_word' id='word_1_438' title='bbox 296 2176 372 2210; x_wconf 86' lang='lat' dir='ltr'>hoc,</span> <span class='ocrx_word' id='word_1_439' title='bbox 395 2187 427 2207; x_wconf 90' lang='lat' dir='ltr'>ut</span> <span class='ocrx_word' id='word_1_440' title='bbox 439 2177 529 2207; x_wconf 78' lang='lat' dir='ltr'>liceat</span> <span class='ocrx_word' id='word_1_441' title='bbox 539 2176 620 2217; x_wconf 85' lang='lat' dir='ltr'>sequi</span> <span class='ocrx_word' id='word_1_442' title='bbox 633 2180 735 2208; x_wconf 88' lang='lat' dir='ltr'>minus</span> <span class='ocrx_word' id='word_1_443' title='bbox 747 2178 936 2216; x_wconf 83' lang='lat' dir='ltr'>probabilem</span> <span class='ocrx_word' id='word_1_444' title='bbox 947 2197 956 2210; x_wconf 88' lang='lat'>,</span> <span class='ocrx_word' id='word_1_445' title='bbox 979 2179 1061 2216; x_wconf 81' lang='lat' dir='ltr'>prius</span> <span class='ocrx_word' id='word_1_446' title='bbox 1071 2178 1118 2211; x_wconf 75' lang='lat' dir='ltr'>di-</span> 
     </span>
     <span class='ocr_line' id='line_1_50' title="bbox 124 2219 1112 2260; baseline 0 -10"><span class='ocrx_word' id='word_1_447' title='bbox 124 2219 292 2260; x_wconf 84' lang='lat' dir='ltr'>ligentiam</span> <span class='ocrx_word' id='word_1_448' title='bbox 301 2220 509 2250; x_wconf 80' lang='lat' dir='ltr'>adhibendam</span> <span class='ocrx_word' id='word_1_449' title='bbox 518 2220 574 2251; x_wconf 80' lang='lat' dir='ltr'>esse</span> <span class='ocrx_word' id='word_1_450' title='bbox 582 2240 592 2254; x_wconf 90' lang='lat'>,</span> <span class='ocrx_word' id='word_1_451' title='bbox 615 2230 655 2251; x_wconf 86' lang='lat' dir='ltr'>an</span> <span class='ocrx_word' id='word_1_452' title='bbox 666 2220 808 2260; x_wconf 78' lang='lat' dir='ltr'>possimus</span> <span class='ocrx_word' id='word_1_453' title='bbox 825 2221 991 2251; x_wconf 85' lang='lat' dir='ltr'>certificari</span> <span class='ocrx_word' id='word_1_454' title='bbox 1001 2222 1038 2252; x_wconf 87' lang='lat' dir='ltr'>de</span> <span class='ocrx_word' id='word_1_455' title='bbox 1051 2229 1112 2250; x_wconf 84' lang='lat' dir='ltr'>ma-</span> 
     </span>
     <span class='ocr_line' id='line_1_51' title="bbox 124 2261 1117 2304; baseline -0.001 -11"><span class='ocrx_word' id='word_1_456' title='bbox 124 2264 174 2304; x_wconf 86' lang='lat' dir='ltr'>gis</span> <span class='ocrx_word' id='word_1_457' title='bbox 185 2262 333 2302; x_wconf 84' lang='lat' dir='ltr'>probabili</span> <span class='ocrx_word' id='word_1_458' title='bbox 342 2262 482 2303; x_wconf 79' lang='lat' dir='ltr'>oppofita</span> <span class='ocrx_word' id='word_1_459' title='bbox 490 2283 501 2297; x_wconf 92' lang='lat'>‚</span> <span class='ocrx_word' id='word_1_460' title='bbox 523 2262 671 2294; x_wconf 81' lang='lat' dir='ltr'>Baldellus</span> <span class='ocrx_word' id='word_1_461' title='bbox 682 2262 718 2294; x_wconf 86' lang='lat' dir='ltr'>de</span> <span class='ocrx_word' id='word_1_462' title='bbox 733 2263 915 2304; x_wconf 70' lang='lat' dir='ltr'>conscientia</span> <span class='ocrx_word' id='word_1_463' title='bbox 923 2261 1002 2302; x_wconf 70' lang='lat' dir='ltr'>disp.</span> <span class='ocrx_word' id='word_1_464' title='bbox 1016 2272 1041 2302; x_wconf 87' lang='lat'>3.</span> <span class='ocrx_word' id='word_1_465' title='bbox 1052 2270 1117 2302; x_wconf 79' lang='lat' dir='ltr'>cap.</span> 
     </span>
     <span class='ocr_line' id='line_1_52' title="bbox 123 2306 1117 2348; baseline 0.001 -13"><span class='ocrx_word' id='word_1_466' title='bbox 123 2315 156 2345; x_wconf 86' lang='lat'>4.</span> <span class='ocrx_word' id='word_1_467' title='bbox 169 2306 229 2336; x_wconf 87' lang='lat' dir='ltr'>Alli</span> <span class='ocrx_word' id='word_1_468' title='bbox 238 2316 303 2337; x_wconf 92' lang='lat' dir='ltr'>non</span> <span class='ocrx_word' id='word_1_469' title='bbox 313 2307 483 2337; x_wconf 88' lang='lat' dir='ltr'>admittunt</span> <span class='ocrx_word' id='word_1_470' title='bbox 496 2308 635 2348; x_wconf 84' lang='lat' dir='ltr'>regulam</span> <span class='ocrx_word' id='word_1_471' title='bbox 652 2306 795 2347; x_wconf 83' lang='lat' dir='ltr'>sequendi</span> <span class='ocrx_word' id='word_1_472' title='bbox 809 2310 907 2347; x_wconf 81' lang='lat' dir='ltr'>magis</span> <span class='ocrx_word' id='word_1_473' title='bbox 928 2306 1117 2347; x_wconf 85' lang='lat' dir='ltr'>probabilem</span> 
     </span>
     <span class='ocr_line' id='line_1_53' title="bbox 124 2348 1117 2390; baseline -0.001 -10"><span class='ocrx_word' id='word_1_474' title='bbox 124 2350 161 2380; x_wconf 89' lang='lat' dir='ltr'>in</span> <span class='ocrx_word' id='word_1_475' title='bbox 173 2351 301 2380; x_wconf 88' lang='lat' dir='ltr'>materia</span> <span class='ocrx_word' id='word_1_476' title='bbox 311 2348 583 2381; x_wconf 71' lang='lat' dir='ltr'>§aeramentorum</span> <span class='ocrx_word' id='word_1_477' title='bbox 594 2370 603 2384; x_wconf 91' lang='lat'>,</span> <span class='ocrx_word' id='word_1_478' title='bbox 627 2350 767 2390; x_wconf 73' lang='lat' dir='ltr'>vasquez</span> <span class='ocrx_word' id='word_1_479' title='bbox 777 2350 852 2390; x_wconf 76' lang='lat' dir='ltr'>disp.</span> <span class='ocrx_word' id='word_1_480' title='bbox 863 2354 914 2381; x_wconf 82' lang='lat'>60.</span> <span class='ocrx_word' id='word_1_481' title='bbox 926 2357 989 2389; x_wconf 74' lang='lat' dir='ltr'>cap.</span> <span class='ocrx_word' id='word_1_482' title='bbox 1005 2358 1028 2389; x_wconf 84' lang='lat'>3.</span> <span class='ocrx_word' id='word_1_483' title='bbox 1041 2349 1117 2380; x_wconf 83' lang='lat' dir='ltr'>Sua-</span> 
     </span>
     <span class='ocr_line' id='line_1_54' title="bbox 125 2391 1117 2433; baseline 0 -11"><span class='ocrx_word' id='word_1_484' title='bbox 125 2401 179 2422; x_wconf 86' lang='lat' dir='ltr'>rez</span> <span class='ocrx_word' id='word_1_485' title='bbox 189 2400 292 2431; x_wconf 77' lang='lat' dir='ltr'>tom.4.</span> <span class='ocrx_word' id='word_1_486' title='bbox 304 2391 379 2433; x_wconf 77' lang='lat' dir='ltr'>disp.</span> <span class='ocrx_word' id='word_1_487' title='bbox 392 2392 512 2433; x_wconf 79' lang='lat' dir='ltr'>26.ses].</span> <span class='ocrx_word' id='word_1_488' title='bbox 523 2397 551 2424; x_wconf 83' lang='lat'>6.</span> <span class='ocrx_word' id='word_1_489' title='bbox 564 2393 722 2424; x_wconf 77' lang='lat' dir='ltr'>Pilliucius</span> <span class='ocrx_word' id='word_1_490' title='bbox 733 2394 821 2424; x_wconf 70' lang='lat' dir='ltr'>traffl.</span> <span class='ocrx_word' id='word_1_491' title='bbox 836 2405 850 2423; x_wconf 83' lang='lat'>2</span> <span class='ocrx_word' id='word_1_492' title='bbox 860 2403 882 2424; x_wconf 91' lang='lat' dir='ltr'>t.</span> <span class='ocrx_word' id='word_1_493' title='bbox 893 2401 955 2432; x_wconf 75' lang='lat' dir='ltr'>cap.</span> <span class='ocrx_word' id='word_1_494' title='bbox 968 2404 996 2432; x_wconf 75' lang='lat'>4.</span> <span class='ocrx_word' id='word_1_495' title='bbox 1008 2393 1069 2423; x_wconf 73' lang='lat' dir='ltr'>Alii</span> <span class='ocrx_word' id='word_1_496' title='bbox 1079 2393 1117 2422; x_wconf 80' lang='lat' dir='ltr'>ab</span> 
     </span>
     <span class='ocr_line' id='line_1_55' title="bbox 125 2434 1114 2476; baseline 0 -11"><span class='ocrx_word' id='word_1_497' title='bbox 125 2434 185 2466; x_wconf 87' lang='lat' dir='ltr'>hac</span> <span class='ocrx_word' id='word_1_498' title='bbox 195 2439 300 2476; x_wconf 83' lang='lat' dir='ltr'>regula</span> <span class='ocrx_word' id='word_1_499' title='bbox 310 2438 469 2476; x_wconf 78' lang='lat' dir='ltr'>excipiunt</span> <span class='ocrx_word' id='word_1_500' title='bbox 479 2436 563 2467; x_wconf 89' lang='lat' dir='ltr'>casus</span> <span class='ocrx_word' id='word_1_501' title='bbox 574 2435 745 2476; x_wconf 66' lang='lat' dir='ltr'>spectantes</span> <span class='ocrx_word' id='word_1_502' title='bbox 756 2439 793 2467; x_wconf 89' lang='lat' dir='ltr'>ad</span> <span class='ocrx_word' id='word_1_503' title='bbox 804 2446 968 2467; x_wconf 81' lang='lat' dir='ltr'>materiam</span> <span class='ocrx_word' id='word_1_504' title='bbox 979 2434 1114 2466; x_wconf 63' lang='lat' dir='ltr'>fidess&#39;oe</span> 
     </span>
     <span class='ocr_line' id='line_1_56' title="bbox 125 2475 1114 2518; baseline -0.002 -9"><span class='ocrx_word' id='word_1_505' title='bbox 125 2477 334 2517; x_wconf 78' lang='lat' dir='ltr'>Baldidisput.</span> <span class='ocrx_word' id='word_1_506' title='bbox 350 2479 512 2509; x_wconf 67' lang='lat' dir='ltr'>11.Sele{l.</span> <span class='ocrx_word' id='word_1_507' title='bbox 523 2480 630 2510; x_wconf 77' lang='lat' dir='ltr'>moral.</span> <span class='ocrx_word' id='word_1_508' title='bbox 644 2482 669 2516; x_wconf 86' lang='lat'>§.</span> <span class='ocrx_word' id='word_1_509' title='bbox 680 2483 708 2509; x_wconf 71' lang='lat'>8.</span> <span class='ocrx_word' id='word_1_510' title='bbox 719 2483 751 2511; x_wconf 77' lang='grc' dir='ltr'>ὅ(</span> <span class='ocrx_word' id='word_1_511' title='bbox 764 2480 883 2510; x_wconf 85' lang='lat' dir='ltr'>Bannes</span> <span class='ocrx_word' id='word_1_512' title='bbox 905 2490 931 2509; x_wconf 82' lang='lat'>2.</span> <span class='ocrx_word' id='word_1_513' title='bbox 944 2493 970 2511; x_wconf 76' lang='lat'>2.</span> <span class='ocrx_word' id='word_1_514' title='bbox 982 2475 1074 2518; x_wconf 82' lang='lat' dir='ltr'>quaest.</span> <span class='ocrx_word' id='word_1_515' title='bbox 1089 2487 1114 2508; x_wconf 77' lang='lat' dir='ltr'>t.</span> 
     </span>
     <span class='ocr_line' id='line_1_57' title="bbox 125 2520 1115 2562; baseline -0.001 -10"><span class='ocrx_word' id='word_1_516' title='bbox 125 2530 186 2552; x_wconf 81' lang='lat' dir='ltr'>art.</span> <span class='ocrx_word' id='word_1_517' title='bbox 198 2530 243 2552; x_wconf 86' lang='lat'>10.</span> <span class='ocrx_word' id='word_1_518' title='bbox 253 2520 311 2552; x_wconf 84' lang='lat' dir='ltr'>Sed</span> <span class='ocrx_word' id='word_1_519' title='bbox 321 2521 515 2552; x_wconf 84' lang='lat' dir='ltr'>eontrarium</span> <span class='ocrx_word' id='word_1_520' title='bbox 525 2532 610 2553; x_wconf 88' lang='lat' dir='ltr'>tenet</span> <span class='ocrx_word' id='word_1_521' title='bbox 621 2524 748 2562; x_wconf 78' lang='lat' dir='ltr'>Spinula</span> <span class='ocrx_word' id='word_1_522' title='bbox 757 2523 899 2554; x_wconf 76' lang='lat' dir='ltr'>delibera</span> <span class='ocrx_word' id='word_1_523' title='bbox 907 2543 916 2556; x_wconf 85' lang='lat'>,</span> <span class='ocrx_word' id='word_1_524' title='bbox 939 2520 1115 2561; x_wconf 67' lang='lat' dir='ltr'>&amp;pruden-</span> 
     </span>
     <span class='ocr_line' id='line_1_58' title="bbox 125 2563 1113 2607; baseline -0.002 -11"><span class='ocrx_word' id='word_1_525' title='bbox 125 2566 152 2597; x_wconf 82' lang='lat' dir='ltr'>ti</span> <span class='ocrx_word' id='word_1_526' title='bbox 161 2564 302 2595; x_wconf 55' lang='lat' dir='ltr'>electione</span> <span class='ocrx_word' id='word_1_527' title='bbox 311 2563 387 2604; x_wconf 68' lang='lat' dir='ltr'>disp.</span> <span class='ocrx_word' id='word_1_528' title='bbox 403 2563 505 2604; x_wconf 49' lang='lat' dir='ltr'>3stst</span> <span class='ocrx_word' id='word_1_529' title='bbox 517 2575 542 2594; x_wconf 65' lang='grc' dir='ltr'>ι.</span> <span class='ocrx_word' id='word_1_530' title='bbox 554 2566 616 2596; x_wconf 81' lang='lat' dir='ltr'>Alii</span> <span class='ocrx_word' id='word_1_531' title='bbox 626 2567 725 2596; x_wconf 83' lang='lat' dir='ltr'>adhue</span> <span class='ocrx_word' id='word_1_532' title='bbox 747 2569 846 2607; x_wconf 82' lang='lat' dir='ltr'>magis</span> <span class='ocrx_word' id='word_1_533' title='bbox 859 2568 994 2596; x_wconf 87' lang='lat' dir='ltr'>limitant</span> <span class='ocrx_word' id='word_1_534' title='bbox 1007 2564 1113 2605; x_wconf 63' lang='lat' dir='ltr'>praedi&lt;</span> 
     </span>
     <span class='ocr_line' id='line_1_59' title="bbox 125 2606 1113 2649; baseline -0.001 -10"><span class='ocrx_word' id='word_1_535' title='bbox 125 2606 210 2639; x_wconf 70' lang='lat' dir='ltr'>&amp;am</span> <span class='ocrx_word' id='word_1_536' title='bbox 229 2608 367 2647; x_wconf 80' lang='lat' dir='ltr'>regulam</span> <span class='ocrx_word' id='word_1_537' title='bbox 377 2627 386 2640; x_wconf 94' lang='lat'>,</span> <span class='ocrx_word' id='word_1_538' title='bbox 409 2617 442 2637; x_wconf 90' lang='lat' dir='ltr'>ut</span> <span class='ocrx_word' id='word_1_539' title='bbox 461 2609 562 2638; x_wconf 90' lang='lat' dir='ltr'>locum</span> <span class='ocrx_word' id='word_1_540' title='bbox 572 2617 635 2639; x_wconf 88' lang='lat' dir='ltr'>non</span> <span class='ocrx_word' id='word_1_541' title='bbox 657 2609 767 2640; x_wconf 85' lang='lat' dir='ltr'>habeat</span> <span class='ocrx_word' id='word_1_542' title='bbox 786 2611 818 2640; x_wconf 90' lang='lat' dir='ltr'>in</span> <span class='ocrx_word' id='word_1_543' title='bbox 842 2611 971 2639; x_wconf 83' lang='lat' dir='ltr'>materia</span> <span class='ocrx_word' id='word_1_544' title='bbox 993 2608 1113 2649; x_wconf 81' lang='lat' dir='ltr'>justitiae</span> 
     </span>
     <span class='ocr_line' id='line_1_60' title="bbox 125 2650 1113 2691; baseline -0.002 -9"><span class='ocrx_word' id='word_1_545' title='bbox 125 2650 381 2684; x_wconf 78' lang='lat' dir='ltr'>commutativae,</span> <span class='ocrx_word' id='word_1_546' title='bbox 403 2652 435 2681; x_wconf 71' lang='grc' dir='ltr'>ὃς</span> <span class='ocrx_word' id='word_1_547' title='bbox 454 2652 486 2680; x_wconf 84' lang='lat' dir='ltr'>in</span> <span class='ocrx_word' id='word_1_548' title='bbox 495 2650 612 2681; x_wconf 83' lang='lat' dir='ltr'>casibus</span> <span class='ocrx_word' id='word_1_549' title='bbox 631 2652 682 2682; x_wconf 86' lang='lat' dir='ltr'>ubi</span> <span class='ocrx_word' id='word_1_550' title='bbox 693 2654 794 2691; x_wconf 84' lang='lat' dir='ltr'>agitur</span> <span class='ocrx_word' id='word_1_551' title='bbox 810 2654 848 2683; x_wconf 83' lang='lat' dir='ltr'>de</span> <span class='ocrx_word' id='word_1_552' title='bbox 861 2651 998 2682; x_wconf 73' lang='lat' dir='ltr'>interelfe</span> <span class='ocrx_word' id='word_1_553' title='bbox 1012 2653 1113 2690; x_wconf 81' lang='lat' dir='ltr'>proxi-</span> 
     </span>
     <span class='ocr_line' id='line_1_61' title="bbox 124 2693 1111 2734; baseline -0.003 -9"><span class='ocrx_word' id='word_1_554' title='bbox 124 2696 170 2725; x_wconf 84' lang='lat' dir='ltr'>mi</span> <span class='ocrx_word' id='word_1_555' title='bbox 179 2715 187 2722; x_wconf 90' lang='lat'><em>.</em></span> <span class='ocrx_word' id='word_1_556' title='bbox 211 2694 297 2724; x_wconf 86' lang='lat' dir='ltr'>idem</span> <span class='ocrx_word' id='word_1_557' title='bbox 308 2693 391 2725; x_wconf 87' lang='lat' dir='ltr'>Baldi</span> <span class='ocrx_word' id='word_1_558' title='bbox 402 2695 464 2724; x_wconf 83' lang='lat' dir='ltr'><em>loco</em></span> <span class='ocrx_word' id='word_1_559' title='bbox 474 2696 525 2724; x_wconf 79' lang='lat' dir='ltr'>cit.</span> <span class='ocrx_word' id='word_1_560' title='bbox 537 2693 681 2734; x_wconf 53' lang='lat' dir='ltr'>Vplentia</span> <span class='ocrx_word' id='word_1_561' title='bbox 690 2693 799 2734; x_wconf 74' lang='lat' dir='ltr'>disput.</span> <span class='ocrx_word' id='word_1_562' title='bbox 810 2703 926 2733; x_wconf 53' lang='lat' dir='ltr'>ypart.</span> <span class='ocrx_word' id='word_1_563' title='bbox 934 2705 963 2733; x_wconf 77' lang='lat'>4.</span> <span class='ocrx_word' id='word_1_564' title='bbox 978 2693 1070 2734; x_wconf 80' lang='lat' dir='ltr'>quaest.</span> <span class='ocrx_word' id='word_1_565' title='bbox 1083 2702 1111 2731; x_wconf 92' lang='lat'>7.</span> 
     </span>
     <span class='ocr_line' id='line_1_62' title="bbox 124 2735 1112 2777; baseline -0.001 -9"><span class='ocrx_word' id='word_1_566' title='bbox 124 2736 191 2769; x_wconf 87' lang='lat' dir='ltr'>Alii</span> <span class='ocrx_word' id='word_1_567' title='bbox 207 2735 342 2767; x_wconf 88' lang='lat' dir='ltr'>sentiunt</span> <span class='ocrx_word' id='word_1_568' title='bbox 353 2736 593 2777; x_wconf 85' lang='lat' dir='ltr'>probabiliorem</span> <span class='ocrx_word' id='word_1_569' title='bbox 607 2738 791 2776; x_wconf 88' lang='lat' dir='ltr'>opinionem</span> <span class='ocrx_word' id='word_1_570' title='bbox 801 2736 985 2777; x_wconf 81' lang='lat' dir='ltr'>sequendam</span> <span class='ocrx_word' id='word_1_571' title='bbox 1001 2737 1057 2768; x_wconf 76' lang='lat' dir='ltr'>esse</span> <span class='ocrx_word' id='word_1_572' title='bbox 1075 2738 1112 2768; x_wconf 87' lang='lat' dir='ltr'>de</span> 
     </span>
     <span class='ocr_line' id='line_1_63' title="bbox 123 2778 1113 2819; baseline -0.001 -8"><span class='ocrx_word' id='word_1_573' title='bbox 123 2779 258 2811; x_wconf 84' lang='lat' dir='ltr'>consilio</span> <span class='ocrx_word' id='word_1_574' title='bbox 266 2782 388 2811; x_wconf 81' lang='lat' dir='ltr'>tantum</span> <span class='ocrx_word' id='word_1_575' title='bbox 399 2800 408 2814; x_wconf 90' lang='lat'>,</span> <span class='ocrx_word' id='word_1_576' title='bbox 426 2780 567 2810; x_wconf 78' lang='lat' dir='ltr'>Sanchez</span> <span class='ocrx_word' id='word_1_577' title='bbox 578 2779 630 2810; x_wconf 88' lang='lat' dir='ltr'>ubi</span> <span class='ocrx_word' id='word_1_578' title='bbox 643 2778 726 2819; x_wconf 73' lang='lat' dir='ltr'>supra</span> <span class='ocrx_word' id='word_1_579' title='bbox 735 2801 743 2808; x_wconf 87' lang='lat'>.</span> <span class='ocrx_word' id='word_1_580' title='bbox 765 2779 827 2810; x_wconf 86' lang='lat' dir='ltr'>Alii</span> <span class='ocrx_word' id='word_1_581' title='bbox 842 2779 914 2810; x_wconf 78' lang='lat' dir='ltr'>vero</span> <span class='ocrx_word' id='word_1_582' title='bbox 923 2789 979 2811; x_wconf 89' lang='lat' dir='ltr'>nec</span> <span class='ocrx_word' id='word_1_583' title='bbox 989 2782 1026 2810; x_wconf 82' lang='lat' dir='ltr'>de</span> <span class='ocrx_word' id='word_1_584' title='bbox 1037 2790 1113 2810; x_wconf 82' lang='lat' dir='ltr'>eon-</span> 
     </span>
     <span class='ocr_line' id='line_1_64' title="bbox 124 2821 1110 2864; baseline -0.002 -10"><span class='ocrx_word' id='word_1_585' title='bbox 124 2822 195 2854; x_wconf 82' lang='lat' dir='ltr'>silio</span> <span class='ocrx_word' id='word_1_586' title='bbox 203 2843 214 2857; x_wconf 87' lang='lat'>‚</span> <span class='ocrx_word' id='word_1_587' title='bbox 235 2833 292 2854; x_wconf 91' lang='lat' dir='ltr'>nec</span> <span class='ocrx_word' id='word_1_588' title='bbox 300 2825 337 2854; x_wconf 85' lang='lat' dir='ltr'>de</span> <span class='ocrx_word' id='word_1_589' title='bbox 348 2833 499 2864; x_wconf 80' lang='lat' dir='ltr'>praecepto</span> <span class='ocrx_word' id='word_1_590' title='bbox 510 2843 519 2856; x_wconf 91' lang='lat'><strong>‚</strong></span> <span class='ocrx_word' id='word_1_591' title='bbox 537 2823 670 2863; x_wconf 85' lang='lat' dir='ltr'>Joannes</span> <span class='ocrx_word' id='word_1_592' title='bbox 678 2821 808 2853; x_wconf 80' lang='lat' dir='ltr'>Saucius</span> <span class='ocrx_word' id='word_1_593' title='bbox 818 2824 850 2852; x_wconf 84' lang='lat' dir='ltr'>in</span> <span class='ocrx_word' id='word_1_594' title='bbox 866 2822 993 2853; x_wconf 64' lang='lat' dir='ltr'>Sclefbis</span> <span class='ocrx_word' id='word_1_595' title='bbox 1001 2821 1110 2862; x_wconf 76' lang='lat' dir='ltr'>disput.</span> 
     </span>
     <span class='ocr_line' id='line_1_65' title="bbox 125 2863 1111 2906; baseline -0.002 -8"><span class='ocrx_word' id='word_1_596' title='bbox 125 2875 177 2905; x_wconf 78' lang='lat'>44·</span> <span class='ocrx_word' id='word_1_597' title='bbox 187 2864 352 2898; x_wconf 89' lang='lat' dir='ltr'>Caramuel</span> <span class='ocrx_word' id='word_1_598' title='bbox 372 2866 517 2904; x_wconf 87' lang='lat' dir='ltr'>Theolog.</span> <span class='ocrx_word' id='word_1_599' title='bbox 530 2866 634 2904; x_wconf 81' lang='lat' dir='ltr'>Regul.</span> <span class='ocrx_word' id='word_1_600' title='bbox 652 2864 761 2906; x_wconf 67' lang='lat' dir='ltr'>disput.</span> <span class='ocrx_word' id='word_1_601' title='bbox 773 2870 801 2896; x_wconf 87' lang='lat'>6.</span> <span class='ocrx_word' id='word_1_602' title='bbox 814 2865 876 2895; x_wconf 86' lang='lat' dir='ltr'>Alii</span> <span class='ocrx_word' id='word_1_603' title='bbox 898 2863 1052 2896; x_wconf 77' lang='lat' dir='ltr'>affirmant</span> <span class='ocrx_word' id='word_1_604' title='bbox 1075 2875 1111 2896; x_wconf 84' lang='lat' dir='ltr'>ex</span> 
     </span>
     <span class='ocr_line' id='line_1_66' title="bbox 124 2907 1112 2951; baseline -0.002 -12"><span class='ocrx_word' id='word_1_605' title='bbox 124 2918 278 2949; x_wconf 67' lang='lat' dir='ltr'>praecepto</span> <span class='ocrx_word' id='word_1_606' title='bbox 294 2909 479 2951; x_wconf 88' lang='lat' dir='ltr'>sequendam</span> <span class='ocrx_word' id='word_1_607' title='bbox 489 2909 544 2940; x_wconf 84' lang='lat' dir='ltr'>effe</span> <span class='ocrx_word' id='word_1_608' title='bbox 561 2909 747 2940; x_wconf 88' lang='lat' dir='ltr'>sententiam</span> <span class='ocrx_word' id='word_1_609' title='bbox 763 2910 928 2939; x_wconf 85' lang='lat' dir='ltr'>minimam</span> <span class='ocrx_word' id='word_1_610' title='bbox 947 2907 1112 2938; x_wconf 87' lang='lat' dir='ltr'>habentem</span> 
     </span>
     <span class='ocr_line' id='line_1_67' title="bbox 125 2951 1111 2992; baseline -0.002 -10"><span class='ocrx_word' id='word_1_611' title='bbox 125 2953 376 2992; x_wconf 83' lang='lat' dir='ltr'>probabilitatem</span> <span class='ocrx_word' id='word_1_612' title='bbox 396 2955 433 2984; x_wconf 88' lang='lat' dir='ltr'>ad</span> <span class='ocrx_word' id='word_1_613' title='bbox 457 2954 617 2984; x_wconf 88' lang='lat' dir='ltr'>vitandam</span> <span class='ocrx_word' id='word_1_614' title='bbox 639 2951 803 2983; x_wconf 79' lang='lat' dir='ltr'>infamiam</span> <span class='ocrx_word' id='word_1_615' title='bbox 812 2972 821 2985; x_wconf 95' lang='lat'>,</span> <span class='ocrx_word' id='word_1_616' title='bbox 844 2951 889 2981; x_wconf 89' lang='lat' dir='ltr'>vel</span> <span class='ocrx_word' id='word_1_617' title='bbox 912 2951 995 2981; x_wconf 91' lang='lat' dir='ltr'>aliud</span> <span class='ocrx_word' id='word_1_618' title='bbox 1018 2960 1111 2990; x_wconf 89' lang='lat' dir='ltr'>grave</span> 
     </span>
     <span class='ocr_line' id='line_1_68' title="bbox 125 2993 1109 3037; baseline -0.001 -13"><span class='ocrx_word' id='word_1_619' title='bbox 125 2996 276 3026; x_wconf 84' lang='lat' dir='ltr'>damnum</span> <span class='ocrx_word' id='word_1_620' title='bbox 285 3016 295 3030; x_wconf 92' lang='lat'>,</span> <span class='ocrx_word' id='word_1_621' title='bbox 316 2994 514 3037; x_wconf 84' lang='lat' dir='ltr'>Pasqualigus</span> <span class='ocrx_word' id='word_1_622' title='bbox 523 2994 586 3027; x_wconf 80' lang='lat' dir='ltr'>dec.</span> <span class='ocrx_word' id='word_1_623' title='bbox 599 3004 648 3035; x_wconf 87' lang='lat'>30.</span> <span class='ocrx_word' id='word_1_624' title='bbox 658 2996 721 3026; x_wconf 90' lang='lat' dir='ltr'>Alii</span> <span class='ocrx_word' id='word_1_625' title='bbox 731 2995 805 3025; x_wconf 82' lang='lat' dir='ltr'>vero</span> <span class='ocrx_word' id='word_1_626' title='bbox 815 3003 930 3035; x_wconf 87' lang='lat' dir='ltr'>negant</span> <span class='ocrx_word' id='word_1_627' title='bbox 939 3013 949 3027; x_wconf 94' lang='lat'>,</span> <span class='ocrx_word' id='word_1_628' title='bbox 966 2993 1109 3024; x_wconf 85' lang='lat' dir='ltr'>Villalob.</span> 
     </span>
     <span class='ocr_line' id='line_1_69' title="bbox 124 3036 1109 3078; baseline -0.005 -8"><span class='ocrx_word' id='word_1_629' title='bbox 124 3037 215 3069; x_wconf 68' lang='lat' dir='ltr'>traH·</span> <span class='ocrx_word' id='word_1_630' title='bbox 230 3041 380 3071; x_wconf 84' lang='lat' dir='ltr'>1·Summ.</span> <span class='ocrx_word' id='word_1_631' title='bbox 391 3038 501 3078; x_wconf 74' lang='lat' dir='ltr'>disput.</span> <span class='ocrx_word' id='word_1_632' title='bbox 519 3049 543 3069; x_wconf 81' lang='lat'>1.</span> <span class='ocrx_word' id='word_1_633' title='bbox 558 3047 621 3077; x_wconf 77' lang='lat' dir='ltr'>cap.</span> <span class='ocrx_word' id='word_1_634' title='bbox 632 3041 661 3069; x_wconf 88' lang='lat'>8.</span> <span class='ocrx_word' id='word_1_635' title='bbox 671 3040 706 3070; x_wconf 64' lang='grc' dir='ltr'>ὅ(</span> <span class='ocrx_word' id='word_1_636' title='bbox 727 3036 866 3069; x_wconf 82' lang='lat' dir='ltr'>Sancliez</span> <span class='ocrx_word' id='word_1_637' title='bbox 881 3037 917 3068; x_wconf 80' lang='lat' dir='ltr'>de</span> <span class='ocrx_word' id='word_1_638' title='bbox 935 3038 1109 3067; x_wconf 73' lang='lat' dir='ltr'>mammon.</span> 
     </span>
     <span class='ocr_line' id='line_1_70' title="bbox 124 3078 1110 3121; baseline -0.004 -8"><span class='ocrx_word' id='word_1_639' title='bbox 124 3079 180 3113; x_wconf 81' lang='lat' dir='ltr'>lib.</span> <span class='ocrx_word' id='word_1_640' title='bbox 191 3091 218 3111; x_wconf 86' lang='lat'>2.</span> <span class='ocrx_word' id='word_1_641' title='bbox 228 3078 336 3121; x_wconf 75' lang='lat' dir='ltr'>disput.</span> <span class='ocrx_word' id='word_1_642' title='bbox 348 3086 394 3121; x_wconf 86' lang='lat'>36.</span> <span class='ocrx_word' id='word_1_643' title='bbox 406 3082 604 3113; x_wconf 87' lang='lat' dir='ltr'>Aliicensent</span> <span class='ocrx_word' id='word_1_644' title='bbox 620 3081 675 3112; x_wconf 82' lang='lat' dir='ltr'>effe</span> <span class='ocrx_word' id='word_1_645' title='bbox 686 3082 807 3112; x_wconf 88' lang='lat' dir='ltr'>licitum</span> <span class='ocrx_word' id='word_1_646' title='bbox 825 3080 906 3120; x_wconf 81' lang='lat' dir='ltr'>sequi</span> <span class='ocrx_word' id='word_1_647' title='bbox 918 3079 1022 3110; x_wconf 80' lang='lat' dir='ltr'>minus</span> <span class='ocrx_word' id='word_1_648' title='bbox 1042 3089 1110 3119; x_wconf 76' lang='lat' dir='ltr'>pro-</span> 
     </span>
     <span class='ocr_line' id='line_1_71' title="bbox 126 3123 1109 3165; baseline -0.003 -10"><span class='ocrx_word' id='word_1_649' title='bbox 126 3124 260 3155; x_wconf 84' lang='lat' dir='ltr'>babilem</span> <span class='ocrx_word' id='word_1_650' title='bbox 269 3143 279 3158; x_wconf 87' lang='lat'>‚</span> <span class='ocrx_word' id='word_1_651' title='bbox 287 3126 413 3165; x_wconf 89' lang='lat' dir='ltr'>quando</span> <span class='ocrx_word' id='word_1_652' title='bbox 423 3135 487 3156; x_wconf 89' lang='lat' dir='ltr'>non</span> <span class='ocrx_word' id='word_1_653' title='bbox 498 3127 644 3156; x_wconf 89' lang='lat' dir='ltr'>imminet</span> <span class='ocrx_word' id='word_1_654' title='bbox 654 3125 779 3165; x_wconf 78' lang='lat' dir='ltr'>aliquod</span> <span class='ocrx_word' id='word_1_655' title='bbox 788 3123 970 3164; x_wconf 86' lang='lat' dir='ltr'>periculum,</span> <span class='ocrx_word' id='word_1_656' title='bbox 979 3125 1017 3153; x_wconf 89' lang='lat' dir='ltr'>ad</span> <span class='ocrx_word' id='word_1_657' title='bbox 1026 3123 1109 3162; x_wconf 85' lang='lat' dir='ltr'>quod</span> 
     </span>
     <span class='ocr_line' id='line_1_72' title="bbox 122 3166 1110 3207; baseline -0.004 -9"><span class='ocrx_word' id='word_1_658' title='bbox 122 3167 290 3198; x_wconf 84' lang='lat' dir='ltr'>vitandum</span> <span class='ocrx_word' id='word_1_659' title='bbox 300 3169 462 3207; x_wconf 85' lang='lat' dir='ltr'>prudentia</span> <span class='ocrx_word' id='word_1_660' title='bbox 471 3167 570 3199; x_wconf 60' lang='lat' dir='ltr'>dictat</span> <span class='ocrx_word' id='word_1_661' title='bbox 579 3170 770 3199; x_wconf 83' lang='lat' dir='ltr'>contrariam</span> <span class='ocrx_word' id='word_1_662' title='bbox 781 3166 966 3197; x_wconf 80' lang='lat' dir='ltr'>sententiam</span> <span class='ocrx_word' id='word_1_663' title='bbox 975 3166 1048 3205; x_wconf 88' lang='lat' dir='ltr'>eligi</span> <span class='ocrx_word' id='word_1_664' title='bbox 1058 3166 1110 3195; x_wconf 89' lang='lat' dir='ltr'>de-</span> 
     </span>
     <span class='ocr_line' id='line_1_73' title="bbox 123 3207 1109 3252; baseline -0.004 -10"><span class='ocrx_word' id='word_1_665' title='bbox 123 3212 195 3242; x_wconf 86' lang='lat' dir='ltr'>bere</span> <span class='ocrx_word' id='word_1_666' title='bbox 204 3230 214 3245; x_wconf 92' lang='lat'>,</span> <span class='ocrx_word' id='word_1_667' title='bbox 235 3209 393 3241; x_wconf 88' lang='lat' dir='ltr'>Bonacina</span> <span class='ocrx_word' id='word_1_668' title='bbox 401 3210 510 3252; x_wconf 75' lang='lat' dir='ltr'>disput.</span> <span class='ocrx_word' id='word_1_669' title='bbox 524 3222 550 3242; x_wconf 83' lang='lat'>2.</span> <span class='ocrx_word' id='word_1_670' title='bbox 560 3210 597 3241; x_wconf 80' lang='lat' dir='ltr'>de</span> <span class='ocrx_word' id='word_1_671' title='bbox 603 3219 681 3251; x_wconf 76' lang='lat' dir='ltr'>pecc.</span> <span class='ocrx_word' id='word_1_672' title='bbox 693 3208 817 3251; x_wconf 63' lang='lat' dir='ltr'>quaest-4.</span> <span class='ocrx_word' id='word_1_673' title='bbox 826 3208 921 3248; x_wconf 61' lang='lat' dir='ltr'>punst.</span> <span class='ocrx_word' id='word_1_674' title='bbox 930 3218 961 3243; x_wconf 89' lang='lat'>4.</span> <span class='ocrx_word' id='word_1_675' title='bbox 973 3207 1109 3238; x_wconf 85' lang='lat' dir='ltr'>Demum</span> 
     </span>
     <span class='ocr_line' id='line_1_74' title="bbox 123 3249 1108 3295; baseline -0.005 -10"><span class='ocrx_word' id='word_1_676' title='bbox 123 3253 178 3286; x_wconf 79' lang='lat' dir='ltr'>alii</span> <span class='ocrx_word' id='word_1_677' title='bbox 195 3252 370 3284; x_wconf 84' lang='lat' dir='ltr'>existimant</span> <span class='ocrx_word' id='word_1_678' title='bbox 381 3253 460 3285; x_wconf 74' lang='lat' dir='ltr'>banc</span> <span class='ocrx_word' id='word_1_679' title='bbox 477 3255 662 3295; x_wconf 85' lang='lat' dir='ltr'>regulamde</span> <span class='ocrx_word' id='word_1_680' title='bbox 677 3253 828 3294; x_wconf 80' lang='lat' dir='ltr'>sequenda</span> <span class='ocrx_word' id='word_1_681' title='bbox 846 3251 996 3291; x_wconf 85' lang='lat' dir='ltr'>opinione</span> <span class='ocrx_word' id='word_1_682' title='bbox 1005 3249 1108 3281; x_wconf 78' lang='lat' dir='ltr'>minus</span> 
     </span>
     <span class='ocr_line' id='line_1_75' title="bbox 123 3294 1109 3337; baseline -0.004 -9"><span class='ocrx_word' id='word_1_683' title='bbox 123 3297 273 3337; x_wconf 86' lang='lat' dir='ltr'>probabili</span> <span class='ocrx_word' id='word_1_684' title='bbox 283 3294 337 3326; x_wconf 77' lang='lat' dir='ltr'>esse</span> <span class='ocrx_word' id='word_1_685' title='bbox 349 3296 472 3327; x_wconf 79' lang='lat' dir='ltr'>tantum</span> <span class='ocrx_word' id='word_1_686' title='bbox 494 3298 681 3337; x_wconf 85' lang='lat' dir='ltr'>probabilem</span> <span class='ocrx_word' id='word_1_687' title='bbox 691 3317 700 3331; x_wconf 92' lang='lat'>,</span> <span class='ocrx_word' id='word_1_688' title='bbox 722 3296 861 3328; x_wconf 86' lang='lat' dir='ltr'>Sanchez</span> <span class='ocrx_word' id='word_1_689' title='bbox 877 3295 939 3325; x_wconf 79' lang='lat' dir='ltr'><em>loco</em></span> <span class='ocrx_word' id='word_1_690' title='bbox 947 3296 1033 3325; x_wconf 79' lang='lat' dir='ltr'>citat.</span> <span class='ocrx_word' id='word_1_691' title='bbox 1045 3294 1109 3325; x_wconf 86' lang='lat' dir='ltr'>Alii</span> 
     </span>
     <span class='ocr_line' id='line_1_76' title="bbox 122 3335 1108 3381; baseline -0.007 -8"><span class='ocrx_word' id='word_1_692' title='bbox 122 3339 198 3371; x_wconf 67' lang='lat' dir='ltr'>verb</span> <span class='ocrx_word' id='word_1_693' title='bbox 207 3339 264 3371; x_wconf 81' lang='lat' dir='ltr'>esse</span> <span class='ocrx_word' id='word_1_694' title='bbox 274 3337 471 3370; x_wconf 69' lang='lat' dir='ltr'>certissimam</span> <span class='ocrx_word' id='word_1_695' title='bbox 480 3359 490 3373; x_wconf 84' lang='lat'>,</span> <span class='ocrx_word' id='word_1_696' title='bbox 511 3338 707 3381; x_wconf 78' lang='lat' dir='ltr'>Pasqualigus</span> <span class='ocrx_word' id='word_1_697' title='bbox 727 3338 787 3371; x_wconf 82' lang='lat' dir='ltr'>dec.</span> <span class='ocrx_word' id='word_1_698' title='bbox 801 3347 846 3377; x_wconf 83' lang='lat'>55.</span> <span class='ocrx_word' id='word_1_699' title='bbox 855 3347 968 3369; x_wconf 86' lang='lat' dir='ltr'>numer.</span> <span class='ocrx_word' id='word_1_700' title='bbox 979 3347 1008 3376; x_wconf 87' lang='lat'>4.</span> <span class='ocrx_word' id='word_1_701' title='bbox 1019 3335 1108 3367; x_wconf 86' lang='lat' dir='ltr'>Plura</span> 
     </span>
     <span class='ocr_line' id='line_1_77' title="bbox 122 3379 1107 3423; baseline -0.004 -10"><span class='ocrx_word' id='word_1_702' title='bbox 122 3384 218 3414; x_wconf 84' lang='lat' dir='ltr'>etiam</span> <span class='ocrx_word' id='word_1_703' title='bbox 236 3383 297 3414; x_wconf 88' lang='lat' dir='ltr'>alia</span> <span class='ocrx_word' id='word_1_704' title='bbox 323 3380 500 3413; x_wconf 86' lang='lat' dir='ltr'>discrimina</span> <span class='ocrx_word' id='word_1_705' title='bbox 521 3384 554 3413; x_wconf 89' lang='lat'>&amp;</span> <span class='ocrx_word' id='word_1_706' title='bbox 584 3385 748 3414; x_wconf 84' lang='lat' dir='ltr'>varietates</span> <span class='ocrx_word' id='word_1_707' title='bbox 767 3383 914 3423; x_wconf 84' lang='lat' dir='ltr'>patebunt</span> <span class='ocrx_word' id='word_1_708' title='bbox 937 3379 1107 3420; x_wconf 80' lang='lat' dir='ltr'>legentibus</span> 
     </span>
     <span class='ocr_line' id='line_1_78' title="bbox 120 3422 1107 3466; baseline -0.005 -9"><span class='ocrx_word' id='word_1_709' title='bbox 120 3435 231 3457; x_wconf 85' lang='lat' dir='ltr'>corum</span> <span class='ocrx_word' id='word_1_710' title='bbox 241 3424 351 3466; x_wconf 86' lang='lat' dir='ltr'>scripta</span> <span class='ocrx_word' id='word_1_711' title='bbox 360 3446 368 3454; x_wconf 92' lang='lat'><strong>.</strong></span> <span class='ocrx_word' id='word_1_712' title='bbox 391 3423 502 3465; x_wconf 82' lang='lat' dir='ltr'>Qiare</span> <span class='ocrx_word' id='word_1_713' title='bbox 512 3423 585 3455; x_wconf 78' lang='lat' dir='ltr'>cum</span> <span class='ocrx_word' id='word_1_714' title='bbox 596 3427 778 3466; x_wconf 83' lang='lat' dir='ltr'>praeallegati</span> <span class='ocrx_word' id='word_1_715' title='bbox 798 3425 950 3456; x_wconf 65' lang='lat' dir='ltr'>Doctores</span> <span class='ocrx_word' id='word_1_716' title='bbox 961 3423 1019 3453; x_wconf 84' lang='lat' dir='ltr'>sint</span> <span class='ocrx_word' id='word_1_717' title='bbox 1029 3422 1107 3453; x_wconf 78' lang='lat' dir='ltr'>adeo</span> 
     </span>
     <span class='ocr_line' id='line_1_79' title="bbox 123 3465 1107 3509; baseline -0.002 -11"><span class='ocrx_word' id='word_1_718' title='bbox 123 3471 202 3501; x_wconf 77' lang='lat' dir='ltr'>varii</span> <span class='ocrx_word' id='word_1_719' title='bbox 212 3470 246 3499; x_wconf 86' lang='lat' dir='ltr'>in</span> <span class='ocrx_word' id='word_1_720' title='bbox 255 3468 438 3509; x_wconf 85' lang='lat' dir='ltr'>explicanda</span> <span class='ocrx_word' id='word_1_721' title='bbox 457 3466 608 3498; x_wconf 85' lang='lat' dir='ltr'>sententia</span> <span class='ocrx_word' id='word_1_722' title='bbox 617 3470 652 3498; x_wconf 88' lang='lat' dir='ltr'>de</span> <span class='ocrx_word' id='word_1_723' title='bbox 672 3469 822 3509; x_wconf 71' lang='lat' dir='ltr'>sequenda</span> <span class='ocrx_word' id='word_1_724' title='bbox 831 3469 979 3509; x_wconf 89' lang='lat' dir='ltr'>opinione</span> <span class='ocrx_word' id='word_1_725' title='bbox 1003 3465 1107 3497; x_wconf 76' lang='lat' dir='ltr'>minus</span> 
     </span>
    </p>

    <p class='ocr_par' dir='ltr' id='par_1_8' title="bbox 207 3507 709 3550">
     <span class='ocr_line' id='line_1_80' title="bbox 207 3507 709 3550; baseline -0.004 -7"><span class='ocrx_word' id='word_1_726' title='bbox 207 3514 343 3550; x_wconf 60' lang='lat' dir='ltr'>Fagnan.</span> <span class='ocrx_word' id='word_1_727' title='bbox 363 3513 395 3543; x_wconf 73' lang='lat' dir='ltr'>in</span> <span class='ocrx_word' id='word_1_728' title='bbox 416 3512 440 3542; x_wconf 90' lang='lat' dir='ltr'>l.</span> <span class='ocrx_word' id='word_1_729' title='bbox 464 3507 531 3542; x_wconf 67' lang='lat' dir='ltr'><em>Lib.</em></span> <span class='ocrx_word' id='word_1_730' title='bbox 554 3512 709 3541; x_wconf 63' lang='lat' dir='ltr'>Dcsretal.</span> 
     </span>
    </p>
   </div>
   <div class='ocr_carea' id='block_1_6' title="bbox 1153 147 2152 1526">
    <p class='ocr_par' dir='ltr' id='par_1_9' title="bbox 1162 147 2152 319">
     <span class='ocr_line' id='line_1_81' title="bbox 1163 147 2151 190; baseline 0.003 -12"><span class='ocrx_word' id='word_1_731' title='bbox 1163 157 1313 189; x_wconf 66' lang='lat' dir='ltr'>promum</span> <span class='ocrx_word' id='word_1_732' title='bbox 1327 160 1452 190; x_wconf 62' lang='lat' dir='ltr'>²uisque</span> <span class='ocrx_word' id='word_1_733' title='bbox 1463 161 1527 180; x_wconf 76' lang='lat' dir='ltr'>tion</span> <span class='ocrx_word' id='word_1_734' title='bbox 1540 158 1610 180; x_wconf 81' lang='lat' dir='ltr'>sunt</span> <span class='ocrx_word' id='word_1_735' title='bbox 1620 157 1715 181; x_wconf 85' lang='lat' dir='ltr'>tantae</span> <span class='ocrx_word' id='word_1_736' title='bbox 1723 147 1925 181; x_wconf 84' lang='lat' dir='ltr'>authoritatis</span> <span class='ocrx_word' id='word_1_737' title='bbox 1933 169 1943 184; x_wconf 88' lang='lat'>,</span> <span class='ocrx_word' id='word_1_738' title='bbox 1953 154 2019 181; x_wconf 86' lang='lat' dir='ltr'>acsi</span> <span class='ocrx_word' id='word_1_739' title='bbox 2031 149 2151 181; x_wconf 80' lang='lat' dir='ltr'>unifor-</span> 
     </span>
     <span class='ocr_line' id='line_1_82' title="bbox 1164 192 2152 233; baseline 0.002 -11"><span class='ocrx_word' id='word_1_740' title='bbox 1164 193 1257 222; x_wconf 89' lang='lat' dir='ltr'>miter</span> <span class='ocrx_word' id='word_1_741' title='bbox 1268 193 1516 233; x_wconf 82' lang='lat' dir='ltr'>loquerentur3ac</span> <span class='ocrx_word' id='word_1_742' title='bbox 1527 194 1656 233; x_wconf 86' lang='lat' dir='ltr'>proinde</span> <span class='ocrx_word' id='word_1_743' title='bbox 1665 202 1721 233; x_wconf 90' lang='lat' dir='ltr'>pro</span> <span class='ocrx_word' id='word_1_744' title='bbox 1731 202 1793 224; x_wconf 83' lang='lat' dir='ltr'>una</span> <span class='ocrx_word' id='word_1_745' title='bbox 1804 192 1957 224; x_wconf 80' lang='lat' dir='ltr'>sententia</span> <span class='ocrx_word' id='word_1_746' title='bbox 1967 195 2103 224; x_wconf 87' lang='lat' dir='ltr'>univoca</span> <span class='ocrx_word' id='word_1_747' title='bbox 2113 192 2152 224; x_wconf 86' lang='lat' dir='ltr'>si-</span> 
     </span>
     <span class='ocr_line' id='line_1_83' title="bbox 1164 235 2146 278; baseline 0.003 -13"><span class='ocrx_word' id='word_1_748' title='bbox 1164 235 1228 265; x_wconf 87' lang='lat' dir='ltr'>mul</span> <span class='ocrx_word' id='word_1_749' title='bbox 1238 244 1349 266; x_wconf 86' lang='lat' dir='ltr'>omnes</span> <span class='ocrx_word' id='word_1_750' title='bbox 1360 235 1446 275; x_wconf 76' lang='lat' dir='ltr'>supra</span> <span class='ocrx_word' id='word_1_751' title='bbox 1457 238 1631 268; x_wconf 82' lang='lat' dir='ltr'>enumerati</span> <span class='ocrx_word' id='word_1_752' title='bbox 1640 238 1732 268; x_wconf 90' lang='lat' dir='ltr'>citari</span> <span class='ocrx_word' id='word_1_753' title='bbox 1743 245 1809 267; x_wconf 88' lang='lat' dir='ltr'>non</span> <span class='ocrx_word' id='word_1_754' title='bbox 1822 236 1992 278; x_wconf 64' lang='lat' dir='ltr'>poffunuut</span> <span class='ocrx_word' id='word_1_755' title='bbox 2002 235 2146 268; x_wconf 73' lang='lat' dir='ltr'>accurate</span> 
     </span>
     <span class='ocr_line' id='line_1_84' title="bbox 1162 276 2125 319; baseline 0 -10"><span class='ocrx_word' id='word_1_756' title='bbox 1162 276 1304 309; x_wconf 91' lang='lat' dir='ltr'>obfervat</span> <span class='ocrx_word' id='word_1_757' title='bbox 1313 278 1477 310; x_wconf 79' lang='lat' dir='ltr'>noviffime</span> <span class='ocrx_word' id='word_1_758' title='bbox 1483 278 1539 319; x_wconf 86' lang='lat' dir='ltr'>Jul.</span> <span class='ocrx_word' id='word_1_759' title='bbox 1549 278 1631 311; x_wconf 85' lang='lat' dir='ltr'>Mer.</span> <span class='ocrx_word' id='word_1_760' title='bbox 1642 277 1680 310; x_wconf 86' lang='lat' dir='ltr'>de</span> <span class='ocrx_word' id='word_1_761' title='bbox 1685 276 1834 319; x_wconf 76' lang='lat' dir='ltr'>probabit.</span> <span class='ocrx_word' id='word_1_762' title='bbox 1843 280 1923 318; x_wconf 76' lang='lat' dir='ltr'>opin.</span> <span class='ocrx_word' id='word_1_763' title='bbox 1935 287 1994 318; x_wconf 79' lang='lat' dir='ltr'>p-z.</span> <span class='ocrx_word' id='word_1_764' title='bbox 2004 288 2065 310; x_wconf 86' lang='lat' dir='ltr'>art.</span> <span class='ocrx_word' id='word_1_765' title='bbox 2077 288 2125 317; x_wconf 83' lang='lat'>27.</span> 
     </span>
    </p>

    <p class='ocr_par' dir='ltr' id='par_1_10' title="bbox 1162 320 2147 491">
     <span class='ocr_line' id='line_1_85' title="bbox 1207 320 2147 363; baseline 0.003 -12"><span class='ocrx_word' id='word_1_766' title='bbox 1207 321 1245 362; x_wconf 84' lang='lat' dir='ltr'>In</span> <span class='ocrx_word' id='word_1_767' title='bbox 1254 321 1419 355; x_wconf 83' lang='lat' dir='ltr'>Advocato</span> <span class='ocrx_word' id='word_1_768' title='bbox 1428 320 1553 353; x_wconf 75' lang='lat' dir='ltr'>tantum</span> <span class='ocrx_word' id='word_1_769' title='bbox 1564 321 1659 357; x_wconf 80' lang='lat' dir='ltr'>subest</span> <span class='ocrx_word' id='word_1_770' title='bbox 1669 323 1772 363; x_wconf 83' lang='lat' dir='ltr'>aliqua</span> <span class='ocrx_word' id='word_1_771' title='bbox 1780 321 1944 354; x_wconf 82' lang='lat' dir='ltr'>difficultas</span> <span class='ocrx_word' id='word_1_772' title='bbox 1954 343 1961 351; x_wconf 92' lang='lat'>.</span> <span class='ocrx_word' id='word_1_773' title='bbox 1985 322 2021 354; x_wconf 89' lang='lat' dir='ltr'>In</span> <span class='ocrx_word' id='word_1_774' title='bbox 2029 332 2093 362; x_wconf 90' lang='lat' dir='ltr'>quo</span> <span class='ocrx_word' id='word_1_775' title='bbox 2101 332 2147 354; x_wconf 86' lang='lat' dir='ltr'>ta-</span> 
     </span>
     <span class='ocr_line' id='line_1_86' title="bbox 1164 364 2147 406; baseline 0.002 -11"><span class='ocrx_word' id='word_1_776' title='bbox 1164 373 1238 394; x_wconf 90' lang='lat' dir='ltr'>men</span> <span class='ocrx_word' id='word_1_777' title='bbox 1248 364 1371 398; x_wconf 83' lang='lat' dir='ltr'>videtur</span> <span class='ocrx_word' id='word_1_778' title='bbox 1381 365 1644 405; x_wconf 86' lang='lat' dir='ltr'>distinguendum,</span> <span class='ocrx_word' id='word_1_779' title='bbox 1654 375 1693 396; x_wconf 91' lang='lat' dir='ltr'>an</span> <span class='ocrx_word' id='word_1_780' title='bbox 1703 375 1739 396; x_wconf 84' lang='lat' dir='ltr'>ex</span> <span class='ocrx_word' id='word_1_781' title='bbox 1750 366 1866 397; x_wconf 88' lang='lat' dir='ltr'>duabus</span> <span class='ocrx_word' id='word_1_782' title='bbox 1877 365 2082 406; x_wconf 87' lang='lat' dir='ltr'>opinionibus</span> <span class='ocrx_word' id='word_1_783' title='bbox 2091 377 2147 406; x_wconf 93' lang='lat' dir='ltr'>op-</span> 
     </span>
     <span class='ocr_line' id='line_1_87' title="bbox 1163 406 2146 449; baseline 0.003 -12"><span class='ocrx_word' id='word_1_784' title='bbox 1163 407 1269 447; x_wconf 83' lang='lat' dir='ltr'>positis</span> <span class='ocrx_word' id='word_1_785' title='bbox 1280 416 1408 449; x_wconf 83' lang='lat' dir='ltr'>utraque</span> <span class='ocrx_word' id='word_1_786' title='bbox 1420 407 1456 439; x_wconf 83' lang='lat' dir='ltr'>sit</span> <span class='ocrx_word' id='word_1_787' title='bbox 1466 406 1555 448; x_wconf 67' lang='lat' dir='ltr'>aeque</span> <span class='ocrx_word' id='word_1_788' title='bbox 1566 408 1732 447; x_wconf 86' lang='lat' dir='ltr'>probabilis</span> <span class='ocrx_word' id='word_1_789' title='bbox 1741 429 1751 444; x_wconf 96' lang='lat'>,</span> <span class='ocrx_word' id='word_1_790' title='bbox 1773 418 1814 440; x_wconf 85' lang='lat' dir='ltr'>an</span> <span class='ocrx_word' id='word_1_791' title='bbox 1826 407 1900 440; x_wconf 80' lang='lat' dir='ltr'>vero</span> <span class='ocrx_word' id='word_1_792' title='bbox 1917 411 2024 440; x_wconf 76' lang='lat' dir='ltr'>una·sit</span> <span class='ocrx_word' id='word_1_793' title='bbox 2034 410 2146 449; x_wconf 84' lang='lat' dir='ltr'>proba-</span> 
     </span>
     <span class='ocr_line' id='line_1_88' title="bbox 1162 450 1674 491; baseline -0.002 -10"><span class='ocrx_word' id='word_1_794' title='bbox 1162 450 1252 484; x_wconf 84' lang='lat' dir='ltr'>bilis,</span> <span class='ocrx_word' id='word_1_795' title='bbox 1273 450 1410 482; x_wconf 88' lang='lat' dir='ltr'>&amp;altera</span> <span class='ocrx_word' id='word_1_796' title='bbox 1421 451 1607 491; x_wconf 85' lang='lat' dir='ltr'>probabilior</span> <span class='ocrx_word' id='word_1_797' title='bbox 1617 473 1625 480; x_wconf 92' lang='lat'>.</span> <span class='ocrx_word' id='word_1_798' title='bbox 1671 468 1674 473; x_wconf 47' lang='grc' dir='ltr'><strong><em>ι</em></strong></span> 
     </span>
    </p>

    <p class='ocr_par' dir='ltr' id='par_1_11' title="bbox 1153 492 2149 1526">
     <span class='ocr_line' id='line_1_89' title="bbox 1204 492 2149 536; baseline 0.004 -13"><span class='ocrx_word' id='word_1_799' title='bbox 1204 492 1310 524; x_wconf 86' lang='lat' dir='ltr'>Primo</span> <span class='ocrx_word' id='word_1_800' title='bbox 1326 492 1395 525; x_wconf 84' lang='lat' dir='ltr'>casu</span> <span class='ocrx_word' id='word_1_801' title='bbox 1413 494 1563 534; x_wconf 86' lang='lat' dir='ltr'>siquidem</span> <span class='ocrx_word' id='word_1_802' title='bbox 1579 494 1758 526; x_wconf 82' lang='lat' dir='ltr'>Advocatus</span> <span class='ocrx_word' id='word_1_803' title='bbox 1770 504 1922 536; x_wconf 87' lang='lat' dir='ltr'>proponat</span> <span class='ocrx_word' id='word_1_804' title='bbox 1939 495 2089 527; x_wconf 84' lang='lat' dir='ltr'>clientulo</span> <span class='ocrx_word' id='word_1_805' title='bbox 2097 495 2149 528; x_wconf 94' lang='lat' dir='ltr'>suo</span> 
     </span>
     <span class='ocr_line' id='line_1_90' title="bbox 1161 536 2143 580; baseline 0.004 -14"><span class='ocrx_word' id='word_1_806' title='bbox 1161 545 1258 567; x_wconf 88' lang='lat' dir='ltr'>unam</span> <span class='ocrx_word' id='word_1_807' title='bbox 1266 545 1302 566; x_wconf 88' lang='lat' dir='ltr'>ex</span> <span class='ocrx_word' id='word_1_808' title='bbox 1313 536 1465 576; x_wconf 65' lang='lat' dir='ltr'>praedictis</span> <span class='ocrx_word' id='word_1_809' title='bbox 1476 537 1678 576; x_wconf 88' lang='lat' dir='ltr'>opinionibus</span> <span class='ocrx_word' id='word_1_810' title='bbox 1691 538 1786 568; x_wconf 88' lang='lat' dir='ltr'>veluti</span> <span class='ocrx_word' id='word_1_811' title='bbox 1796 548 1912 569; x_wconf 86' lang='lat' dir='ltr'>certam</span> <span class='ocrx_word' id='word_1_812' title='bbox 1920 559 1929 573; x_wconf 89' lang='lat'>,</span> <span class='ocrx_word' id='word_1_813' title='bbox 1950 538 2143 580; x_wconf 86' lang='lat' dir='ltr'>affirmetque</span> 
     </span>
     <span class='ocr_line' id='line_1_91' title="bbox 1160 578 2147 623; baseline 0.005 -14"><span class='ocrx_word' id='word_1_814' title='bbox 1160 578 1247 610; x_wconf 85' lang='lat' dir='ltr'>illam</span> <span class='ocrx_word' id='word_1_815' title='bbox 1258 578 1393 610; x_wconf 75' lang='lat' dir='ltr'>absolute</span> <span class='ocrx_word' id='word_1_816' title='bbox 1401 578 1507 611; x_wconf 89' lang='lat' dir='ltr'>fovere</span> <span class='ocrx_word' id='word_1_817' title='bbox 1518 580 1634 610; x_wconf 87' lang='lat' dir='ltr'>bonum</span> <span class='ocrx_word' id='word_1_818' title='bbox 1648 579 1693 620; x_wconf 90' lang='lat' dir='ltr'>jus</span> <span class='ocrx_word' id='word_1_819' title='bbox 1704 600 1714 614; x_wconf 79' lang='lat'>‚</span> <span class='ocrx_word' id='word_1_820' title='bbox 1733 580 1840 620; x_wconf 90' lang='lat' dir='ltr'>utique</span> <span class='ocrx_word' id='word_1_821' title='bbox 1850 591 1957 621; x_wconf 88' lang='lat' dir='ltr'>peccat</span> <span class='ocrx_word' id='word_1_822' title='bbox 1967 602 1977 616; x_wconf 84' lang='lat'>‚</span> <span class='ocrx_word' id='word_1_823' title='bbox 1995 591 2063 613; x_wconf 90' lang='lat' dir='ltr'>tum</span> <span class='ocrx_word' id='word_1_824' title='bbox 2073 584 2147 623; x_wconf 79' lang='lat' dir='ltr'>quia</span> 
     </span>
     <span class='ocr_line' id='line_1_92' title="bbox 1160 621 2147 664; baseline 0.005 -12"><span class='ocrx_word' id='word_1_825' title='bbox 1160 621 1234 653; x_wconf 76' lang='lat' dir='ltr'>cum</span> <span class='ocrx_word' id='word_1_826' title='bbox 1242 623 1392 653; x_wconf 80' lang='lat' dir='ltr'>articulus</span> <span class='ocrx_word' id='word_1_827' title='bbox 1411 631 1534 664; x_wconf 87' lang='lat' dir='ltr'>propter</span> <span class='ocrx_word' id='word_1_828' title='bbox 1551 621 1734 654; x_wconf 67' lang='lat' dir='ltr'>conflictum</span> <span class='ocrx_word' id='word_1_829' title='bbox 1751 633 2026 663; x_wconf 80' lang='lat' dir='ltr'>argumentorum,</span> <span class='ocrx_word' id='word_1_830' title='bbox 2048 627 2081 657; x_wconf 65' lang='grc' dir='ltr'>ὃς</span> <span class='ocrx_word' id='word_1_831' title='bbox 2099 636 2147 657; x_wconf 90' lang='lat' dir='ltr'>ra-</span> 
     </span>
     <span class='ocr_line' id='line_1_93' title="bbox 1160 665 2145 706; baseline 0.004 -10"><span class='ocrx_word' id='word_1_832' title='bbox 1160 667 1284 697; x_wconf 88' lang='lat' dir='ltr'>tionum</span> <span class='ocrx_word' id='word_1_833' title='bbox 1295 668 1441 706; x_wconf 89' lang='lat' dir='ltr'>utrinque</span> <span class='ocrx_word' id='word_1_834' title='bbox 1452 665 1704 706; x_wconf 77' lang='lat' dir='ltr'>probabilium-sir</span> <span class='ocrx_word' id='word_1_835' title='bbox 1712 667 1822 697; x_wconf 89' lang='lat' dir='ltr'>dubius</span> <span class='ocrx_word' id='word_1_836' title='bbox 1832 686 1841 699; x_wconf 84' lang='lat'>,</span> <span class='ocrx_word' id='word_1_837' title='bbox 1864 677 1897 697; x_wconf 91' lang='lat' dir='ltr'>ut</span> <span class='ocrx_word' id='word_1_838' title='bbox 1909 667 1966 699; x_wconf 80' lang='lat' dir='ltr'>late</span> <span class='ocrx_word' id='word_1_839' title='bbox 1985 669 2145 700; x_wconf 88' lang='lat' dir='ltr'>firmatum</span> 
     </span>
     <span class='ocr_line' id='line_1_94' title="bbox 1159 708 2145 750; baseline 0.004 -11"><span class='ocrx_word' id='word_1_840' title='bbox 1159 708 1200 739; x_wconf 85' lang='lat' dir='ltr'>est</span> <span class='ocrx_word' id='word_1_841' title='bbox 1210 708 1294 749; x_wconf 73' lang='lat' dir='ltr'>supra</span> <span class='ocrx_word' id='word_1_842' title='bbox 1303 709 1337 739; x_wconf 93' lang='lat' dir='ltr'>in</span> <span class='ocrx_word' id='word_1_843' title='bbox 1349 720 1378 740; x_wconf 82' lang='lat' dir='ltr'>z.</span> <span class='ocrx_word' id='word_1_844' title='bbox 1388 709 1555 750; x_wconf 62' lang='lat' dir='ltr'>quaest-pro</span> <span class='ocrx_word' id='word_1_845' title='bbox 1565 719 1649 749; x_wconf 81' lang='lat' dir='ltr'>parte</span> <span class='ocrx_word' id='word_1_846' title='bbox 1660 709 1806 750; x_wconf 85' lang='lat' dir='ltr'>negativa</span> <span class='ocrx_word' id='word_1_847' title='bbox 1815 711 1848 739; x_wconf 91' lang='lat' dir='ltr'>in</span> <span class='ocrx_word' id='word_1_848' title='bbox 1860 720 1886 743; x_wconf 78' lang='lat'>2·</span> <span class='ocrx_word' id='word_1_849' title='bbox 1908 710 2042 741; x_wconf 89' lang='lat' dir='ltr'>conclus.</span> <span class='ocrx_word' id='word_1_850' title='bbox 2060 711 2076 742; x_wconf 73' lang='lat' dir='ltr'>a</span> <span class='ocrx_word' id='word_1_851' title='bbox 2086 722 2145 743; x_wconf 89' lang='lat' dir='ltr'>nu-</span> 
     </span>
     <span class='ocr_line' id='line_1_95' title="bbox 1160 751 2143 795; baseline 0.004 -13"><span class='ocrx_word' id='word_1_852' title='bbox 1160 761 1234 782; x_wconf 89' lang='lat' dir='ltr'>mer.</span> <span class='ocrx_word' id='word_1_853' title='bbox 1248 760 1314 790; x_wconf 84' lang='lat'>125.</span> <span class='ocrx_word' id='word_1_854' title='bbox 1325 751 1417 793; x_wconf 82' lang='lat' dir='ltr'>usque</span> <span class='ocrx_word' id='word_1_855' title='bbox 1427 754 1467 784; x_wconf 86' lang='lat' dir='ltr'>ad</span> <span class='ocrx_word' id='word_1_856' title='bbox 1477 761 1598 783; x_wconf 87' lang='lat' dir='ltr'>numer.</span> <span class='ocrx_word' id='word_1_857' title='bbox 1612 761 1678 790; x_wconf 16' lang='lat'>1:71¹.</span> <span class='ocrx_word' id='word_1_858' title='bbox 1700 753 1880 783; x_wconf 83' lang='lat' dir='ltr'>Advocatus</span> <span class='ocrx_word' id='word_1_859' title='bbox 1892 772 1902 786; x_wconf 85' lang='lat'>,</span> <span class='ocrx_word' id='word_1_860' title='bbox 1922 753 1976 793; x_wconf 87' lang='lat' dir='ltr'>qui</span> <span class='ocrx_word' id='word_1_861' title='bbox 1997 754 2143 795; x_wconf 88' lang='lat' dir='ltr'>proponit</span> 
     </span>
     <span class='ocr_line' id='line_1_96' title="bbox 1161 795 2142 836; baseline 0.004 -12"><span class='ocrx_word' id='word_1_862' title='bbox 1161 804 1226 824; x_wconf 87' lang='lat' dir='ltr'>rem</span> <span class='ocrx_word' id='word_1_863' title='bbox 1243 796 1369 826; x_wconf 85' lang='lat' dir='ltr'>dubiam</span> <span class='ocrx_word' id='word_1_864' title='bbox 1381 816 1391 829; x_wconf 94' lang='lat'>,</span> <span class='ocrx_word' id='word_1_865' title='bbox 1412 798 1444 828; x_wconf 90' lang='lat'><strong>&amp;</strong></span> <span class='ocrx_word' id='word_1_866' title='bbox 1463 795 1663 836; x_wconf 87' lang='lat' dir='ltr'>periculosam</span> <span class='ocrx_word' id='word_1_867' title='bbox 1674 816 1684 829; x_wconf 95' lang='lat'>‚</span> <span class='ocrx_word' id='word_1_868' title='bbox 1705 805 1856 836; x_wconf 85' lang='lat' dir='ltr'>tanquam</span> <span class='ocrx_word' id='word_1_869' title='bbox 1877 805 1995 827; x_wconf 81' lang='lat' dir='ltr'>certam</span> <span class='ocrx_word' id='word_1_870' title='bbox 2004 817 2013 830; x_wconf 93' lang='lat'>,</span> <span class='ocrx_word' id='word_1_871' title='bbox 2035 808 2071 828; x_wconf 88' lang='lat' dir='ltr'>ac</span> <span class='ocrx_word' id='word_1_872' title='bbox 2092 807 2142 828; x_wconf 89' lang='lat' dir='ltr'>tu-</span> 
     </span>
     <span class='ocr_line' id='line_1_97' title="bbox 1160 838 2145 878; baseline 0.004 -11"><span class='ocrx_word' id='word_1_873' title='bbox 1160 846 1225 868; x_wconf 88' lang='lat' dir='ltr'>tam</span> <span class='ocrx_word' id='word_1_874' title='bbox 1235 858 1244 872; x_wconf 82' lang='lat'><em>‚</em></span> <span class='ocrx_word' id='word_1_875' title='bbox 1265 840 1434 872; x_wconf 86' lang='lat' dir='ltr'>mentitur.</span> <span class='ocrx_word' id='word_1_876' title='bbox 1457 839 1622 878; x_wconf 88' lang='lat' dir='ltr'>Atquinec</span> <span class='ocrx_word' id='word_1_877' title='bbox 1630 838 1800 870; x_wconf 83' lang='lat' dir='ltr'>artificioso</span> <span class='ocrx_word' id='word_1_878' title='bbox 1811 839 1977 871; x_wconf 83' lang='lat' dir='ltr'>mendacio</span> <span class='ocrx_word' id='word_1_879' title='bbox 1987 859 1997 873; x_wconf 93' lang='lat'>,</span> <span class='ocrx_word' id='word_1_880' title='bbox 2007 849 2063 872; x_wconf 89' lang='lat' dir='ltr'>nec</span> <span class='ocrx_word' id='word_1_881' title='bbox 2074 839 2145 871; x_wconf 89' lang='lat' dir='ltr'>sim-</span> 
     </span>
     <span class='ocr_line' id='line_1_98' title="bbox 1161 881 2143 923; baseline 0.004 -13"><span class='ocrx_word' id='word_1_882' title='bbox 1161 881 1338 920; x_wconf 89' lang='lat' dir='ltr'>pliciverbo</span> <span class='ocrx_word' id='word_1_883' title='bbox 1352 891 1475 922; x_wconf 89' lang='lat' dir='ltr'>oportet</span> <span class='ocrx_word' id='word_1_884' title='bbox 1490 884 1630 922; x_wconf 86' lang='lat' dir='ltr'>decipere</span> <span class='ocrx_word' id='word_1_885' title='bbox 1645 887 1854 923; x_wconf 84' lang='lat' dir='ltr'>quemquam,</span> <span class='ocrx_word' id='word_1_886' title='bbox 1878 884 1952 922; x_wconf 87' lang='lat' dir='ltr'>quia</span> <span class='ocrx_word' id='word_1_887' title='bbox 1968 884 2143 922; x_wconf 79' lang='lat' dir='ltr'>quomodo-</span> 
     </span>
     <span class='ocr_line' id='line_1_99' title="bbox 1161 924 2143 968; baseline 0.003 -15"><span class='ocrx_word' id='word_1_888' title='bbox 1161 924 1233 954; x_wconf 85' lang='lat' dir='ltr'>libet</span> <span class='ocrx_word' id='word_1_889' title='bbox 1243 926 1393 957; x_wconf 83' lang='lat' dir='ltr'>mentitur</span> <span class='ocrx_word' id='word_1_890' title='bbox 1400 928 1470 966; x_wconf 86' lang='lat' dir='ltr'>quis</span> <span class='ocrx_word' id='word_1_891' title='bbox 1480 946 1489 960; x_wconf 90' lang='lat'>,</span> <span class='ocrx_word' id='word_1_892' title='bbox 1511 926 1629 957; x_wconf 91' lang='lat' dir='ltr'>occidit</span> <span class='ocrx_word' id='word_1_893' title='bbox 1637 927 1777 956; x_wconf 87' lang='lat' dir='ltr'>animam</span> <span class='ocrx_word' id='word_1_894' title='bbox 1786 945 1796 959; x_wconf 93' lang='lat'>,</span> <span class='ocrx_word' id='word_1_895' title='bbox 1820 934 1853 968; x_wconf 64' lang='lat' dir='ltr'>ut</span> <span class='ocrx_word' id='word_1_896' title='bbox 1865 925 1977 965; x_wconf 89' lang='lat' dir='ltr'>legitur</span> <span class='ocrx_word' id='word_1_897' title='bbox 1987 927 2020 955; x_wconf 90' lang='lat' dir='ltr'>in</span> <span class='ocrx_word' id='word_1_898' title='bbox 2036 936 2060 956; x_wconf 88' lang='lat' dir='ltr'>c.</span> <span class='ocrx_word' id='word_1_899' title='bbox 2072 926 2143 958; x_wconf 83' lang='lat' dir='ltr'>Nec</span> 
     </span>
     <span class='ocr_line' id='line_1_100' title="bbox 1159 965 2139 1011; baseline 0.002 -14"><span class='ocrx_word' id='word_1_900' title='bbox 1159 965 1325 1009; x_wconf 79' lang='lat' dir='ltr'>artificioso</span> <span class='ocrx_word' id='word_1_901' title='bbox 1337 988 1347 1003; x_wconf 91' lang='lat'>,</span> <span class='ocrx_word' id='word_1_902' title='bbox 1370 980 1418 999; x_wconf 84' lang='lat'>22.</span> <span class='ocrx_word' id='word_1_903' title='bbox 1428 967 1580 1010; x_wconf 64' lang='lat' dir='ltr'>quastione</span> <span class='ocrx_word' id='word_1_904' title='bbox 1589 979 1615 999; x_wconf 69' lang='grc' dir='ltr'>ε.</span> <span class='ocrx_word' id='word_1_905' title='bbox 1635 970 1683 999; x_wconf 87' lang='lat' dir='ltr'>Ad</span> <span class='ocrx_word' id='word_1_906' title='bbox 1695 970 1778 999; x_wconf 87' lang='lat' dir='ltr'>idem</span> <span class='ocrx_word' id='word_1_907' title='bbox 1790 978 1863 999; x_wconf 73' lang='lat' dir='ltr'>teitt.</span> <span class='ocrx_word' id='word_1_908' title='bbox 1873 970 1979 1007; x_wconf 74' lang='lat' dir='ltr'>incap.</span> <span class='ocrx_word' id='word_1_909' title='bbox 1990 968 2044 1011; x_wconf 72' lang='lat' dir='ltr'>Ne</span> <span class='ocrx_word' id='word_1_910' title='bbox 2055 971 2120 1006; x_wconf 81' lang='lat' dir='ltr'>quis</span> <span class='ocrx_word' id='word_1_911' title='bbox 2129 988 2139 1003; x_wconf 90' lang='lat'>,</span> 
     </span>
     <span class='ocr_line' id='line_1_101' title="bbox 1159 1008 2147 1052; baseline 0.002 -11"><span class='ocrx_word' id='word_1_912' title='bbox 1159 1020 1183 1041; x_wconf 87' lang='lat' dir='ltr'>c.</span> <span class='ocrx_word' id='word_1_913' title='bbox 1194 1011 1304 1042; x_wconf 71' lang='lat' dir='ltr'>Faciat</span> <span class='ocrx_word' id='word_1_914' title='bbox 1315 1020 1329 1045; x_wconf 87' lang='lat'>,·</span> <span class='ocrx_word' id='word_1_915' title='bbox 1345 1022 1369 1043; x_wconf 87' lang='lat' dir='ltr'>c.</span> <span class='ocrx_word' id='word_1_916' title='bbox 1380 1013 1479 1044; x_wconf 87' lang='lat' dir='ltr'>Omne</span> <span class='ocrx_word' id='word_1_917' title='bbox 1485 1022 1578 1051; x_wconf 79' lang='lat' dir='ltr'>genus</span> <span class='ocrx_word' id='word_1_918' title='bbox 1586 1031 1596 1046; x_wconf 90' lang='lat'><strong>‚</strong></span> <span class='ocrx_word' id='word_1_919' title='bbox 1617 1012 1662 1043; x_wconf 93' lang='lat' dir='ltr'>ibi</span> <span class='ocrx_word' id='word_1_920' title='bbox 1674 1023 1680 1041; x_wconf 94' lang='lat'>:</span> <span class='ocrx_word' id='word_1_921' title='bbox 1705 1012 1774 1042; x_wconf 83' lang='lat' dir='ltr'>Nec</span> <span class='ocrx_word' id='word_1_922' title='bbox 1783 1021 1814 1042; x_wconf 85' lang='lat' dir='ltr'>ut</span> <span class='ocrx_word' id='word_1_923' title='bbox 1829 1008 1944 1050; x_wconf 72' lang='lat' dir='ltr'>praesles</span> <span class='ocrx_word' id='word_1_924' title='bbox 1951 1010 2147 1052; x_wconf 74' lang='lat' dir='ltr'>menti&#39;ri&#39;stu—</span> 
     </span>
     <span class='ocr_line' id='line_1_102' title="bbox 1159 1051 2145 1097; baseline 0.003 -14"><span class='ocrx_word' id='word_1_925' title='bbox 1159 1051 1229 1084; x_wconf 85' lang='lat' dir='ltr'>deas</span> <span class='ocrx_word' id='word_1_926' title='bbox 1239 1073 1248 1087; x_wconf 93' lang='lat'>,</span> <span class='ocrx_word' id='word_1_927' title='bbox 1270 1064 1324 1086; x_wconf 89' lang='lat' dir='ltr'>nec</span> <span class='ocrx_word' id='word_1_928' title='bbox 1329 1055 1462 1092; x_wconf 80' lang='lat' dir='ltr'>qualibet</span> <span class='ocrx_word' id='word_1_929' title='bbox 1463 1054 1601 1097; x_wconf 83' lang='lat' dir='ltr'>fallacia</span> <span class='ocrx_word' id='word_1_930' title='bbox 1611 1057 1713 1086; x_wconf 78' lang='lat' dir='ltr'>vitam</span> <span class='ocrx_word' id='word_1_931' title='bbox 1722 1056 1799 1086; x_wconf 79' lang='lat' dir='ltr'>alicu</span> <span class='ocrx_word' id='word_1_932' title='bbox 1802 1054 1849 1092; x_wconf 87' lang='lat' dir='ltr'>jus</span> <span class='ocrx_word' id='word_1_933' title='bbox 1857 1053 2004 1096; x_wconf 76' lang='lat' dir='ltr'>defendas</span> <span class='ocrx_word' id='word_1_934' title='bbox 2013 1075 2023 1089; x_wconf 93' lang='lat'>,</span> <span class='ocrx_word' id='word_1_935' title='bbox 2034 1054 2071 1086; x_wconf 69' lang='grc'>(3*</span> <span class='ocrx_word' id='word_1_936' title='bbox 2081 1063 2145 1094; x_wconf 81' lang='lat' dir='ltr'>cap.</span> 
     </span>
     <span class='ocr_line' id='line_1_103' title="bbox 1153 1095 2143 1138; baseline 0.004 -12"><span class='ocrx_word' id='word_1_937' title='bbox 1153 1095 1236 1136; x_wconf 80' lang='lat' dir='ltr'>seqq.</span> <span class='ocrx_word' id='word_1_938' title='bbox 1247 1099 1324 1138; x_wconf 82' lang='lat' dir='ltr'>caus.</span> <span class='ocrx_word' id='word_1_939' title='bbox 1337 1097 1375 1129; x_wconf 60' lang='grc' dir='ltr'>(φ</span> <span class='ocrx_word' id='word_1_940' title='bbox 1384 1107 1429 1135; x_wconf 76' lang='lat' dir='ltr'>qu.</span> <span class='ocrx_word' id='word_1_941' title='bbox 1445 1097 1484 1129; x_wconf 85' lang='lat' dir='ltr'>Et</span> <span class='ocrx_word' id='word_1_942' title='bbox 1494 1101 1526 1129; x_wconf 85' lang='lat' dir='ltr'>in</span> <span class='ocrx_word' id='word_1_943' title='bbox 1538 1097 1698 1129; x_wconf 86' lang='lat' dir='ltr'>causarum</span> <span class='ocrx_word' id='word_1_944' title='bbox 1709 1107 1840 1137; x_wconf 90' lang='lat' dir='ltr'>patrono</span> <span class='ocrx_word' id='word_1_945' title='bbox 1848 1098 1893 1128; x_wconf 47' lang='lat' dir='ltr'>est«</span> <span class='ocrx_word' id='word_1_946' title='bbox 1901 1107 1974 1128; x_wconf 89' lang='lat' dir='ltr'>text.</span> <span class='ocrx_word' id='word_1_947' title='bbox 1984 1100 2020 1128; x_wconf 86' lang='lat' dir='ltr'>in</span> <span class='ocrx_word' id='word_1_948' title='bbox 2034 1098 2056 1129; x_wconf 84' lang='lat' dir='ltr'>l.</span> <span class='ocrx_word' id='word_1_949' title='bbox 2068 1099 2143 1130; x_wconf 85' lang='lat' dir='ltr'>Rem</span> 
     </span>
     <span class='ocr_line' id='line_1_104' title="bbox 1158 1139 2143 1177; baseline 0 -7"><span class='ocrx_word' id='word_1_950' title='bbox 1158 1150 1339 1171; x_wconf 65' lang='lat' dir='ltr'>nonnovam</span> <span class='ocrx_word' id='word_1_951' title='bbox 1349 1160 1360 1175; x_wconf 93' lang='lat'>,</span> <span class='ocrx_word' id='word_1_952' title='bbox 1383 1143 1409 1177; x_wconf 88' lang='lat'>§.</span> <span class='ocrx_word' id='word_1_953' title='bbox 1421 1143 1572 1174; x_wconf 76' lang='lat' dir='ltr'>Patroni,</span> <span class='ocrx_word' id='word_1_954' title='bbox 1581 1142 1618 1171; x_wconf 87' lang='lat' dir='ltr'>C.</span> <span class='ocrx_word' id='word_1_955' title='bbox 1630 1142 1679 1171; x_wconf 89' lang='lat' dir='ltr'>De</span> <span class='ocrx_word' id='word_1_956' title='bbox 1689 1139 1750 1176; x_wconf 77' lang='lat' dir='ltr'>jud.</span> <span class='ocrx_word' id='word_1_957' title='bbox 1763 1140 1800 1171; x_wconf 88' lang='lat' dir='ltr'>Et</span> <span class='ocrx_word' id='word_1_958' title='bbox 1808 1142 1898 1172; x_wconf 81' lang='lat' dir='ltr'>docet</span> <span class='ocrx_word' id='word_1_959' title='bbox 1910 1140 1951 1171; x_wconf 90' lang='lat' dir='ltr'>D.</span> <span class='ocrx_word' id='word_1_960' title='bbox 1961 1140 2143 1172; x_wconf 77' lang='lat' dir='ltr'>Thom.2.2.</span> 
     </span>
     <span class='ocr_line' id='line_1_105' title="bbox 1159 1182 2144 1224; baseline 0.004 -13"><span class='ocrx_word' id='word_1_961' title='bbox 1159 1193 1186 1220; x_wconf 84' lang='lat' dir='ltr'>q.</span> <span class='ocrx_word' id='word_1_962' title='bbox 1197 1191 1247 1220; x_wconf 87' lang='lat'>71.</span> <span class='ocrx_word' id='word_1_963' title='bbox 1260 1192 1352 1224; x_wconf 78' lang='lat' dir='ltr'>art-3.</span> <span class='ocrx_word' id='word_1_964' title='bbox 1363 1182 1404 1214; x_wconf 81' lang='lat' dir='ltr'>ad</span> <span class='ocrx_word' id='word_1_965' title='bbox 1416 1193 1441 1224; x_wconf 88' lang='lat'>3.</span> <span class='ocrx_word' id='word_1_966' title='bbox 1453 1183 1539 1216; x_wconf 88' lang='lat' dir='ltr'>Tum</span> <span class='ocrx_word' id='word_1_967' title='bbox 1547 1183 1624 1224; x_wconf 84' lang='lat' dir='ltr'>quia</span> <span class='ocrx_word' id='word_1_968' title='bbox 1632 1185 1835 1224; x_wconf 84' lang='lat' dir='ltr'>proponendo</span> <span class='ocrx_word' id='word_1_969' title='bbox 1843 1193 1909 1214; x_wconf 88' lang='lat' dir='ltr'>rem</span> <span class='ocrx_word' id='word_1_970' title='bbox 1920 1184 2048 1215; x_wconf 83' lang='lat' dir='ltr'>dubiam</span> <span class='ocrx_word' id='word_1_971' title='bbox 2059 1184 2144 1215; x_wconf 87' lang='lat' dir='ltr'>velu-</span> 
     </span>
     <span class='ocr_line' id='line_1_106' title="bbox 1159 1225 2144 1269; baseline 0.001 -12"><span class='ocrx_word' id='word_1_972' title='bbox 1159 1228 1184 1257; x_wconf 90' lang='lat' dir='ltr'>ti</span> <span class='ocrx_word' id='word_1_973' title='bbox 1195 1235 1312 1269; x_wconf 79' lang='lat' dir='ltr'>certam</span> <span class='ocrx_word' id='word_1_974' title='bbox 1323 1247 1333 1261; x_wconf 90' lang='lat'>,</span> <span class='ocrx_word' id='word_1_975' title='bbox 1355 1227 1477 1259; x_wconf 87' lang='lat' dir='ltr'>inducit</span> <span class='ocrx_word' id='word_1_976' title='bbox 1485 1227 1672 1259; x_wconf 89' lang='lat' dir='ltr'>clientulum</span> <span class='ocrx_word' id='word_1_977' title='bbox 1681 1225 1959 1267; x_wconf 74' lang='lat' dir='ltr'>perdeceptionem</span> <span class='ocrx_word' id='word_1_978' title='bbox 1970 1229 2007 1258; x_wconf 87' lang='lat' dir='ltr'>ad</span> <span class='ocrx_word' id='word_1_979' title='bbox 2018 1227 2144 1267; x_wconf 84' lang='lat' dir='ltr'>litigan-</span> 
     </span>
     <span class='ocr_line' id='line_1_107' title="bbox 1159 1268 2143 1311; baseline -0.001 -10"><span class='ocrx_word' id='word_1_980' title='bbox 1159 1271 1235 1301; x_wconf 92' lang='lat' dir='ltr'>dum</span> <span class='ocrx_word' id='word_1_981' title='bbox 1244 1290 1254 1303; x_wconf 90' lang='lat'>,</span> <span class='ocrx_word' id='word_1_982' title='bbox 1275 1271 1330 1310; x_wconf 91' lang='lat' dir='ltr'>qui</span> <span class='ocrx_word' id='word_1_983' title='bbox 1341 1269 1419 1301; x_wconf 75' lang='lat' dir='ltr'>forte</span> <span class='ocrx_word' id='word_1_984' title='bbox 1432 1281 1497 1302; x_wconf 87' lang='lat' dir='ltr'>non</span> <span class='ocrx_word' id='word_1_985' title='bbox 1510 1271 1645 1311; x_wconf 84' lang='lat' dir='ltr'>litigaret</span> <span class='ocrx_word' id='word_1_986' title='bbox 1655 1290 1665 1311; x_wconf 77' lang='lat'>,</span> <span class='ocrx_word' id='word_1_987' title='bbox 1674 1269 1709 1300; x_wconf 77' lang='lat' dir='ltr'>vsi</span> <span class='ocrx_word' id='word_1_988' title='bbox 1718 1278 1786 1300; x_wconf 86' lang='lat' dir='ltr'>rem</span> <span class='ocrx_word' id='word_1_989' title='bbox 1793 1268 1920 1301; x_wconf 85' lang='lat' dir='ltr'>dubiam</span> <span class='ocrx_word' id='word_1_990' title='bbox 1932 1269 2143 1310; x_wconf 80' lang='lat' dir='ltr'>-intelligeret3</span> 
     </span>
     <span class='ocr_line' id='line_1_108' title="bbox 1160 1303 2144 1353; baseline -0.001 -10"><span class='ocrx_word' id='word_1_991' title='bbox 1160 1312 1293 1353; x_wconf 75' lang='lat' dir='ltr'>sdebque</span> <span class='ocrx_word' id='word_1_992' title='bbox 1304 1322 1427 1345; x_wconf 90' lang='lat' dir='ltr'>tenetur</span> <span class='ocrx_word' id='word_1_993' title='bbox 1437 1316 1512 1345; x_wconf 88' lang='lat' dir='ltr'>eiad</span> <span class='ocrx_word' id='word_1_994' title='bbox 1523 1316 1636 1345; x_wconf 83' lang='lat' dir='ltr'>damna</span> <span class='ocrx_word' id='word_1_995' title='bbox 1645 1333 1656 1348; x_wconf 88' lang='lat'>,</span> <span class='ocrx_word' id='word_1_996' title='bbox 1670 1315 1702 1345; x_wconf 67' lang='grc' dir='ltr'>ὃς</span> <span class='ocrx_word' id='word_1_997' title='bbox 1714 1312 1854 1344; x_wconf 73' lang='lat' dir='ltr'>interesse</span> <span class='ocrx_word' id='word_1_998' title='bbox 1862 1332 1872 1346; x_wconf 82' lang='lat'>,</span> <span class='ocrx_word' id='word_1_999' title='bbox 1890 1312 1998 1347; x_wconf 58' lang='lat' dir='ltr'><em>lsNon</em></span> <span class='ocrx_word' id='word_1_1000' title='bbox 2010 1303 2050 1352; x_wconf 74' lang='lat' dir='ltr'>es?</span> <span class='ocrx_word' id='word_1_1001' title='bbox 2058 1315 2144 1350; x_wconf 71' lang='lat' dir='ltr'>igno-</span> 
     </span>
     <span class='ocr_line' id='line_1_109' title="bbox 1159 1354 2142 1397; baseline 0 -10"><span class='ocrx_word' id='word_1_1002' title='bbox 1159 1365 1221 1387; x_wconf 86' lang='lat' dir='ltr'>tum</span> <span class='ocrx_word' id='word_1_1003' title='bbox 1233 1377 1242 1390; x_wconf 88' lang='lat'>,</span> <span class='ocrx_word' id='word_1_1004' title='bbox 1263 1355 1335 1388; x_wconf 85' lang='lat' dir='ltr'>Cod.</span> <span class='ocrx_word' id='word_1_1005' title='bbox 1346 1355 1384 1389; x_wconf 81' lang='lat' dir='ltr'>de</span> <span class='ocrx_word' id='word_1_1006' title='bbox 1393 1356 1564 1397; x_wconf 69' lang='lat' dir='ltr'>administr.</span> <span class='ocrx_word' id='word_1_1007' title='bbox 1575 1365 1632 1388; x_wconf 79' lang='lat' dir='ltr'>tut.</span> <span class='ocrx_word' id='word_1_1008' title='bbox 1642 1358 1676 1388; x_wconf 88' lang='lat'><strong>&amp;</strong></span> <span class='ocrx_word' id='word_1_1009' title='bbox 1684 1355 1783 1394; x_wconf 73' lang='lat' dir='ltr'>tradit</span> <span class='ocrx_word' id='word_1_1010' title='bbox 1792 1354 1937 1387; x_wconf 58' lang='lat' dir='ltr'>silvester&lt;</span> <span class='ocrx_word' id='word_1_1011' title='bbox 1949 1366 1984 1386; x_wconf 80' lang='lat' dir='ltr'>m</span> <span class='ocrx_word' id='word_1_1012' title='bbox 1994 1366 2060 1386; x_wconf 80' lang='lat' dir='ltr'>ver.</span> <span class='ocrx_word' id='word_1_1013' title='bbox 2070 1355 2142 1387; x_wconf 81' lang='lat' dir='ltr'>Ad-</span> 
     </span>
     <span class='ocr_line' id='line_1_110' title="bbox 1160 1396 2145 1443; baseline -0.001 -13"><span class='ocrx_word' id='word_1_1014' title='bbox 1160 1408 1283 1432; x_wconf 79' lang='lat' dir='ltr'>vocatus</span> <span class='ocrx_word' id='word_1_1015' title='bbox 1297 1411 1378 1432; x_wconf 80' lang='lat' dir='ltr'>num.</span> <span class='ocrx_word' id='word_1_1016' title='bbox 1390 1409 1415 1439; x_wconf 87' lang='lat'>5.</span> <span class='ocrx_word' id='word_1_1017' title='bbox 1432 1400 1512 1441; x_wconf 69' lang='lat' dir='ltr'>vers</span> <span class='ocrx_word' id='word_1_1018' title='bbox 1530 1399 1686 1443; x_wconf 61' lang='lat' dir='ltr'>Qum-{iiii</span> <span class='ocrx_word' id='word_1_1019' title='bbox 1696 1399 1784 1438; x_wconf 73' lang='lat' dir='ltr'>causa</span> <span class='ocrx_word' id='word_1_1020' title='bbox 1803 1396 1844 1439; x_wconf 88' lang='lat' dir='ltr'>est</span> <span class='ocrx_word' id='word_1_1021' title='bbox 1861 1396 1967 1430; x_wconf 75' lang='lat' dir='ltr'>dubia.</span> <span class='ocrx_word' id='word_1_1022' title='bbox 1992 1401 2092 1438; x_wconf 79' lang='lat' dir='ltr'>Atque</span> <span class='ocrx_word' id='word_1_1023' title='bbox 2111 1398 2145 1429; x_wconf 92' lang='lat' dir='ltr'>in</span> 
     </span>
     <span class='ocr_line' id='line_1_111' title="bbox 1161 1441 2143 1483; baseline -0.001 -10"><span class='ocrx_word' id='word_1_1024' title='bbox 1161 1442 1243 1474; x_wconf 88' lang='lat' dir='ltr'>hunc</span> <span class='ocrx_word' id='word_1_1025' title='bbox 1255 1442 1374 1473; x_wconf 89' lang='lat' dir='ltr'>sensum</span> <span class='ocrx_word' id='word_1_1026' title='bbox 1387 1445 1532 1474; x_wconf 88' lang='lat' dir='ltr'>videntur</span> <span class='ocrx_word' id='word_1_1027' title='bbox 1541 1444 1715 1483; x_wconf 79' lang='lat' dir='ltr'>accipiendi</span> <span class='ocrx_word' id='word_1_1028' title='bbox 1734 1442 1910 1482; x_wconf 81' lang='lat' dir='ltr'>Theologi,</span> <span class='ocrx_word' id='word_1_1029' title='bbox 1932 1443 1986 1481; x_wconf 89' lang='lat' dir='ltr'>qui</span> <span class='ocrx_word' id='word_1_1030' title='bbox 1999 1441 2143 1481; x_wconf 87' lang='lat' dir='ltr'>simpliei-</span> 
     </span>
     <span class='ocr_line' id='line_1_112' title="bbox 1160 1484 2144 1526; baseline -0.001 -9"><span class='ocrx_word' id='word_1_1031' title='bbox 1160 1495 1206 1517; x_wconf 88' lang='lat' dir='ltr'>ter</span> <span class='ocrx_word' id='word_1_1032' title='bbox 1215 1486 1345 1517; x_wconf 80' lang='lat' dir='ltr'>afferunt</span> <span class='ocrx_word' id='word_1_1033' title='bbox 1360 1506 1369 1520; x_wconf 85' lang='lat'>,</span> <span class='ocrx_word' id='word_1_1034' title='bbox 1391 1489 1581 1517; x_wconf 85' lang='lat' dir='ltr'>advocatum</span> <span class='ocrx_word' id='word_1_1035' title='bbox 1591 1495 1653 1517; x_wconf 91' lang='lat' dir='ltr'>non</span> <span class='ocrx_word' id='word_1_1036' title='bbox 1667 1486 1744 1526; x_wconf 81' lang='lat' dir='ltr'>poffc</span> <span class='ocrx_word' id='word_1_1037' title='bbox 1762 1488 1795 1516; x_wconf 90' lang='lat' dir='ltr'>in</span> <span class='ocrx_word' id='word_1_1038' title='bbox 1806 1484 1895 1517; x_wconf 86' lang='lat' dir='ltr'>causa</span> <span class='ocrx_word' id='word_1_1039' title='bbox 1907 1484 2000 1515; x_wconf 87' lang='lat' dir='ltr'>dubia</span> <span class='ocrx_word' id='word_1_1040' title='bbox 2010 1486 2144 1524; x_wconf 77' lang='lat' dir='ltr'>patroci—</span> 
     </span>
    </p>
   </div>
   <div class='ocr_carea' id='block_1_7' title="bbox 1132 1529 2147 1570">
    <p class='ocr_par' dir='ltr' id='par_1_12' title="bbox 1132 1529 2147 1570">
     <span class='ocr_line' id='line_1_113' title="bbox 1132 1529 2147 1570; baseline -0.002 -10"><span class='ocrx_word' id='word_1_1041' title='bbox 1132 1536 1135 1539; x_wconf 88' lang='lat'>&#39;</span> <span class='ocrx_word' id='word_1_1042' title='bbox 1159 1532 1246 1560; x_wconf 88' lang='lat' dir='ltr'>nari.</span> <span class='ocrx_word' id='word_1_1043' title='bbox 1270 1529 1325 1560; x_wconf 89' lang='lat' dir='ltr'>Sin</span> <span class='ocrx_word' id='word_1_1044' title='bbox 1336 1539 1441 1561; x_wconf 85' lang='lat' dir='ltr'>autem</span> <span class='ocrx_word' id='word_1_1045' title='bbox 1452 1531 1621 1566; x_wconf 85' lang='lat' dir='ltr'>advocatus</span> <span class='ocrx_word' id='word_1_1046' title='bbox 1641 1539 1792 1570; x_wconf 85' lang='lat' dir='ltr'>proponat</span> <span class='ocrx_word' id='word_1_1047' title='bbox 1802 1529 1968 1560; x_wconf 86' lang='lat' dir='ltr'>articulum</span> <span class='ocrx_word' id='word_1_1048' title='bbox 1987 1537 2147 1568; x_wconf 74' lang='lat' dir='ltr'>tamquam</span> 
     </span>
    </p>
   </div>
   <div class='ocr_carea' id='block_1_8' title="bbox 1160 1570 2146 1699">
    <p class='ocr_par' dir='ltr' id='par_1_13' title="bbox 1160 1570 2146 1699">
     <span class='ocr_line' id='line_1_114' title="bbox 1160 1570 2144 1613; baseline -0.002 -9"><span class='ocrx_word' id='word_1_1049' title='bbox 1160 1573 1394 1606; x_wconf 84' lang='lat' dir='ltr'>dubium,licuti</span> <span class='ocrx_word' id='word_1_1050' title='bbox 1405 1573 1446 1604; x_wconf 83' lang='lat' dir='ltr'>est</span> <span class='ocrx_word' id='word_1_1051' title='bbox 1457 1583 1579 1613; x_wconf 89' lang='lat' dir='ltr'>propter</span> <span class='ocrx_word' id='word_1_1052' title='bbox 1589 1575 1726 1604; x_wconf 85' lang='lat' dir='ltr'>rationes</span> <span class='ocrx_word' id='word_1_1053' title='bbox 1735 1574 1881 1612; x_wconf 86' lang='lat' dir='ltr'>utrinque</span> <span class='ocrx_word' id='word_1_1054' title='bbox 1890 1570 2039 1602; x_wconf 72' lang='lat' dir='ltr'>suasibiles</span> <span class='ocrx_word' id='word_1_1055' title='bbox 2052 1582 2058 1601; x_wconf 75' lang='grc' dir='ltr'>ε</span> <span class='ocrx_word' id='word_1_1056' title='bbox 2071 1581 2144 1602; x_wconf 84' lang='lat' dir='ltr'>tunc</span> 
     </span>
     <span class='ocr_line' id='line_1_115' title="bbox 1161 1615 2144 1656; baseline -0.002 -10"><span class='ocrx_word' id='word_1_1057' title='bbox 1161 1615 1256 1656; x_wconf 89' lang='lat' dir='ltr'>potest</span> <span class='ocrx_word' id='word_1_1058' title='bbox 1266 1625 1333 1647; x_wconf 87' lang='lat' dir='ltr'>tuta</span> <span class='ocrx_word' id='word_1_1059' title='bbox 1342 1616 1536 1648; x_wconf 87' lang='lat' dir='ltr'>conscientia</span> <span class='ocrx_word' id='word_1_1060' title='bbox 1548 1618 1580 1647; x_wconf 92' lang='lat' dir='ltr'>in</span> <span class='ocrx_word' id='word_1_1061' title='bbox 1595 1617 1644 1647; x_wconf 82' lang='lat' dir='ltr'>illa</span> <span class='ocrx_word' id='word_1_1062' title='bbox 1655 1615 1743 1647; x_wconf 61' lang='lat' dir='ltr'>cause</span> <span class='ocrx_word' id='word_1_1063' title='bbox 1754 1617 1987 1656; x_wconf 55' lang='lat' dir='ltr'>patrocinatum</span> <span class='ocrx_word' id='word_1_1064' title='bbox 2001 1616 2144 1654; x_wconf 77' lang='lat' dir='ltr'>probatur</span> 
     </span>
     <span class='ocr_line' id='line_1_116' title="bbox 1161 1658 2146 1699; baseline 0 -10"><span class='ocrx_word' id='word_1_1065' title='bbox 1161 1662 1192 1689; x_wconf 88' lang='lat' dir='ltr'>in</span> <span class='ocrx_word' id='word_1_1066' title='bbox 1202 1659 1231 1689; x_wconf 82' lang='lat' dir='ltr'>d.</span> <span class='ocrx_word' id='word_1_1067' title='bbox 1241 1660 1263 1690; x_wconf 88' lang='lat' dir='ltr'>l.</span> <span class='ocrx_word' id='word_1_1068' title='bbox 1274 1660 1454 1694; x_wconf 74' lang='lat' dir='ltr'>Advocati,</span> <span class='ocrx_word' id='word_1_1069' title='bbox 1476 1662 1508 1691; x_wconf 82' lang='lat' dir='ltr'>in</span> <span class='ocrx_word' id='word_1_1070' title='bbox 1523 1661 1619 1699; x_wconf 73' lang='lat' dir='ltr'>princ.</span> <span class='ocrx_word' id='word_1_1071' title='bbox 1638 1658 1720 1691; x_wconf 64' lang='lat' dir='ltr'>ode</span> <span class='ocrx_word' id='word_1_1072' title='bbox 1731 1658 1771 1690; x_wconf 76' lang='lat' dir='ltr'>ad</span> <span class='ocrx_word' id='word_1_1073' title='bbox 1778 1670 1837 1689; x_wconf 81' lang='lat' dir='ltr'>voc.</span> <span class='ocrx_word' id='word_1_1074' title='bbox 1855 1658 1969 1697; x_wconf 61' lang='lat' dir='ltr'>diversss</span> <span class='ocrx_word' id='word_1_1075' title='bbox 1981 1659 2070 1694; x_wconf 70' lang='lat' dir='ltr'>judic.</span> <span class='ocrx_word' id='word_1_1076' title='bbox 2095 1658 2146 1689; x_wconf 80' lang='lat' dir='ltr'>ubi</span> 
     </span>
    </p>
   </div>
   <div class='ocr_carea' id='block_1_9' title="bbox 2173 499 2227 537">
    <p class='ocr_par' dir='ltr' id='par_1_14' title="bbox 2173 499 2227 537">
     <span class='ocr_line' id='line_1_117' title="bbox 2173 499 2227 537; baseline 0 -9"><span class='ocrx_word' id='word_1_1077' title='bbox 2173 499 2227 537; x_wconf 81' lang='lat'>382</span> 
     </span>
    </p>
   </div>
   <div class='ocr_carea' id='block_1_10' title="bbox 2171 1531 2226 1569">
    <p class='ocr_par' dir='ltr' id='par_1_15' title="bbox 2171 1531 2226 1569">
     <span class='ocr_line' id='line_1_118' title="bbox 2171 1531 2226 1569; baseline 0.018 -1"><span class='ocrx_word' id='word_1_1078' title='bbox 2171 1531 2226 1569; x_wconf 78' lang='lat'>383</span> 
     </span>
    </p>
   </div>
   <div class='ocr_carea' id='block_1_11' title="bbox 1160 1702 2170 1743">
    <p class='ocr_par' dir='ltr' id='par_1_16' title="bbox 1160 1702 2170 1743">
     <span class='ocr_line' id='line_1_119' title="bbox 1160 1702 2170 1743; baseline -0.002 -10"><span class='ocrx_word' id='word_1_1079' title='bbox 1160 1702 1304 1734; x_wconf 82' lang='lat' dir='ltr'>advocati</span> <span class='ocrx_word' id='word_1_1080' title='bbox 1316 1705 1347 1733; x_wconf 91' lang='lat' dir='ltr'>in</span> <span class='ocrx_word' id='word_1_1081' title='bbox 1361 1705 1549 1743; x_wconf 84' lang='lat' dir='ltr'>primisinde</span> <span class='ocrx_word' id='word_1_1082' title='bbox 1559 1704 1734 1737; x_wconf 82' lang='lat' dir='ltr'>laudantur,</span> <span class='ocrx_word' id='word_1_1083' title='bbox 1749 1705 1822 1743; x_wconf 76' lang='lat' dir='ltr'>quia</span> <span class='ocrx_word' id='word_1_1084' title='bbox 1832 1704 1984 1732; x_wconf 85' lang='lat' dir='ltr'>dirimunt</span> <span class='ocrx_word' id='word_1_1085' title='bbox 1995 1702 2141 1741; x_wconf 78' lang='lat' dir='ltr'>ambigua</span> <span class='ocrx_word' id='word_1_1086' title='bbox 2168 1739 2170 1741; x_wconf 67' lang='lat'><em>,</em></span> 
     </span>
    </p>
   </div>
   <div class='ocr_carea' id='block_1_12' title="bbox 1150 1744 2150 2699">
    <p class='ocr_par' dir='ltr' id='par_1_17' title="bbox 1150 1744 2150 2699">
     <span class='ocr_line' id='line_1_120' title="bbox 1160 1744 2144 1788; baseline -0.002 -12"><span class='ocrx_word' id='word_1_1087' title='bbox 1160 1745 1222 1776; x_wconf 86' lang='lat' dir='ltr'>fata</span> <span class='ocrx_word' id='word_1_1088' title='bbox 1234 1744 1394 1777; x_wconf 71' lang='lat' dir='ltr'>causarum</span> <span class='ocrx_word' id='word_1_1089' title='bbox 1407 1768 1413 1775; x_wconf 92' lang='lat'><strong>.</strong></span> <span class='ocrx_word' id='word_1_1090' title='bbox 1438 1746 1520 1788; x_wconf 83' lang='lat' dir='ltr'>Ergo</span> <span class='ocrx_word' id='word_1_1091' title='bbox 1529 1746 1548 1776; x_wconf 80' lang='lat' dir='ltr'>si</span> <span class='ocrx_word' id='word_1_1092' title='bbox 1561 1748 1772 1786; x_wconf 81' lang='lat' dir='ltr'>patrocinium</span> <span class='ocrx_word' id='word_1_1093' title='bbox 1783 1745 1919 1784; x_wconf 71' lang='lat' dir='ltr'>praestent</span> <span class='ocrx_word' id='word_1_1094' title='bbox 1936 1746 1968 1774; x_wconf 86' lang='lat' dir='ltr'>in</span> <span class='ocrx_word' id='word_1_1095' title='bbox 1980 1744 2144 1774; x_wconf 66' lang='lat' dir='ltr'>causamn&lt;</span> 
     </span>
     <span class='ocr_line' id='line_1_121' title="bbox 1161 1788 2145 1832; baseline -0.003 -12"><span class='ocrx_word' id='word_1_1096' title='bbox 1161 1789 1254 1829; x_wconf 82' lang='lat' dir='ltr'>bigua</span> <span class='ocrx_word' id='word_1_1097' title='bbox 1265 1809 1276 1824; x_wconf 90' lang='lat'>,</span> <span class='ocrx_word' id='word_1_1098' title='bbox 1295 1799 1357 1821; x_wconf 89' lang='lat' dir='ltr'>non</span> <span class='ocrx_word' id='word_1_1099' title='bbox 1370 1790 1585 1830; x_wconf 50' lang='lat' dir='ltr'>peccantpsed</span> <span class='ocrx_word' id='word_1_1100' title='bbox 1596 1792 1696 1829; x_wconf 85' lang='lat' dir='ltr'>magis</span> <span class='ocrx_word' id='word_1_1101' title='bbox 1707 1789 1851 1820; x_wconf 80' lang='lat' dir='ltr'>laudandi</span> <span class='ocrx_word' id='word_1_1102' title='bbox 1863 1788 1929 1818; x_wconf 85' lang='lat' dir='ltr'>sunt</span> <span class='ocrx_word' id='word_1_1103' title='bbox 1941 1808 1951 1822; x_wconf 87' lang='lat'>,</span> <span class='ocrx_word' id='word_1_1104' title='bbox 1972 1799 1996 1818; x_wconf 84' lang='lat' dir='ltr'>c.</span> <span class='ocrx_word' id='word_1_1105' title='bbox 2006 1788 2145 1832; x_wconf 40' lang='lat' dir='ltr'>Qi-pec-</span> 
     </span>
     <span class='ocr_line' id='line_1_122' title="bbox 1160 1830 2150 1873; baseline 0 -10"><span class='ocrx_word' id='word_1_1106' title='bbox 1160 1842 1208 1863; x_wconf 69' lang='lat' dir='ltr'>cat</span> <span class='ocrx_word' id='word_1_1107' title='bbox 1219 1853 1228 1867; x_wconf 89' lang='lat'><strong>‚</strong></span> <span class='ocrx_word' id='word_1_1108' title='bbox 1251 1842 1298 1873; x_wconf 86' lang='lat'>23.</span> <span class='ocrx_word' id='word_1_1109' title='bbox 1310 1832 1402 1873; x_wconf 75' lang='lat' dir='ltr'><em>quaest.</em></span> <span class='ocrx_word' id='word_1_1110' title='bbox 1413 1844 1442 1873; x_wconf 87' lang='lat'>4.</span> <span class='ocrx_word' id='word_1_1111' title='bbox 1462 1830 1608 1864; x_wconf 65' lang='lat' dir='ltr'>Praeterea</span> <span class='ocrx_word' id='word_1_1112' title='bbox 1629 1834 1829 1873; x_wconf 83' lang='lat' dir='ltr'>proponendo</span> <span class='ocrx_word' id='word_1_1113' title='bbox 1840 1842 1902 1863; x_wconf 83' lang='lat' dir='ltr'>rem</span> <span class='ocrx_word' id='word_1_1114' title='bbox 1920 1840 2080 1871; x_wconf 82' lang='lat' dir='ltr'>tamquam</span> <span class='ocrx_word' id='word_1_1115' title='bbox 2096 1833 2150 1863; x_wconf 87' lang='lat' dir='ltr'>du—</span> 
     </span>
     <span class='ocr_line' id='line_1_123' title="bbox 1161 1875 2146 1916; baseline 0 -10"><span class='ocrx_word' id='word_1_1116' title='bbox 1161 1877 1320 1910; x_wconf 68' lang='lat' dir='ltr'>biammon</span> <span class='ocrx_word' id='word_1_1117' title='bbox 1333 1878 1486 1908; x_wconf 89' lang='lat' dir='ltr'>inducunt</span> <span class='ocrx_word' id='word_1_1118' title='bbox 1495 1877 1678 1908; x_wconf 87' lang='lat' dir='ltr'>clientulum</span> <span class='ocrx_word' id='word_1_1119' title='bbox 1686 1878 1725 1908; x_wconf 89' lang='lat' dir='ltr'>ad</span> <span class='ocrx_word' id='word_1_1120' title='bbox 1736 1875 1850 1907; x_wconf 74' lang='lat' dir='ltr'>temere</span> <span class='ocrx_word' id='word_1_1121' title='bbox 1861 1876 2047 1916; x_wconf 80' lang='lat' dir='ltr'>litigandum</span> <span class='ocrx_word' id='word_1_1122' title='bbox 2056 1895 2065 1909; x_wconf 85' lang='lat'>,</span> <span class='ocrx_word' id='word_1_1123' title='bbox 2073 1877 2146 1916; x_wconf 82' lang='lat' dir='ltr'>quia</span> 
     </span>
     <span class='ocr_line' id='line_1_124' title="bbox 1162 1918 2146 1960; baseline 0 -11"><span class='ocrx_word' id='word_1_1124' title='bbox 1162 1919 1276 1950; x_wconf 70' lang='lat' dir='ltr'>temere</span> <span class='ocrx_word' id='word_1_1125' title='bbox 1291 1921 1412 1960; x_wconf 83' lang='lat' dir='ltr'>litigare</span> <span class='ocrx_word' id='word_1_1126' title='bbox 1426 1931 1489 1952; x_wconf 92' lang='lat' dir='ltr'>non</span> <span class='ocrx_word' id='word_1_1127' title='bbox 1498 1922 1616 1952; x_wconf 89' lang='lat' dir='ltr'>dicitur</span> <span class='ocrx_word' id='word_1_1128' title='bbox 1626 1940 1635 1954; x_wconf 90' lang='lat'>,</span> <span class='ocrx_word' id='word_1_1129' title='bbox 1657 1920 1711 1960; x_wconf 88' lang='lat' dir='ltr'>qui</span> <span class='ocrx_word' id='word_1_1130' title='bbox 1722 1921 1832 1951; x_wconf 80' lang='lat' dir='ltr'>dubius</span> <span class='ocrx_word' id='word_1_1131' title='bbox 1843 1919 1881 1960; x_wconf 72' lang='lat' dir='ltr'>est</span> <span class='ocrx_word' id='word_1_1132' title='bbox 1893 1939 1901 1953; x_wconf 88' lang='lat'>,</span> <span class='ocrx_word' id='word_1_1133' title='bbox 1924 1919 1970 1949; x_wconf 81' lang='lat' dir='ltr'>sed</span> <span class='ocrx_word' id='word_1_1134' title='bbox 1980 1919 2034 1958; x_wconf 88' lang='lat' dir='ltr'>qui</span> <span class='ocrx_word' id='word_1_1135' title='bbox 2044 1918 2099 1950; x_wconf 84' lang='lat' dir='ltr'>scit</span> <span class='ocrx_word' id='word_1_1136' title='bbox 2119 1919 2146 1949; x_wconf 87' lang='lat' dir='ltr'>se</span> 
     </span>
     <span class='ocr_line' id='line_1_125' title="bbox 1162 1957 2145 2004; baseline -0.002 -10"><span class='ocrx_word' id='word_1_1137' title='bbox 1162 1963 1207 2003; x_wconf 87' lang='lat' dir='ltr'>jus</span> <span class='ocrx_word' id='word_1_1138' title='bbox 1217 1973 1281 1994; x_wconf 90' lang='lat' dir='ltr'>non</span> <span class='ocrx_word' id='word_1_1139' title='bbox 1292 1963 1400 1994; x_wconf 83' lang='lat' dir='ltr'>habere</span> <span class='ocrx_word' id='word_1_1140' title='bbox 1412 1984 1422 1998; x_wconf 89' lang='lat'>,</span> <span class='ocrx_word' id='word_1_1141' title='bbox 1442 1963 1514 2004; x_wconf 82' lang='lat' dir='ltr'>glos.</span> <span class='ocrx_word' id='word_1_1142' title='bbox 1530 1973 1554 1994; x_wconf 87' lang='lat' dir='ltr'>t.</span> <span class='ocrx_word' id='word_1_1143' title='bbox 1564 1966 1596 1994; x_wconf 71' lang='lat' dir='ltr'>in</span> <span class='ocrx_word' id='word_1_1144' title='bbox 1607 1964 1626 1994; x_wconf 83' lang='lat' dir='ltr'>l.</span> <span class='ocrx_word' id='word_1_1145' title='bbox 1640 1965 1718 1995; x_wconf 83' lang='lat' dir='ltr'>Eum</span> <span class='ocrx_word' id='word_1_1146' title='bbox 1729 1973 1810 2000; x_wconf 73' lang='lat' dir='ltr'>quem</span> <span class='ocrx_word' id='word_1_1147' title='bbox 1818 1957 1928 1994; x_wconf 60' lang='lat' dir='ltr'>temer&amp;</span> <span class='ocrx_word' id='word_1_1148' title='bbox 1937 1982 1947 1996; x_wconf 91' lang='lat'>,</span> <span class='ocrx_word' id='word_1_1149' title='bbox 1959 1959 1998 2003; x_wconf 89' lang='lat' dir='ltr'>ff.</span> <span class='ocrx_word' id='word_1_1150' title='bbox 2010 1965 2046 1992; x_wconf 75' lang='lat' dir='ltr'>ae</span> <span class='ocrx_word' id='word_1_1151' title='bbox 2055 1961 2145 2000; x_wconf 73' lang='lat' dir='ltr'>judic.</span> 
     </span>
     <span class='ocr_line' id='line_1_126' title="bbox 1162 2005 2148 2048; baseline -0.001 -11"><span class='ocrx_word' id='word_1_1152' title='bbox 1162 2007 1243 2037; x_wconf 85' lang='lat' dir='ltr'>Item</span> <span class='ocrx_word' id='word_1_1153' title='bbox 1253 2016 1287 2037; x_wconf 89' lang='lat' dir='ltr'>ut</span> <span class='ocrx_word' id='word_1_1154' title='bbox 1297 2009 1399 2048; x_wconf 88' lang='lat' dir='ltr'>inquit</span> <span class='ocrx_word' id='word_1_1155' title='bbox 1407 2005 1918 2047; x_wconf 74' lang='lat' dir='ltr'>Arist-lib.Rhetor.litigantisn&#39;ihil</span> <span class='ocrx_word' id='word_1_1156' title='bbox 1930 2006 2038 2039; x_wconf 72' lang='lat' dir='ltr'>esl‚nisi</span> <span class='ocrx_word' id='word_1_1157' title='bbox 2049 2007 2148 2036; x_wconf 80' lang='lat' dir='ltr'>oslen-</span> 
     </span>
     <span class='ocr_line' id='line_1_127' title="bbox 1160 2048 2147 2090; baseline 0 -10"><span class='ocrx_word' id='word_1_1158' title='bbox 1160 2051 1230 2080; x_wconf 87' lang='lat' dir='ltr'>dere</span> <span class='ocrx_word' id='word_1_1159' title='bbox 1241 2051 1315 2090; x_wconf 88' lang='lat' dir='ltr'>quia</span> <span class='ocrx_word' id='word_1_1160' title='bbox 1326 2060 1373 2080; x_wconf 92' lang='lat' dir='ltr'>res</span> <span class='ocrx_word' id='word_1_1161' title='bbox 1382 2052 1433 2083; x_wconf 78' lang='lat' dir='ltr'>cll,</span> <span class='ocrx_word' id='word_1_1162' title='bbox 1448 2051 1493 2080; x_wconf 88' lang='lat' dir='ltr'>vel</span> <span class='ocrx_word' id='word_1_1163' title='bbox 1508 2050 1633 2084; x_wconf 81' lang='lat' dir='ltr'>non-est,</span> <span class='ocrx_word' id='word_1_1164' title='bbox 1647 2051 1692 2081; x_wconf 83' lang='lat' dir='ltr'>vel</span> <span class='ocrx_word' id='word_1_1165' title='bbox 1703 2052 1776 2090; x_wconf 85' lang='lat' dir='ltr'>quia</span> <span class='ocrx_word' id='word_1_1166' title='bbox 1786 2048 1867 2080; x_wconf 60' lang='lat' dir='ltr'>faeta</span> <span class='ocrx_word' id='word_1_1167' title='bbox 1876 2049 1977 2083; x_wconf 77' lang='lat' dir='ltr'>est,vel</span> <span class='ocrx_word' id='word_1_1168' title='bbox 1989 2059 2052 2079; x_wconf 90' lang='lat' dir='ltr'>non</span> <span class='ocrx_word' id='word_1_1169' title='bbox 2066 2048 2147 2080; x_wconf 66' lang='lat' dir='ltr'>faeta</span> 
     </span>
     <span class='ocr_line' id='line_1_128' title="bbox 1159 2091 2145 2133; baseline -0.001 -10"><span class='ocrx_word' id='word_1_1170' title='bbox 1159 2092 1200 2123; x_wconf 83' lang='lat' dir='ltr'>est</span> <span class='ocrx_word' id='word_1_1171' title='bbox 1212 2104 1218 2122; x_wconf 77' lang='lat' dir='ltr'><em>z</em></span> <span class='ocrx_word' id='word_1_1172' title='bbox 1243 2102 1346 2133; x_wconf 72' lang='lat' dir='ltr'>utrum</span> <span class='ocrx_word' id='word_1_1173' title='bbox 1357 2103 1463 2124; x_wconf 87' lang='lat' dir='ltr'>autem</span> <span class='ocrx_word' id='word_1_1174' title='bbox 1475 2093 1510 2124; x_wconf 85' lang='lat' dir='ltr'>sit</span> <span class='ocrx_word' id='word_1_1175' title='bbox 1520 2093 1613 2133; x_wconf 84' lang='lat' dir='ltr'>justa,</span> <span class='ocrx_word' id='word_1_1176' title='bbox 1625 2094 1671 2124; x_wconf 88' lang='lat' dir='ltr'>vel</span> <span class='ocrx_word' id='word_1_1177' title='bbox 1686 2093 1793 2133; x_wconf 82' lang='lat' dir='ltr'>injusta</span> <span class='ocrx_word' id='word_1_1178' title='bbox 1804 2113 1813 2127; x_wconf 88' lang='lat'>,</span> <span class='ocrx_word' id='word_1_1179' title='bbox 1824 2100 1947 2132; x_wconf 86' lang='lat' dir='ltr'>oportet</span> <span class='ocrx_word' id='word_1_1180' title='bbox 1957 2091 2056 2132; x_wconf 84' lang='lat' dir='ltr'>ipsum</span> <span class='ocrx_word' id='word_1_1181' title='bbox 2066 2092 2145 2132; x_wconf 77' lang='lat' dir='ltr'>judi-</span> 
     </span>
     <span class='ocr_line' id='line_1_129' title="bbox 1159 2135 2143 2176; baseline 0 -11"><span class='ocrx_word' id='word_1_1182' title='bbox 1159 2145 1227 2166; x_wconf 86' lang='lat' dir='ltr'>cem</span> <span class='ocrx_word' id='word_1_1183' title='bbox 1249 2135 1455 2176; x_wconf 77' lang='lat' dir='ltr'>cognoscere,</span> <span class='ocrx_word' id='word_1_1184' title='bbox 1477 2138 1510 2167; x_wconf 86' lang='lat'>&amp;</span> <span class='ocrx_word' id='word_1_1185' title='bbox 1531 2147 1594 2167; x_wconf 91' lang='lat' dir='ltr'>non</span> <span class='ocrx_word' id='word_1_1186' title='bbox 1616 2138 1732 2167; x_wconf 84' lang='lat' dir='ltr'>discere</span> <span class='ocrx_word' id='word_1_1187' title='bbox 1752 2135 1769 2167; x_wconf 83' lang='lat' dir='ltr'>a</span> <span class='ocrx_word' id='word_1_1188' title='bbox 1790 2136 1984 2176; x_wconf 79' lang='lat' dir='ltr'>litigantibus</span> <span class='ocrx_word' id='word_1_1189' title='bbox 2005 2157 2012 2164; x_wconf 92' lang='lat'>.</span> <span class='ocrx_word' id='word_1_1190' title='bbox 2036 2135 2143 2175; x_wconf 82' lang='lat' dir='ltr'>Itaque</span> 
     </span>
     <span class='ocr_line' id='line_1_130' title="bbox 1159 2178 2143 2220; baseline -0.001 -11"><span class='ocrx_word' id='word_1_1191' title='bbox 1159 2180 1305 2209; x_wconf 85' lang='lat' dir='ltr'>advocati</span> <span class='ocrx_word' id='word_1_1192' title='bbox 1325 2189 1382 2210; x_wconf 88' lang='lat' dir='ltr'>nec</span> <span class='ocrx_word' id='word_1_1193' title='bbox 1402 2178 1585 2210; x_wconf 83' lang='lat' dir='ltr'>sententiam</span> <span class='ocrx_word' id='word_1_1194' title='bbox 1599 2179 1775 2220; x_wconf 82' lang='lat' dir='ltr'>proferunt,</span> <span class='ocrx_word' id='word_1_1195' title='bbox 1798 2189 1854 2209; x_wconf 91' lang='lat' dir='ltr'>nec</span> <span class='ocrx_word' id='word_1_1196' title='bbox 1873 2178 2008 2219; x_wconf 82' lang='lat' dir='ltr'>judicem</span> <span class='ocrx_word' id='word_1_1197' title='bbox 2025 2187 2143 2219; x_wconf 87' lang='lat' dir='ltr'>cogunt</span> 
     </span>
     <span class='ocr_line' id='line_1_131' title="bbox 1161 2220 2144 2263; baseline 0 -12"><span class='ocrx_word' id='word_1_1198' title='bbox 1161 2220 1296 2261; x_wconf 87' lang='lat' dir='ltr'>proferre</span> <span class='ocrx_word' id='word_1_1199' title='bbox 1307 2243 1316 2257; x_wconf 88' lang='lat'>,</span> <span class='ocrx_word' id='word_1_1200' title='bbox 1329 2222 1376 2253; x_wconf 85' lang='lat' dir='ltr'>sed</span> <span class='ocrx_word' id='word_1_1201' title='bbox 1388 2222 1512 2253; x_wconf 73' lang='lat' dir='ltr'>tantum</span> <span class='ocrx_word' id='word_1_1202' title='bbox 1524 2232 1700 2263; x_wconf 90' lang='lat' dir='ltr'>proponunt</span> <span class='ocrx_word' id='word_1_1203' title='bbox 1711 2233 1795 2263; x_wconf 64' lang='lat' dir='ltr'>,quae</span> <span class='ocrx_word' id='word_1_1204' title='bbox 1806 2221 1850 2253; x_wconf 78' lang='lat' dir='ltr'>sui</span> <span class='ocrx_word' id='word_1_1205' title='bbox 1860 2223 2000 2252; x_wconf 87' lang='lat' dir='ltr'>clientuli</span> <span class='ocrx_word' id='word_1_1206' title='bbox 2013 2221 2057 2261; x_wconf 84' lang='lat' dir='ltr'>jus</span> <span class='ocrx_word' id='word_1_1207' title='bbox 2069 2231 2144 2252; x_wconf 91' lang='lat' dir='ltr'>con-</span> 
     </span>
     <span class='ocr_line' id='line_1_132' title="bbox 1159 2264 2143 2308; baseline -0.002 -13"><span class='ocrx_word' id='word_1_1208' title='bbox 1159 2265 1281 2296; x_wconf 83' lang='lat' dir='ltr'>firmare</span> <span class='ocrx_word' id='word_1_1209' title='bbox 1293 2266 1432 2305; x_wconf 80' lang='lat' dir='ltr'>possunt3</span> <span class='ocrx_word' id='word_1_1210' title='bbox 1454 2276 1521 2306; x_wconf 76' lang='lat' dir='ltr'>quae</span> <span class='ocrx_word' id='word_1_1211' title='bbox 1533 2275 1701 2306; x_wconf 86' lang='lat' dir='ltr'>proponere</span> <span class='ocrx_word' id='word_1_1212' title='bbox 1714 2266 1808 2308; x_wconf 89' lang='lat' dir='ltr'>judici</span> <span class='ocrx_word' id='word_1_1213' title='bbox 1822 2268 1853 2295; x_wconf 90' lang='lat' dir='ltr'>in</span> <span class='ocrx_word' id='word_1_1214' title='bbox 1873 2264 1961 2295; x_wconf 79' lang='lat' dir='ltr'>eausa</span> <span class='ocrx_word' id='word_1_1215' title='bbox 1971 2265 2064 2295; x_wconf 85' lang='lat' dir='ltr'>dubia</span> <span class='ocrx_word' id='word_1_1216' title='bbox 2080 2274 2143 2293; x_wconf 93' lang='lat' dir='ltr'>non</span> 
     </span>
     <span class='ocr_line' id='line_1_133' title="bbox 1158 2306 2142 2349; baseline -0.003 -11"><span class='ocrx_word' id='word_1_1217' title='bbox 1158 2308 1198 2338; x_wconf 76' lang='lat' dir='ltr'>est</span> <span class='ocrx_word' id='word_1_1218' title='bbox 1209 2308 1356 2348; x_wconf 85' lang='lat' dir='ltr'>injustum</span> <span class='ocrx_word' id='word_1_1219' title='bbox 1367 2330 1376 2342; x_wconf 93' lang='lat'>,</span> <span class='ocrx_word' id='word_1_1220' title='bbox 1398 2310 1576 2340; x_wconf 85' lang='lat' dir='ltr'>&amp;multum</span> <span class='ocrx_word' id='word_1_1221' title='bbox 1586 2309 1720 2349; x_wconf 81' lang='lat' dir='ltr'>prodess&#39;e</span> <span class='ocrx_word' id='word_1_1222' title='bbox 1733 2309 1846 2349; x_wconf 87' lang='lat' dir='ltr'>potest,</span> <span class='ocrx_word' id='word_1_1223' title='bbox 1869 2317 1903 2339; x_wconf 79' lang='lat' dir='ltr'>iit</span> <span class='ocrx_word' id='word_1_1224' title='bbox 1919 2319 1934 2337; x_wconf 73' lang='lat' dir='ltr'>a</span> <span class='ocrx_word' id='word_1_1225' title='bbox 1945 2308 2043 2347; x_wconf 85' lang='lat' dir='ltr'>judice</span> <span class='ocrx_word' id='word_1_1226' title='bbox 2053 2306 2142 2336; x_wconf 76' lang='lat' dir='ltr'>causa</span> 
     </span>
     <span class='ocr_line' id='line_1_134' title="bbox 1158 2349 2140 2394; baseline -0.004 -13"><span class='ocrx_word' id='word_1_1227' title='bbox 1158 2350 1267 2381; x_wconf 74' lang='lat' dir='ltr'>melitis</span> <span class='ocrx_word' id='word_1_1228' title='bbox 1278 2352 1707 2394; x_wconf 73' lang='lat' dir='ltr'>expendatui·,c.Judicantem</span> <span class='ocrx_word' id='word_1_1229' title='bbox 1720 2349 1860 2392; x_wconf 75' lang='lat' dir='ltr'>30.quaest.</span> <span class='ocrx_word' id='word_1_1230' title='bbox 1873 2351 1927 2381; x_wconf 80' lang='lat' dir='ltr'>ult.</span> <span class='ocrx_word' id='word_1_1231' title='bbox 1938 2349 2021 2389; x_wconf 77' lang='lat' dir='ltr'>glosl&#39;.</span> <span class='ocrx_word' id='word_1_1232' title='bbox 2037 2360 2062 2378; x_wconf 74' lang='lat'>2.</span> <span class='ocrx_word' id='word_1_1233' title='bbox 2074 2359 2140 2379; x_wconf 71' lang='lat' dir='ltr'>mc.</span> 
     </span>
     <span class='ocr_line' id='line_1_135' title="bbox 1158 2390 2141 2433; baseline -0.004 -9"><span class='ocrx_word' id='word_1_1234' title='bbox 1158 2396 1282 2425; x_wconf 83' lang='lat' dir='ltr'>Graves</span> <span class='ocrx_word' id='word_1_1235' title='bbox 1295 2403 1338 2433; x_wconf 80' lang='lat'>35.</span> <span class='ocrx_word' id='word_1_1236' title='bbox 1350 2405 1395 2432; x_wconf 74' lang='lat' dir='ltr'>qu.</span> <span class='ocrx_word' id='word_1_1237' title='bbox 1410 2405 1439 2430; x_wconf 84' lang='lat'>9.</span> <span class='ocrx_word' id='word_1_1238' title='bbox 1450 2394 1524 2426; x_wconf 65' lang='lat' dir='ltr'>esim</span> <span class='ocrx_word' id='word_1_1239' title='bbox 1545 2390 1707 2426; x_wconf 69' lang='lat' dir='ltr'>causar&#39;um</span> <span class='ocrx_word' id='word_1_1240' title='bbox 1718 2395 1829 2426; x_wconf 89' lang='lat' dir='ltr'>merita</span> <span class='ocrx_word' id='word_1_1241' title='bbox 1838 2395 1972 2433; x_wconf 82' lang='lat' dir='ltr'>partium</span> <span class='ocrx_word' id='word_1_1242' title='bbox 1982 2391 2141 2421; x_wconf 68' lang='lat' dir='ltr'>assertione</span> 
     </span>
     <span class='ocr_line' id='line_1_136' title="bbox 1158 2434 2140 2480; baseline -0.002 -13"><span class='ocrx_word' id='word_1_1243' title='bbox 1158 2439 1350 2477; x_wconf 82' lang='lat' dir='ltr'>pandantur,</span> <span class='ocrx_word' id='word_1_1244' title='bbox 1362 2437 1445 2480; x_wconf 82' lang='lat' dir='ltr'><em>l.fin.</em></span> <span class='ocrx_word' id='word_1_1245' title='bbox 1457 2438 1679 2480; x_wconf 79' lang='lat' dir='ltr'>C.fipervim,</span> <span class='ocrx_word' id='word_1_1246' title='bbox 1689 2438 1740 2468; x_wconf 82' lang='lat' dir='ltr'>vel</span> <span class='ocrx_word' id='word_1_1247' title='bbox 1749 2438 1810 2467; x_wconf 62' lang='lat' dir='ltr'>alio</span> <span class='ocrx_word' id='word_1_1248' title='bbox 1820 2435 1919 2466; x_wconf 71' lang='lat' dir='ltr'>modo.</span> <span class='ocrx_word' id='word_1_1249' title='bbox 1935 2434 1971 2464; x_wconf 74' lang='lat' dir='ltr'>Et</span> <span class='ocrx_word' id='word_1_1250' title='bbox 1982 2434 2140 2474; x_wconf 70' lang='lat' dir='ltr'>propterea</span> 
     </span>
     <span class='ocr_line' id='line_1_137' title="bbox 1157 2475 2141 2519; baseline -0.003 -9"><span class='ocrx_word' id='word_1_1251' title='bbox 1157 2481 1248 2511; x_wconf 83' lang='lat' dir='ltr'>verba</span> <span class='ocrx_word' id='word_1_1252' title='bbox 1267 2482 1316 2511; x_wconf 86' lang='lat' dir='ltr'>illa</span> <span class='ocrx_word' id='word_1_1253' title='bbox 1326 2491 1400 2512; x_wconf 80' lang='lat' dir='ltr'>text.</span> <span class='ocrx_word' id='word_1_1254' title='bbox 1416 2479 1596 2514; x_wconf 79' lang='lat' dir='ltr'>Advocati,</span> <span class='ocrx_word' id='word_1_1255' title='bbox 1618 2482 1667 2516; x_wconf 70' lang='lat' dir='ltr'>qui</span> <span class='ocrx_word' id='word_1_1256' title='bbox 1682 2480 1830 2511; x_wconf 78' lang='lat' dir='ltr'>dirimunt</span> <span class='ocrx_word' id='word_1_1257' title='bbox 1839 2476 1978 2515; x_wconf 68' lang='lat' dir='ltr'>ambigua</span> <span class='ocrx_word' id='word_1_1258' title='bbox 1989 2475 2063 2519; x_wconf 78' lang='lat' dir='ltr'>fata</span> <span class='ocrx_word' id='word_1_1259' title='bbox 2072 2488 2141 2508; x_wconf 72' lang='lat' dir='ltr'>mu-</span> 
     </span>
     <span class='ocr_line' id='line_1_138' title="bbox 1150 2520 2139 2564; baseline -0.005 -10"><span class='ocrx_word' id='word_1_1260' title='bbox 1150 2522 1256 2562; x_wconf 75' lang='lat' dir='ltr'>sarum</span> <span class='ocrx_word' id='word_1_1261' title='bbox 1271 2544 1280 2557; x_wconf 89' lang='lat'>,</span> <span class='ocrx_word' id='word_1_1262' title='bbox 1300 2524 1362 2555; x_wconf 60' lang='lat' dir='ltr'>&amp;c-</span> <span class='ocrx_word' id='word_1_1263' title='bbox 1372 2524 1455 2564; x_wconf 73' lang='lat' dir='ltr'>gloss.</span> <span class='ocrx_word' id='word_1_1264' title='bbox 1465 2525 1592 2562; x_wconf 85' lang='lat' dir='ltr'>exponit</span> <span class='ocrx_word' id='word_1_1265' title='bbox 1609 2525 1734 2555; x_wconf 83' lang='lat' dir='ltr'>dicens,</span> <span class='ocrx_word' id='word_1_1266' title='bbox 1749 2521 1901 2552; x_wconf 84' lang='lat' dir='ltr'>dirimunt</span> <span class='ocrx_word' id='word_1_1267' title='bbox 1913 2541 1922 2554; x_wconf 88' lang='lat'>,</span> <span class='ocrx_word' id='word_1_1268' title='bbox 1940 2522 1969 2550; x_wconf 92' lang='lat' dir='ltr'>id</span> <span class='ocrx_word' id='word_1_1269' title='bbox 1979 2520 2017 2550; x_wconf 81' lang='lat' dir='ltr'>cll</span> <span class='ocrx_word' id='word_1_1270' title='bbox 2030 2523 2139 2550; x_wconf 66' lang='lat' dir='ltr'>dicunt</span> 
     </span>
     <span class='ocr_line' id='line_1_139' title="bbox 1155 2562 2138 2606; baseline -0.002 -10"><span class='ocrx_word' id='word_1_1271' title='bbox 1155 2577 1190 2596; x_wconf 77' lang='lat' dir='ltr'>ca</span> <span class='ocrx_word' id='word_1_1272' title='bbox 1200 2587 1208 2600; x_wconf 83' lang='lat'>,</span> <span class='ocrx_word' id='word_1_1273' title='bbox 1233 2576 1355 2606; x_wconf 89' lang='lat' dir='ltr'>propter</span> <span class='ocrx_word' id='word_1_1274' title='bbox 1365 2575 1432 2606; x_wconf 68' lang='lat' dir='ltr'>quat</span> <span class='ocrx_word' id='word_1_1275' title='bbox 1442 2567 1631 2596; x_wconf 86' lang='lat' dir='ltr'>dirimuntur</span> <span class='ocrx_word' id='word_1_1276' title='bbox 1646 2576 1652 2594; x_wconf 82' lang='lat' dir='ltr'><em>z</em></span> <span class='ocrx_word' id='word_1_1277' title='bbox 1673 2564 1808 2604; x_wconf 86' lang='lat' dir='ltr'>namipsi</span> <span class='ocrx_word' id='word_1_1278' title='bbox 1821 2574 1884 2594; x_wconf 90' lang='lat' dir='ltr'>non</span> <span class='ocrx_word' id='word_1_1279' title='bbox 1895 2565 2066 2596; x_wconf 85' lang='lat' dir='ltr'>dirimunt,</span> <span class='ocrx_word' id='word_1_1280' title='bbox 2090 2562 2138 2594; x_wconf 85' lang='lat' dir='ltr'>sed</span> 
     </span>
     <span class='ocr_line' id='line_1_140' title="bbox 1154 2605 2137 2650; baseline -0.004 -11"><span class='ocrx_word' id='word_1_1281' title='bbox 1154 2609 1244 2650; x_wconf 86' lang='lat' dir='ltr'>judex</span> <span class='ocrx_word' id='word_1_1282' title='bbox 1257 2631 1264 2638; x_wconf 92' lang='lat'><strong><em>.</em></strong></span> <span class='ocrx_word' id='word_1_1283' title='bbox 1283 2609 1321 2640; x_wconf 83' lang='lat' dir='ltr'>Et</span> <span class='ocrx_word' id='word_1_1284' title='bbox 1332 2611 1363 2639; x_wconf 90' lang='lat' dir='ltr'>in</span> <span class='ocrx_word' id='word_1_1285' title='bbox 1375 2618 1439 2639; x_wconf 84' lang='lat' dir='ltr'>ver.</span> <span class='ocrx_word' id='word_1_1286' title='bbox 1455 2607 1552 2648; x_wconf 75' lang='lat' dir='ltr'>lapsa,</span> <span class='ocrx_word' id='word_1_1287' title='bbox 1562 2607 1640 2638; x_wconf 86' lang='lat' dir='ltr'>dicit</span> <span class='ocrx_word' id='word_1_1288' title='bbox 1650 2626 1659 2641; x_wconf 92' lang='lat'>,</span> <span class='ocrx_word' id='word_1_1289' title='bbox 1669 2605 1790 2638; x_wconf 82' lang='lat' dir='ltr'>causam</span> <span class='ocrx_word' id='word_1_1290' title='bbox 1800 2607 1864 2648; x_wconf 87' lang='lat' dir='ltr'>ejus</span> <span class='ocrx_word' id='word_1_1291' title='bbox 1874 2608 1943 2646; x_wconf 83' lang='lat' dir='ltr'>‚qui</span> <span class='ocrx_word' id='word_1_1292' title='bbox 1954 2605 2137 2636; x_wconf 79' lang='lat' dir='ltr'>sententiam</span> 
     </span>
     <span class='ocr_line' id='line_1_141' title="bbox 1155 2649 2135 2699; baseline -0.002 -17"><span class='ocrx_word' id='word_1_1293' title='bbox 1155 2654 1347 2683; x_wconf 80' lang='lat' dir='ltr'>contrariam</span> <span class='ocrx_word' id='word_1_1294' title='bbox 1358 2651 1578 2691; x_wconf 81' lang='lat' dir='ltr'>reportavitob</span> <span class='ocrx_word' id='word_1_1295' title='bbox 1587 2650 1710 2681; x_wconf 75' lang='lat' dir='ltr'>omissas</span> <span class='ocrx_word' id='word_1_1296' title='bbox 1724 2650 1795 2690; x_wconf 85' lang='lat' dir='ltr'>juris</span> <span class='ocrx_word' id='word_1_1297' title='bbox 1815 2649 2034 2699; x_wconf 48' lang='lat' dir='ltr'>allegatiogies,</span> <span class='ocrx_word' id='word_1_1298' title='bbox 2058 2649 2135 2688; x_wconf 85' lang='lat' dir='ltr'>post-</span> 
     </span>
    </p>
   </div>
   <div class='ocr_carea' id='block_1_13' title="bbox 1154 2691 2198 2733">
    <p class='ocr_par' dir='ltr' id='par_1_18' title="bbox 1154 2691 2198 2733">
     <span class='ocr_line' id='line_1_142' title="bbox 1154 2691 2198 2733; baseline -0.007 -7"><span class='ocrx_word' id='word_1_1299' title='bbox 1154 2697 1282 2726; x_wconf 89' lang='lat' dir='ltr'>modum</span> <span class='ocrx_word' id='word_1_1300' title='bbox 1292 2695 1451 2726; x_wconf 87' lang='lat' dir='ltr'>instaurari</span> <span class='ocrx_word' id='word_1_1301' title='bbox 1463 2704 1513 2733; x_wconf 90' lang='lat' dir='ltr'>per</span> <span class='ocrx_word' id='word_1_1302' title='bbox 1524 2695 1667 2725; x_wconf 82' lang='lat' dir='ltr'>advocati</span> <span class='ocrx_word' id='word_1_1303' title='bbox 1678 2693 1856 2724; x_wconf 81' lang='lat' dir='ltr'>industriam</span> <span class='ocrx_word' id='word_1_1304' title='bbox 1870 2714 1875 2721; x_wconf 94' lang='lat'>.</span> <span class='ocrx_word' id='word_1_1305' title='bbox 1887 2693 1935 2723; x_wconf 90' lang='lat' dir='ltr'>Ad</span> <span class='ocrx_word' id='word_1_1306' title='bbox 1948 2691 2011 2722; x_wconf 80' lang='lat' dir='ltr'>haec</span> <span class='ocrx_word' id='word_1_1307' title='bbox 2021 2691 2079 2722; x_wconf 82' lang='lat' dir='ltr'>nisi</span> <span class='ocrx_word' id='word_1_1308' title='bbox 2089 2695 2139 2723; x_wconf 67' lang='lat' dir='ltr'>ad»</span> <span class='ocrx_word' id='word_1_1309' title='bbox 2164 2703 2198 2724; x_wconf 59' lang='lat' dir='ltr'>a„</span> 
     </span>
    </p>
   </div>
   <div class='ocr_carea' id='block_1_14' title="bbox 1149 2734 2135 3340">
    <p class='ocr_par' dir='ltr' id='par_1_19' title="bbox 1149 2734 2135 3340">
     <span class='ocr_line' id='line_1_143' title="bbox 1155 2734 2135 2776; baseline -0.003 -7"><span class='ocrx_word' id='word_1_1310' title='bbox 1155 2748 1269 2769; x_wconf 87' lang='lat' dir='ltr'>vocato</span> <span class='ocrx_word' id='word_1_1311' title='bbox 1279 2739 1385 2769; x_wconf 87' lang='lat' dir='ltr'>liceret</span> <span class='ocrx_word' id='word_1_1312' title='bbox 1393 2736 1550 2769; x_wconf 89' lang='lat' dir='ltr'>consulere</span> <span class='ocrx_word' id='word_1_1313' title='bbox 1561 2736 1594 2767; x_wconf 91' lang='lat' dir='ltr'>in</span> <span class='ocrx_word' id='word_1_1314' title='bbox 1604 2735 1694 2767; x_wconf 84' lang='lat' dir='ltr'>eausa</span> <span class='ocrx_word' id='word_1_1315' title='bbox 1704 2737 1795 2766; x_wconf 86' lang='lat' dir='ltr'>dubia</span> <span class='ocrx_word' id='word_1_1316' title='bbox 1807 2756 1815 2770; x_wconf 94' lang='lat'>,</span> <span class='ocrx_word' id='word_1_1317' title='bbox 1827 2735 2000 2776; x_wconf 81' lang='lat' dir='ltr'>sequeretur</span> <span class='ocrx_word' id='word_1_1318' title='bbox 2008 2754 2021 2768; x_wconf 85' lang='lat'>,</span> <span class='ocrx_word' id='word_1_1319' title='bbox 2031 2745 2064 2765; x_wconf 88' lang='lat' dir='ltr'>ut</span> <span class='ocrx_word' id='word_1_1320' title='bbox 2074 2734 2135 2766; x_wconf 72' lang='lat' dir='ltr'>sere</span> 
     </span>
     <span class='ocr_line' id='line_1_144' title="bbox 1155 2777 2135 2819; baseline -0.004 -7"><span class='ocrx_word' id='word_1_1321' title='bbox 1155 2781 1240 2812; x_wconf 88' lang='lat' dir='ltr'>nullo</span> <span class='ocrx_word' id='word_1_1322' title='bbox 1251 2779 1321 2812; x_wconf 86' lang='lat' dir='ltr'>casu</span> <span class='ocrx_word' id='word_1_1323' title='bbox 1330 2782 1432 2811; x_wconf 75' lang='lat' dir='ltr'>eidem</span> <span class='ocrx_word' id='word_1_1324' title='bbox 1443 2781 1547 2811; x_wconf 89' lang='lat' dir='ltr'>liceret</span> <span class='ocrx_word' id='word_1_1325' title='bbox 1563 2781 1760 2819; x_wconf 86' lang='lat' dir='ltr'>patrocinari,</span> <span class='ocrx_word' id='word_1_1326' title='bbox 1769 2781 1800 2809; x_wconf 61' lang='grc' dir='ltr'>ὅς</span> <span class='ocrx_word' id='word_1_1327' title='bbox 1814 2778 1958 2818; x_wconf 76' lang='lat' dir='ltr'>supprimi</span> <span class='ocrx_word' id='word_1_1328' title='bbox 1968 2778 2083 2817; x_wconf 79' lang='lat' dir='ltr'>possent</span> <span class='ocrx_word' id='word_1_1329' title='bbox 2093 2777 2135 2809; x_wconf 42' lang='lat' dir='ltr'>fe„</span> 
     </span>
     <span class='ocr_line' id='line_1_145' title="bbox 1154 2820 2134 2862; baseline -0.003 -8"><span class='ocrx_word' id='word_1_1330' title='bbox 1154 2824 1184 2855; x_wconf 67' lang='lat' dir='ltr'>rc</span> <span class='ocrx_word' id='word_1_1331' title='bbox 1196 2823 1336 2854; x_wconf 87' lang='lat' dir='ltr'>universa</span> <span class='ocrx_word' id='word_1_1332' title='bbox 1344 2823 1426 2855; x_wconf 89' lang='lat' dir='ltr'>orbis</span> <span class='ocrx_word' id='word_1_1333' title='bbox 1437 2823 1602 2856; x_wconf 80' lang='lat' dir='ltr'>tribunalia</span> <span class='ocrx_word' id='word_1_1334' title='bbox 1616 2832 1624 2857; x_wconf 80' lang='lat'><em>3</em></span> <span class='ocrx_word' id='word_1_1335' title='bbox 1645 2822 1820 2862; x_wconf 86' lang='lat' dir='ltr'>plerumque</span> <span class='ocrx_word' id='word_1_1336' title='bbox 1831 2823 1918 2852; x_wconf 85' lang='lat' dir='ltr'>enim</span> <span class='ocrx_word' id='word_1_1337' title='bbox 1934 2831 1997 2852; x_wconf 87' lang='lat' dir='ltr'>non</span> <span class='ocrx_word' id='word_1_1338' title='bbox 2008 2820 2134 2851; x_wconf 87' lang='lat' dir='ltr'>consue-</span> 
     </span>
     <span class='ocr_line' id='line_1_146' title="bbox 1154 2864 2134 2908; baseline -0.003 -11"><span class='ocrx_word' id='word_1_1339' title='bbox 1154 2869 1200 2897; x_wconf 89' lang='lat' dir='ltr'>vit</span> <span class='ocrx_word' id='word_1_1340' title='bbox 1210 2867 1325 2908; x_wconf 77' lang='lat' dir='ltr'>litigari</span> <span class='ocrx_word' id='word_1_1341' title='bbox 1337 2867 1393 2897; x_wconf 90' lang='lat' dir='ltr'>nisi</span> <span class='ocrx_word' id='word_1_1342' title='bbox 1403 2868 1440 2897; x_wconf 91' lang='lat' dir='ltr'>de</span> <span class='ocrx_word' id='word_1_1343' title='bbox 1448 2867 1537 2897; x_wconf 83' lang='lat' dir='ltr'>rebus</span> <span class='ocrx_word' id='word_1_1344' title='bbox 1545 2867 1646 2897; x_wconf 86' lang='lat' dir='ltr'>dubiis</span> <span class='ocrx_word' id='word_1_1345' title='bbox 1659 2885 1668 2898; x_wconf 84' lang='lat'>,</span> <span class='ocrx_word' id='word_1_1346' title='bbox 1689 2866 1723 2896; x_wconf 71' lang='grc' dir='ltr'>ὃ(</span> <span class='ocrx_word' id='word_1_1347' title='bbox 1733 2864 1893 2904; x_wconf 53' lang='lat' dir='ltr'>propterea</span> <span class='ocrx_word' id='word_1_1348' title='bbox 1907 2866 2044 2895; x_wconf 89' lang='lat' dir='ltr'>incertus</span> <span class='ocrx_word' id='word_1_1349' title='bbox 2054 2864 2134 2895; x_wconf 84' lang='lat' dir='ltr'>dici-</span> 
     </span>
     <span class='ocr_line' id='line_1_147' title="bbox 1154 2905 2133 2952; baseline -0.004 -11"><span class='ocrx_word' id='word_1_1350' title='bbox 1154 2920 1205 2941; x_wconf 84' lang='lat' dir='ltr'>tur</span> <span class='ocrx_word' id='word_1_1351' title='bbox 1221 2911 1283 2941; x_wconf 90' lang='lat' dir='ltr'>litis</span> <span class='ocrx_word' id='word_1_1352' title='bbox 1299 2919 1446 2943; x_wconf 89' lang='lat' dir='ltr'>eventus,</span> <span class='ocrx_word' id='word_1_1353' title='bbox 1467 2911 1489 2940; x_wconf 88' lang='lat' dir='ltr'>l.</span> <span class='ocrx_word' id='word_1_1354' title='bbox 1512 2907 1602 2952; x_wconf 65' lang='lat' dir='ltr'>Qgaeod</span> <span class='ocrx_word' id='word_1_1355' title='bbox 1619 2906 1758 2941; x_wconf 74' lang='lat' dir='ltr'>debetur,</span> <span class='ocrx_word' id='word_1_1356' title='bbox 1772 2905 1858 2948; x_wconf 77' lang='lat' dir='ltr'>ffa&#39;e</span> <span class='ocrx_word' id='word_1_1357' title='bbox 1869 2908 1965 2946; x_wconf 79' lang='lat' dir='ltr'>pecul.</span> <span class='ocrx_word' id='word_1_1358' title='bbox 1985 2906 2017 2939; x_wconf 68' lang='grc' dir='ltr'>δέ</span> <span class='ocrx_word' id='word_1_1359' title='bbox 2040 2906 2133 2938; x_wconf 77' lang='lat' dir='ltr'>causae</span> 
     </span>
     <span class='ocr_line' id='line_1_148' title="bbox 1153 2950 2130 2992; baseline -0.003 -9"><span class='ocrx_word' id='word_1_1360' title='bbox 1153 2955 1305 2983; x_wconf 82' lang='lat' dir='ltr'>terminus</span> <span class='ocrx_word' id='word_1_1361' title='bbox 1316 2952 1510 2983; x_wconf 83' lang='lat' dir='ltr'>manifestare</span> <span class='ocrx_word' id='word_1_1362' title='bbox 1521 2953 1650 2992; x_wconf 85' lang='lat' dir='ltr'>poterit,</span> <span class='ocrx_word' id='word_1_1363' title='bbox 1666 2952 1719 2990; x_wconf 84' lang='lat' dir='ltr'>qui</span> <span class='ocrx_word' id='word_1_1364' title='bbox 1730 2950 1889 2985; x_wconf 85' lang='lat' dir='ltr'>timidius,</span> <span class='ocrx_word' id='word_1_1365' title='bbox 1910 2953 2024 2991; x_wconf 83' lang='lat' dir='ltr'>quique</span> <span class='ocrx_word' id='word_1_1366' title='bbox 2037 2952 2130 2981; x_wconf 77' lang='lat' dir='ltr'>auda-</span> 
     </span>
     <span class='ocr_line' id='line_1_149' title="bbox 1153 2993 2130 3037; baseline -0.006 -10"><span class='ocrx_word' id='word_1_1367' title='bbox 1153 2998 1218 3027; x_wconf 90' lang='lat' dir='ltr'>cius</span> <span class='ocrx_word' id='word_1_1368' title='bbox 1228 2995 1381 3037; x_wconf 85' lang='lat' dir='ltr'>judicium</span> <span class='ocrx_word' id='word_1_1369' title='bbox 1390 2995 1437 3026; x_wconf 85' lang='lat' dir='ltr'>vel</span> <span class='ocrx_word' id='word_1_1370' title='bbox 1448 2994 1700 3035; x_wconf 87' lang='lat' dir='ltr'>reliquerunt,vel</span> <span class='ocrx_word' id='word_1_1371' title='bbox 1711 2993 1945 3033; x_wconf 62' lang='lat' dir='ltr'>protulerunud.</span> <span class='ocrx_word' id='word_1_1372' title='bbox 1956 2995 1978 3024; x_wconf 83' lang='lat' dir='ltr'>l.</span> <span class='ocrx_word' id='word_1_1373' title='bbox 1990 2996 2060 3025; x_wconf 83' lang='lat' dir='ltr'>Rem</span> <span class='ocrx_word' id='word_1_1374' title='bbox 2073 3003 2130 3023; x_wconf 79' lang='lat' dir='ltr'>non</span> 
     </span>
     <span class='ocr_line' id='line_1_150' title="bbox 1151 3035 2130 3076; baseline -0.005 -7"><span class='ocrx_word' id='word_1_1375' title='bbox 1151 3049 1264 3070; x_wconf 75' lang='lat' dir='ltr'>novam</span> <span class='ocrx_word' id='word_1_1376' title='bbox 1275 3039 1482 3075; x_wconf 71' lang='lat' dir='ltr'>§.Patroni‚C.</span> <span class='ocrx_word' id='word_1_1377' title='bbox 1493 3036 1529 3068; x_wconf 81' lang='lat' dir='ltr'>de</span> <span class='ocrx_word' id='word_1_1378' title='bbox 1537 3035 1627 3074; x_wconf 72' lang='lat' dir='ltr'>judic.</span> <span class='ocrx_word' id='word_1_1379' title='bbox 1639 3036 1677 3066; x_wconf 86' lang='lat' dir='ltr'>Et</span> <span class='ocrx_word' id='word_1_1380' title='bbox 1685 3035 1769 3076; x_wconf 73' lang='lat' dir='ltr'>gloss.</span> <span class='ocrx_word' id='word_1_1381' title='bbox 1780 3038 1814 3067; x_wconf 82' lang='lat' dir='ltr'>in</span> <span class='ocrx_word' id='word_1_1382' title='bbox 1823 3035 1851 3067; x_wconf 79' lang='lat' dir='ltr'>d.</span> <span class='ocrx_word' id='word_1_1383' title='bbox 1863 3037 1884 3067; x_wconf 89' lang='lat' dir='ltr'>l.</span> <span class='ocrx_word' id='word_1_1384' title='bbox 1897 3036 1953 3067; x_wconf 75' lang='lat' dir='ltr'>Ad</span> <span class='ocrx_word' id='word_1_1385' title='bbox 1960 3038 2068 3069; x_wconf 69' lang='lat' dir='ltr'>vocati,</span> <span class='ocrx_word' id='word_1_1386' title='bbox 2079 3045 2130 3065; x_wconf 60' lang='lat' dir='ltr'>ex«</span> 
     </span>
     <span class='ocr_line' id='line_1_151' title="bbox 1152 3077 2129 3122; baseline -0.005 -10"><span class='ocrx_word' id='word_1_1387' title='bbox 1152 3084 1240 3122; x_wconf 89' lang='lat' dir='ltr'>ponit</span> <span class='ocrx_word' id='word_1_1388' title='bbox 1258 3082 1350 3112; x_wconf 88' lang='lat' dir='ltr'>verba</span> <span class='ocrx_word' id='word_1_1389' title='bbox 1360 3081 1429 3115; x_wconf 89' lang='lat' dir='ltr'>illa,</span> <span class='ocrx_word' id='word_1_1390' title='bbox 1451 3079 1587 3117; x_wconf 78' lang='lat' dir='ltr'>ambigua</span> <span class='ocrx_word' id='word_1_1391' title='bbox 1597 3078 1692 3121; x_wconf 73' lang='lat' dir='ltr'>fata,</span> <span class='ocrx_word' id='word_1_1392' title='bbox 1712 3081 1744 3110; x_wconf 85' lang='lat' dir='ltr'>id</span> <span class='ocrx_word' id='word_1_1393' title='bbox 1761 3079 1801 3110; x_wconf 82' lang='lat' dir='ltr'>es&#39;t</span> <span class='ocrx_word' id='word_1_1394' title='bbox 1814 3080 1907 3110; x_wconf 83' lang='lat' dir='ltr'>fines.</span> <span class='ocrx_word' id='word_1_1395' title='bbox 1931 3079 2014 3110; x_wconf 80' lang='lat' dir='ltr'>Hinc</span> <span class='ocrx_word' id='word_1_1396' title='bbox 2025 3077 2129 3118; x_wconf 73' lang='lat' dir='ltr'>pamm</span> 
     </span>
     <span class='ocr_line' id='line_1_152' title="bbox 1151 3122 2128 3162; baseline -0.004 -8"><span class='ocrx_word' id='word_1_1397' title='bbox 1151 3125 1291 3155; x_wconf 84' lang='lat' dir='ltr'>videmus</span> <span class='ocrx_word' id='word_1_1398' title='bbox 1311 3123 1477 3154; x_wconf 89' lang='lat' dir='ltr'>sententias</span> <span class='ocrx_word' id='word_1_1399' title='bbox 1494 3124 1567 3153; x_wconf 83' lang='lat' dir='ltr'>latas</span> <span class='ocrx_word' id='word_1_1400' title='bbox 1583 3122 1617 3152; x_wconf 88' lang='lat' dir='ltr'>in</span> <span class='ocrx_word' id='word_1_1401' title='bbox 1634 3122 1895 3162; x_wconf 65' lang='lat' dir='ltr'>primaa‘instantia</span> <span class='ocrx_word' id='word_1_1402' title='bbox 1916 3124 2054 3153; x_wconf 74' lang='lat' dir='ltr'>revocari</span> <span class='ocrx_word' id='word_1_1403' title='bbox 2077 3129 2128 3159; x_wconf 84' lang='lat' dir='ltr'>per</span> 
     </span>
     <span class='ocr_line' id='line_1_153' title="bbox 1151 3163 2128 3208; baseline -0.005 -11"><span class='ocrx_word' id='word_1_1404' title='bbox 1151 3167 1267 3208; x_wconf 85' lang='lat' dir='ltr'>judices</span> <span class='ocrx_word' id='word_1_1405' title='bbox 1278 3166 1510 3206; x_wconf 83' lang='lat' dir='ltr'>appellationis,</span> <span class='ocrx_word' id='word_1_1406' title='bbox 1532 3166 1565 3196; x_wconf 90' lang='lat'>&amp;</span> <span class='ocrx_word' id='word_1_1407' title='bbox 1576 3165 1630 3196; x_wconf 87' lang='lat' dir='ltr'>has</span> <span class='ocrx_word' id='word_1_1408' title='bbox 1647 3164 1746 3196; x_wconf 87' lang='lat' dir='ltr'>rursus</span> <span class='ocrx_word' id='word_1_1409' title='bbox 1764 3165 1922 3196; x_wconf 66' lang='lat' dir='ltr'>retractari</span> <span class='ocrx_word' id='word_1_1410' title='bbox 1934 3167 1965 3195; x_wconf 83' lang='lat' dir='ltr'>in</span> <span class='ocrx_word' id='word_1_1411' title='bbox 1978 3174 2001 3204; x_wconf 86' lang='lat'>3.</span> <span class='ocrx_word' id='word_1_1412' title='bbox 2016 3163 2128 3193; x_wconf 75' lang='lat' dir='ltr'>&#39;instan-</span> 
     </span>
     <span class='ocr_line' id='line_1_154' title="bbox 1150 3206 2130 3243; baseline -0.004 -3"><span class='ocrx_word' id='word_1_1413' title='bbox 1150 3212 1213 3243; x_wconf 89' lang='lat' dir='ltr'>tia,</span> <span class='ocrx_word' id='word_1_1414' title='bbox 1236 3208 1445 3241; x_wconf 82' lang='lat' dir='ltr'>&amp;decisiones</span> <span class='ocrx_word' id='word_1_1415' title='bbox 1464 3206 1570 3239; x_wconf 78' lang='lat' dir='ltr'>crebro</span> <span class='ocrx_word' id='word_1_1416' title='bbox 1589 3209 1720 3239; x_wconf 84' lang='lat' dir='ltr'>variari.</span> <span class='ocrx_word' id='word_1_1417' title='bbox 1744 3208 1790 3239; x_wconf 84' lang='lat' dir='ltr'>Ad</span> <span class='ocrx_word' id='word_1_1418' title='bbox 1801 3209 1860 3239; x_wconf 86' lang='lat' dir='ltr'>hoc</span> <span class='ocrx_word' id='word_1_1419' title='bbox 1879 3220 1902 3239; x_wconf 88' lang='lat' dir='ltr'>c.</span> <span class='ocrx_word' id='word_1_1420' title='bbox 1924 3208 1991 3236; x_wconf 77' lang='lat' dir='ltr'>Nec</span> <span class='ocrx_word' id='word_1_1421' title='bbox 2002 3216 2130 3240; x_wconf 65' lang='lat' dir='ltr'>novum,</span> 
     </span>
     <span class='ocr_line' id='line_1_155' title="bbox 1149 3248 2129 3294; baseline -0.004 -11"><span class='ocrx_word' id='word_1_1422' title='bbox 1149 3255 1183 3284; x_wconf 64' lang='grc' dir='ltr'>ὃς</span> <span class='ocrx_word' id='word_1_1423' title='bbox 1194 3252 1237 3283; x_wconf 85' lang='lat' dir='ltr'>ibi</span> <span class='ocrx_word' id='word_1_1424' title='bbox 1247 3252 1331 3294; x_wconf 75' lang='lat' dir='ltr'>gloss.</span> <span class='ocrx_word' id='word_1_1425' title='bbox 1348 3261 1372 3282; x_wconf 87' lang='lat'>1.</span> <span class='ocrx_word' id='word_1_1426' title='bbox 1382 3254 1411 3282; x_wconf 72' lang='lat'>8.</span> <span class='ocrx_word' id='word_1_1427' title='bbox 1423 3250 1546 3289; x_wconf 62' lang='lat' dir='ltr'>quaest-1.</span> <span class='ocrx_word' id='word_1_1428' title='bbox 1566 3248 1631 3283; x_wconf 61' lang='lat' dir='ltr'>&amp;A</span> <span class='ocrx_word' id='word_1_1429' title='bbox 1639 3253 1678 3282; x_wconf 84' lang='lat' dir='ltr'>Si</span> <span class='ocrx_word' id='word_1_1430' title='bbox 1687 3263 1772 3286; x_wconf 77' lang='lat' dir='ltr'>imus,</span> <span class='ocrx_word' id='word_1_1431' title='bbox 1784 3255 1809 3289; x_wconf 57' lang='grc' dir='ltr'>ς’.</span> <span class='ocrx_word' id='word_1_1432' title='bbox 1820 3250 2039 3287; x_wconf 72' lang='lat' dir='ltr'>Principaliter</span> <span class='ocrx_word' id='word_1_1433' title='bbox 2049 3269 2058 3283; x_wconf 91' lang='lat'>,</span> <span class='ocrx_word' id='word_1_1434' title='bbox 2069 3251 2129 3279; x_wconf 81' lang='lat' dir='ltr'>ibi:</span> 
     </span>
     <span class='ocr_line' id='line_1_156' title="bbox 1149 3291 2128 3340; baseline -0.005 -14"><span class='ocrx_word' id='word_1_1435' title='bbox 1149 3297 1281 3334; x_wconf 79' lang='lat' dir='ltr'>Propter</span> <span class='ocrx_word' id='word_1_1436' title='bbox 1289 3295 1459 3326; x_wconf 71' lang='lat' dir='ltr'>natitralem</span> <span class='ocrx_word' id='word_1_1437' title='bbox 1468 3292 1618 3326; x_wconf 73' lang='lat' dir='ltr'>hominum</span> <span class='ocrx_word' id='word_1_1438' title='bbox 1627 3293 1667 3325; x_wconf 82' lang='lat' dir='ltr'>ad</span> <span class='ocrx_word' id='word_1_1439' title='bbox 1676 3293 1903 3334; x_wconf 52' lang='lat' dir='ltr'>differta-&#39;endum</span> <span class='ocrx_word' id='word_1_1440' title='bbox 1915 3291 2107 3340; x_wconf 42' lang='lat' dir='ltr'>fact-&#39;litatem</span> <span class='ocrx_word' id='word_1_1441' title='bbox 2119 3312 2128 3325; x_wconf 92' lang='lat'>,</span> 
     </span>
    </p>
   </div>
   <div class='ocr_carea' id='block_1_15' title="bbox 1141 3334 2191 3422">
    <p class='ocr_par' dir='ltr' id='par_1_20' title="bbox 1141 3334 2191 3422">
     <span class='ocr_line' id='line_1_157' title="bbox 1141 3334 2128 3380; baseline -0.004 -11"><span class='ocrx_word' id='word_1_1442' title='bbox 1141 3337 1232 3380; x_wconf 81' lang='lat' dir='ltr'>ff-De</span> <span class='ocrx_word' id='word_1_1443' title='bbox 1242 3345 1347 3376; x_wconf 77' lang='lat' dir='ltr'>recept.</span> <span class='ocrx_word' id='word_1_1444' title='bbox 1358 3334 1468 3368; x_wconf 83' lang='lat' dir='ltr'>arbitr.</span> <span class='ocrx_word' id='word_1_1445' title='bbox 1481 3336 1562 3369; x_wconf 84' lang='lat' dir='ltr'>Satis</span> <span class='ocrx_word' id='word_1_1446' title='bbox 1571 3337 1612 3368; x_wconf 88' lang='lat' dir='ltr'>est</span> <span class='ocrx_word' id='word_1_1447' title='bbox 1620 3340 1716 3378; x_wconf 90' lang='lat' dir='ltr'>igitur</span> <span class='ocrx_word' id='word_1_1448' title='bbox 1725 3358 1735 3372; x_wconf 81' lang='lat'>‚</span> <span class='ocrx_word' id='word_1_1449' title='bbox 1745 3346 1779 3367; x_wconf 91' lang='lat' dir='ltr'>ut</span> <span class='ocrx_word' id='word_1_1450' title='bbox 1788 3340 1956 3366; x_wconf 80' lang='lat' dir='ltr'>advocatus</span> <span class='ocrx_word' id='word_1_1451' title='bbox 1967 3344 2128 3366; x_wconf 85' lang='lat' dir='ltr'>moveatur</span> 
     </span>
     <span class='ocr_line' id='line_1_158' title="bbox 1148 3377 2191 3422; baseline -0.005 -10"><span class='ocrx_word' id='word_1_1452' title='bbox 1148 3382 1357 3422; x_wconf 87' lang='lat' dir='ltr'>probabilibus</span> <span class='ocrx_word' id='word_1_1453' title='bbox 1366 3381 1538 3411; x_wconf 85' lang='lat' dir='ltr'>rationibus</span> <span class='ocrx_word' id='word_1_1454' title='bbox 1547 3401 1558 3415; x_wconf 86' lang='lat'>,</span> <span class='ocrx_word' id='word_1_1455' title='bbox 1577 3381 1636 3419; x_wconf 84' lang='lat' dir='ltr'>leg.</span> <span class='ocrx_word' id='word_1_1456' title='bbox 1648 3391 1676 3419; x_wconf 79' lang='lat'>4.</span> <span class='ocrx_word' id='word_1_1457' title='bbox 1687 3383 1723 3411; x_wconf 91' lang='lat' dir='ltr'>C.</span> <span class='ocrx_word' id='word_1_1458' title='bbox 1736 3377 1850 3410; x_wconf 64' lang='lat' dir='ltr'>Mena.</span> <span class='ocrx_word' id='word_1_1459' title='bbox 1872 3377 1909 3408; x_wconf 76' lang='lat' dir='ltr'>Et</span> <span class='ocrx_word' id='word_1_1460' title='bbox 1918 3388 1990 3409; x_wconf 86' lang='lat' dir='ltr'>cum</span> <span class='ocrx_word' id='word_1_1461' title='bbox 2000 3379 2131 3408; x_wconf 63' lang='lat' dir='ltr'>advoca&lt;</span> <span class='ocrx_word' id='word_1_1462' title='bbox 2158 3381 2191 3408; x_wconf 51' lang='grc' dir='ltr'><em>Ἢ</em></span> 
     </span>
    </p>
   </div>
   <div class='ocr_carea' id='block_1_16' title="bbox 1148 3421 2130 3464">
    <p class='ocr_par' dir='ltr' id='par_1_21' title="bbox 1148 3421 2130 3464">
     <span class='ocr_line' id='line_1_159' title="bbox 1148 3421 2130 3464; baseline -0.005 -10"><span class='ocrx_word' id='word_1_1463' title='bbox 1148 3426 1170 3454; x_wconf 89' lang='lat' dir='ltr'>ti</span> <span class='ocrx_word' id='word_1_1464' title='bbox 1181 3425 1214 3454; x_wconf 91' lang='lat' dir='ltr'>in</span> <span class='ocrx_word' id='word_1_1465' title='bbox 1225 3423 1321 3454; x_wconf 86' lang='lat' dir='ltr'>causis</span> <span class='ocrx_word' id='word_1_1466' title='bbox 1340 3433 1375 3453; x_wconf 84' lang='lat' dir='ltr'>ex</span> <span class='ocrx_word' id='word_1_1467' title='bbox 1395 3433 1521 3464; x_wconf 85' lang='lat' dir='ltr'>utraque</span> <span class='ocrx_word' id='word_1_1468' title='bbox 1533 3433 1618 3464; x_wconf 80' lang='lat' dir='ltr'>parte</span> <span class='ocrx_word' id='word_1_1469' title='bbox 1633 3424 1760 3454; x_wconf 89' lang='lat' dir='ltr'>debeant</span> <span class='ocrx_word' id='word_1_1470' title='bbox 1780 3423 1834 3452; x_wconf 84' lang='lat' dir='ltr'>elle</span> <span class='ocrx_word' id='word_1_1471' title='bbox 1851 3422 1998 3461; x_wconf 75' lang='lat' dir='ltr'>aequales,</span> <span class='ocrx_word' id='word_1_1472' title='bbox 2020 3422 2042 3451; x_wconf 86' lang='lat' dir='ltr'>l.</span> <span class='ocrx_word' id='word_1_1473' title='bbox 2055 3421 2130 3450; x_wconf 87' lang='lat' dir='ltr'>Pro-</span> 
     </span>
    </p>
   </div>
   <div class='ocr_carea' id='block_1_17' title="bbox 1147 3463 2131 3538">
    <p class='ocr_par' dir='ltr' id='par_1_22' title="bbox 1147 3463 2131 3538">
     <span class='ocr_line' id='line_1_160' title="bbox 1147 3463 2131 3538; baseline -0.005 -41"><span class='ocrx_word' id='word_1_1474' title='bbox 1147 3465 1310 3499; x_wconf 74' lang='lat' dir='ltr'>videndum</span> <span class='ocrx_word' id='word_1_1475' title='bbox 1321 3486 1330 3502; x_wconf 79' lang='lat'>‚</span> <span class='ocrx_word' id='word_1_1476' title='bbox 1352 3468 1379 3498; x_wconf 92' lang='lat' dir='ltr'><em>C</em></span> <span class='ocrx_word' id='word_1_1477' title='bbox 1382 3487 1388 3496; x_wconf 82' lang='grc'><strong>.</strong></span> <span class='ocrx_word' id='word_1_1478' title='bbox 1400 3463 1599 3508; x_wconf 71' lang='lat' dir='ltr'>Depostnlan.</span> <span class='ocrx_word' id='word_1_1479' title='bbox 1610 3468 1642 3498; x_wconf 66' lang='grc' dir='ltr'>δέ</span> <span class='ocrx_word' id='word_1_1480' title='bbox 1653 3464 1773 3497; x_wconf 78' lang='lat' dir='ltr'>idcirco</span> <span class='ocrx_word' id='word_1_1481' title='bbox 1783 3467 1815 3495; x_wconf 90' lang='lat' dir='ltr'>in</span> <span class='ocrx_word' id='word_1_1482' title='bbox 1830 3467 1918 3538; x_wconf 45' lang='lat' dir='ltr'>opmi</span> <span class='ocrx_word' id='word_1_1483' title='bbox 1930 3464 2019 3497; x_wconf 85' lang='lat' dir='ltr'>causa</span> <span class='ocrx_word' id='word_1_1484' title='bbox 2028 3464 2131 3535; x_wconf 47' lang='lat' dir='ltr'>thuori-</span> 
     </span>
     <span class='ocr_line' id='line_1_161' title="bbox 1859 3514 2088 3535; baseline -0.013 2"><span class='ocrx_word' id='word_1_1485' title='bbox 1859 3521 1865 3525; x_wconf 73' lang='lat'><em>-</em></span> <span class='ocrx_word' id='word_1_1486' title='bbox 2062 3514 2088 3535; x_wconf 86' lang='grc'>16</span> 
     </span>
    </p>
   </div>
   <div class='ocr_carea' id='block_1_18' title="bbox 2172 1834 2229 1872">
    <p class='ocr_par' dir='ltr' id='par_1_23' title="bbox 2172 1834 2229 1872">
     <span class='ocr_line' id='line_1_162' title="bbox 2172 1834 2229 1872; baseline 0 0"><span class='ocrx_word' id='word_1_1487' title='bbox 2172 1834 2229 1872; x_wconf 57' lang='grc'>331</span> 
     </span>
    </p>
   </div>
  </div>
 </body>
</html>
