2397 3664
687 19 773 75 De
797 20 832 72 Β
846 15 1101 90 escript.c.
1115 9 1203 66 Ad
1224 0 1538 89 a'udientiam
1559 10 1598 66 il
1616 28 1659 61 2.

108 114 131 143 4
194 102 309 135 Tertio
319 126 329 141 ,
350 113 429 138 nota
439 107 515 138 duas
526 105 721 138 differentias
734 107 816 137 inter
827 103 1042 145 eipeetantem
1054 100 1145 142 vigo‘

107 715 123 747 5

108 883 128 912 6

107 1061 129 1092 7

115 2234 134 2262 9

131 156 184 186 ,νς
194 147 519 189 mandatiApostolici
538 152 576 181 de
595 149 808 190 providendo,
833 150 866 180 δέ
888 147 1089 183 intitulatum
1110 142 1146 173 in

150 190 309 221 beneficio
329 214 337 222 .
367 190 471 224 Prima
490 191 670 224 differentia
687 186 747 233 est,
767 191 845 232 quia
863 189 1028 232 expectans
1047 185 1146 229 potest

145 233 308 273 proiibito
327 236 516 272 renunciare
534 234 635 266 literis
658 234 853 275 impetratis,
874 235 907 267 &
928 243 1038 266 earum
1059 240 1155 263 com-r

148 278 256 312 modo,
268 287 332 308 non
343 277 442 310 solum
453 276 613 318 expresse,
629 287 664 309 ut
675 275 727 308 liic
740 287 824 317 patet
835 299 845 314 ,
867 278 915 309 sed
927 277 1023 308 etiam
1033 273 1146 308 tacite,

133 328 183 350 -ut
197 318 230 350 in
242 331 266 351 c.
278 322 408 352 Veniens
418 343 428 358 ,
438 320 594 353 erasm&
603 342 613 356 ,
629 317 717 360 infra
726 318 763 351 de
773 319 938 352 renunc.At
947 319 1022 351 vero
1034 317 1157 349 intitu-¹

147 361 230 393 latus
241 373 306 394 non
318 364 415 404 potest
429 363 584 395 beneficio
592 363 781 395 renunciare
793 364 856 395 sine
868 362 999 395 licentia
1011 359 1159 402 superio-:

146 404 189 436 ris
202 428 211 443 ,
222 417 247 437 c.
253 405 407 438 Admonet
416 428 425 442 ,
435 404 473 439 &⁹
483 417 508 437 c.
521 406 610 452 Qod
619 408 653 437 in
661 404 762 439 dubiis
772 429 781 443 ,
791 405 908 438 eodm.
920 403 1055 438 Abb.hic
1064 412 1145 443 nu.3.
1158 419 1160 424 ·

148 446 249 480 Ratio
259 450 444 482 differentiae
454 448 496 480 est
506 471 516 485 ,
536 449 612 490 quia
624 449 707 481 inter
731 450 956 482 beneficiatum
967 472 976 487 ‚
996 451 1028 480 &
1040 447 1160 479 Ecclew,

149 491 224 523 siam
234 493 396 524 vinculum
407 491 566 532 spirituale
577 492 790 529 contrahitur,
801 494 887 534 quod
900 493 962 525 sine
975 490 1157 524 autliOi·ita-'

147 543 179 566 te
192 534 368 576 Superioris
378 534 503 566 dissolvi
522 545 589 567 non
607 536 704 576 potest
716 558 726 572 ,
744 545 808 576 cap.
820 539 907 568 Sicut
916 538 949 567 in
959 543 1146 572 unaquaque,

153 580 422 618 21.q.2.cap.lnter
432 580 601 619 corporalia
609 601 619 615 ,
641 588 706 620 cap.
718 579 840 622 Qanto
850 601 859 615 ‚
871 582 908 611 (9⁸
918 576 1037 619 c.fin.de
1046 586 1148 607 trans-

148 621 355 661 lat.E'p.·Jc.C9'
365 632 390 652 c.
402 622 480 664 N1fi
486 633 550 654 cum
560 621 844 662 pridem‚§.Veram‚
857 620 990 658 ibi,Nan
1001 619 1087 651 debes
1099 617 1148 650 dc-

140 663 242 704 serere
245 662 387 704 sponsam
396 674 481 695 tuam
491 687 498 701 ,
518 668 566 696 cui
577 664 638 708 defi
635 664 729 704 gendo
739 676 861 697 manum
874 676 892 696 a
895 664 954 706 pud
963 673 1147 695 extraneam

146 715 176 737 te
190 704 257 748 fide
268 706 370 738 media
384 707 529 748 copulasti
541 731 550 745 ,
572 708 608 740 de
616 711 783 741 renunciat.
796 709 837 740 At
849 707 1012 749 expedians
1023 707 1147 738 nullum

147 749 485 783 contraliitvinculum
497 752 655 792 spirituale
675 763 748 784 cum
767 752 942 788 beneficio,
962 753 1046 792 quod
1060 759 1148 789 expe—

146 792 210 824 &at
221 815 231 829 ‚
252 803 310 825 nec
323 794 415 826 habet
428 795 475 837 jus
487 795 520 826 iri
532 805 582 832 re,
603 805 637 827 ut
651 795 683 827 in
694 807 718 827 c.
723 796 889 841 Qoniam,
897 793 933 827 de
943 790 1146 835 concess-praeb·

147 835 201 869 lib.
212 841 241 867 6.
254 839 285 868 ὃ(
297 836 391 869 fusius
403 839 521 878 patebit
538 838 622 870 infra
632 850 662 870 n.
675 849 704 877 7.
715 838 752 872 (ᾗ
764 838 849 879 seqq.

192 879 302 912 Altera
311 880 492 913 differentia
502 882 543 913 est
555 904 564 918 ,
581 881 658 923 quia
677 882 840 924 expectans
852 880 949 923 potest
959 879 1148 912 renunciare

149 923 250 954 literis
263 924 451 965 Apostolicis
462 935 517 965 pro
528 926 681 965 pecunia,
702 926 752 958 seu
768 927 831 958 alia
849 936 881 957 re
906 923 1072 964 temporali
1085 922 1147 953 sine

149 967 217 997 labe
229 967 386 1004 simonia’,
407 967 502 1001 utbic
514 969 638 1000 videtur
656 966 802 1010 probari,
823 968 900 1009 quia
922 966 1068 998 Pontifex
1082 976 1148 997 non

149 1011 295 1050 reprobat
325 1019 463 1042 annuam
492 1011 672 1051 pensionem
698 1013 735 1044 ab
759 1012 947 1052 impetrante
968 1019 1126 1050 receptam
1139 1032 1146 1039 .

149 1053 186 1085 Et
195 1053 236 1085 est
249 1053 350 1094 ratio,
371 1054 447 1094 quia
470 1064 523 1094 per
543 1056 649 1087 literas
670 1058 707 1087 ad
729 1051 916 1087 beneficium
936 1054 1149 1085 obtinendum

149 1107 217 1129 non
235 1096 355 1128 dicitur
373 1096 444 1137 quis
465 1098 617 1139 consequi
636 1099 685 1141 jus
705 1099 884 1139 spirituale,
903 1107 940 1128 ex
960 1107 1025 1136 quo
1048 1096 1148 1127 adhuc

149 1150 217 1172 non
227 1139 267 1172 est
278 1150 420 1180 receptus
432 1140 466 1184 in
477 1139 702 1178 Canonicum,
724 1152 782 1173 nec
797 1144 872 1173 dum
893 1139 1086 1171 beneficium
1108 1138 1150 1169 est

150 1183 320 1214 assecutus.
343 1183 382 1214 Et
394 1183 437 1215 ita
448 1206 457 1219 ,
479 1183 556 1219 licet
572 1185 772 1221 vacillando,
785 1183 950 1216 concludit
961 1182 1101 1223 gloffiliic
1117 1182 1151 1213 in

149 1224 231 1266 verſs
242 1228 463 1258 Renunciantes
473 1250 483 1263 ‚
505 1239 601 1268 quam
612 1228 691 1260 dicit
703 1228 761 1260 esse
772 1227 972 1261 mirabilem,
995 1226 1074 1257 Abb.
1088 1230 1150 1256 n.6.

149 1270 183 1301 &
194 1279 367 1310 numquam
378 1271 536 1303 oblivioni
549 1273 734 1303 tradendam
747 1280 871 1312 propter
881 1270 965 1301 illius
980 1268 1153 1301 authorita—

150 1322 215 1344 tem
225 1335 232 1344 .
254 1313 341 1344 Idem
352 1313 479 1346 videtur
488 1315 602 1348 sentire
614 1315 698 1346 Bald.
707 1326 788 1345 num.
801 1326 829 1346 2.
843 1317 875 1344 in
884 1311 1106 1351 vemBeneficio
1116 1313 1153 1343 li-

152 1364 290 1387 terarum
301 1379 308 1387 .
331 1356 417 1388 Nam
429 1379 438 1393 ‚
450 1367 483 1389 ut
496 1358 556 1398 ipse
568 1358 624 1394 ait,
636 1367 739 1390 textus
755 1368 819 1389 non
831 1357 911 1388 dicit
926 1357 1084 1389 Beneficio
1097 1355 1153 1387 Ec-

152 1399 326 1431 clesiastico
335 1422 345 1436 ,
358 1400 434 1440 quia
446 1404 587 1433 nondum
602 1402 680 1433 illud
692 1412 758 1433 erat
771 1400 960 1442 adeptr15,sed
974 1403 1153 1440 adepturus,

154 1442 240 1484 quasi
252 1443 339 1475 dicat
352 1442 570 1476 Renunciavit
583 1444 690 1476 officio
701 1444 913 1486 judicis,quod
924 1443 1027 1475 oritur
1038 1454 1072 1475 ex
1086 1442 1154 1473 lite-

155 1486 200 1518 ris
210 1486 352 1519 obtentis
362 1486 449 1528 super
461 1488 652 1528 provisione,·
664 1490 695 1520 3<
711 1488 784 1520 ideo
797 1498 863 1520 non
875 1486 915 1520 est
926 1487 1069 1522 simmia,
1079 1486 1155 1526 quia

156 1529 205 1571 jus
217 1530 375 1570 spirituale
388 1534 531 1563 nondum
541 1542 607 1563 erat
621 1531 839 1563 formatum&
852 1530 935 1562 infra
944 1541 1023 1562 num.
1036 1539 1064 1568 7.
1077 1539 1155 1560 cori-

155 1573 241 1605 cedit
254 1583 319 1605 non
330 1575 492 1606 committi
506 1575 672 1606 fimoniam
683 1598 692 1611 ,
705 1575 725 1606 si
736 1576 795 1606 lioc
807 1575 860 1606 fiat
874 1574 962 1615 jussu,
973 1576 1005 1606 ὃς
1017 1571 1156 1605 authori-

156 1626 223 1648 tate
235 1615 399 1658 Episcopi,
422 1619 470 1650 vel
483 1619 668 1650 redimendo
689 1620 772 1650 suam
794 1618 992 1650 vexationem
1004 1639 1014 1653 ‚
1035 1626 1155 1656 argum.

156 1660 272 1691 LFurti
282 1682 291 1696 ,
313 1662 340 1695 ξ.
354 1661 422 1702 ,Qui
430 1660 501 1702 jussu
511 1684 520 1698 ,
543 1659 581 1693 &⁶
592 1662 612 1693 Ι.
623 1662 776 1707 Qoniam
787 1684 796 1698 ‚
812 1659 848 1704 ff.
861 1661 896 1692 de
905 1660 1014 1702 infam.
1028 1661 1068 1691 At
1082 1657 1157 1691 vero

157 1703 342 1734 intitulatus
359 1705 553 1736 renuncians
573 1705 729 1737 beneficio
752 1715 808 1746 pro
828 1705 983 1746 pecunia,
1006 1705 1052 1735 vel
1069 1712 1155 1734 com-

155 1747 453 1787 modotemporali,
476 1747 589 1789 absque
607 1748 707 1780 dubio
726 1748 903 1780 involvitur
922 1747 1057 1779 crimine
1070 1746 1158 1777 simo-

153 1789 213 1821 nia:
224 1812 233 1826 ,
254 1787 361 1822 aCiim
370 1789 489 1830 pridem
500 1813 510 1827 ,
522 1790 560 1823 isi*
569 1790 648 1831 cfin.
660 1788 743 1833 infiat
757 1790 792 1823 de
802 1791 963 1833 pJHglosJ.
974 1793 1006 1822 in
1018 1802 1083 1822 ver.
1097 1791 1157 1821 Di-

153 1842 294 1870 mittcrc,
315 1834 347 1865 &
369 1832 444 1864 DD.
455 1834 487 1866 in
507 1845 531 1866 c.
544 1836 598 1866 Ex
618 1845 706 1877 parte
716 1858 725 1873 ‚
747 1836 772 1868 il
797 1846 820 1867 1.
832 1835 868 1867 de
878 1836 953 1876 offic.
966 1835 1058 1873 deleg.
1078 1834 1157 1864 Abb.

157 1875 271 1918 Antiq.
284 1875 334 1908 liic
346 1888 426 1908 num.
437 1888 467 1918 4.
478 1880 511 1910 in
522 1890 587 1910 ver.
602 1881 821 1912 Renunciantes
832 1903 840 1911 .
863 1876 985 1910 Verum
1004 1878 1083 1909 lianc
1105 1888 1158 1918 po-

161 1918 322 1951 steriorem
335 1920 549 1953 differentiam
561 1922 677 1954 refellit
692 1924 772 1954 Abb.
784 1923 884 1955 Sicut.
899 1919 1159 1962 num.6.verſs5cd

159 1966 345 1995 contrarium
356 1963 480 1996 videtur
498 1976 602 1997 verum
614 1988 624 2001 ,
642 1967 719 2007 quia
737 1966 907 2008 impetrans
917 1965 971 1997 etfi
988 1975 1040 2005 per
1053 1965 1159 1996 literas

161 2009 198 2039 ad
220 2017 371 2039 vacatura
391 2018 459 2040 non
479 2008 691 2049 consequatur
720 2010 768 2052 jus
790 2010 823 2041 in
846 2020 877 2041 re
897 2031 907 2046 ,
936 2007 1002 2040 imo
1022 2018 1079 2039 nec
1112 2008 1159 2050 jus

160 2052 198 2082 ad
210 2056 296 2082 rem':
318 2051 523 2093 consequitur
535 2062 641 2084 tamen
662 2055 822 2093 quoddam
846 2055 890 2100 'lus
905 2050 1160 2093 praeparatorium

159 2096 196 2126 ad
213 2095 402 2126 beneficium
412 2095 623 2128 obtinendum
636 2117 646 2132 ,
666 2098 750 2136 quod
763 2096 804 2129 ess
816 2095 974 2137 spirituale
985 2117 995 2131 ,
1015 2097 1062 2126 vel
1075 2093 1160 2134 spiri-

168 2137 249 2168 tuali
269 2148 427 2170 annexum
440 2162 447 2169 .
471 2138 621 2178 Exemplo
641 2138 908 2179 presentationis,
928 2149 995 2179 quat
1015 2138 1056 2169 est
1076 2137 1161 2178 spiri-

158 2179 393 2217 tuali-annexa,
415 2182 490 2222 quia
509 2191 596 2222 parat
616 2182 701 2213 viam
723 2185 759 2214 ad
773 2181 1162 2213 institutionemobtinen-

155 2225 228 2255 dam
241 2245 251 2260 ,
272 2235 340 2264 quse
352 2224 393 2256 est
403 2225 480 2265 quid
493 2224 651 2265 spirituale
662 2248 669 2255 .
692 2224 742 2256 Tu
756 2225 808 2257 dic
822 2248 831 2261 ‚
845 2224 1073 2265 expectantem,
1087 2224 1161 2255 licet

157 2277 224 2301 non
236 2267 446 2309 consequatur
459 2269 503 2308 jus
515 2269 592 2299 inre
602 2290 613 2304 ,
639 2268 787 2309 consequi
800 2278 906 2300 tamen
919 2278 964 2308 ius
979 2271 1016 2299 ad
1029 2278 1105 2304 rein,
1127 2277 1161 2298 ut

160 2309 203 2342 cst
215 2320 318 2343 textus
331 2310 472 2344 formalis
486 2312 517 2342 in
529 2323 553 2342 c.
570 2312 721 2355 Quoniam
732 2323 771 2342 cx
782 2311 988 2352 constitutione
999 2309 1034 2342 de
1045 2309 1161 2351 conceff.

158 2352 309 2395 praeb.l1'b.
325 2359 354 2385 6.
367 2354 427 2386 ibi:
453 2355 488 2385 ln
509 2355 622 2395 quibus
642 2365 708 2387 non
728 2355 800 2386 esset
820 2354 982 2396 qua’fitum
1003 2354 1050 2396 jus
1066 2354 1097 2385 in
1119 2364 1162 2390 rc,

162 2394 240 2427 licet
254 2399 290 2428 ad
304 2407 369 2428 rem
380 2420 388 2428 .
410 2397 449 2429 Et
463 2398 495 2429 in
506 2398 717 2437 Extravagan.
727 2398 857 2439 Joannis
870 2396 1067 2429 XXILSedis
1079 2399 1163 2437 Apo-

153 2437 266 2481 stolica
278 2462 287 2475 ,
309 2439 346 2471 de
357 2440 432 2480 offic.
444 2440 536 2480 deteg.
559 2440 623 2477 ibi,
643 2441 695 2482 Jus
716 2443 752 2473 ad
765 2452 831 2474 rem
842 2440 1079 2482 expectantibus
1090 2450 1163 2472 ante

163 2492 368 2523 competens,
389 2485 421 2514 &
443 2483 488 2515 ibi
508 2485 595 2523 gloss.
606 2486 639 2515 in
656 2485 791 2526 ver.Jus
801 2485 842 2516 ad
861 2496 942 2516 rem.
965 2483 1003 2515 Et
1016 2484 1100 2515 Bald.
1113 2481 1161 2514 bic

105 2536 142 2559 xo
160 2536 298 2558 numu.
309 2526 362 2557 ubi
374 2525 454 2557 dicit
471 2525 686 2567 expectantem
697 2528 840 2567 quamvis
852 2538 918 2560 non
930 2528 1039 2559 habeat
1053 2527 1098 2567 jus
1111 2526 1164 2566 spi-

110 2925 143 2948 ΙΙ

165 2569 282 2606 rituale
301 2567 528 2610 coinpledlzive,
549 2569 661 2602 habere
683 2579 790 2602 tamen
811 2569 976 2603 initiative
990 2594 997 2601 .
1019 2569 1130 2611 Qiare
1144 2570 1163 2600 si

167 2612 243 2651 liuic
266 2612 328 2654 juri
350 2622 406 2653 pro
416 2614 588 2643 commodo
600 2613 765 2652 temporali
786 2615 974 2650 renunciet,
995 2614 1163 2654 proculdu-

166 2656 222 2686 bio
242 2655 407 2688 simoniam
427 2655 622 2687 committit.
646 2655 685 2686 Et
703 2655 762 2686 lioc
782 2666 896 2688 contra
917 2657 1002 2697 gloff.
1016 2666 1102 2688 tenet
1115 2666 1165 2688 cx-

165 2698 264 2740 pressd·
278 2699 479 2730 Innoc.num.
496 2710 520 2731 1.
541 2698 582 2730 ait
607 2698 713 2731 enim:
737 2698 769 2729 Si
789 2709 845 2739 pro
865 2700 1018 2739 pecunia,
1041 2701 1087 2730 vel
1110 2699 1164 2730 ali-

167 2752 233 2783 quo
250 2742 416 2783 temporali
436 2741 630 2775 renunciaffe
662 2741 761 2772 literis
781 2763 790 2777 ‚
819 2741 892 2772 ci'im
922 2752 957 2773 ex
987 2743 1030 2775 eis
1053 2743 1163 2773 lrabeat

168 2786 218 2828 jus
230 2788 265 2817 ad
276 2787 444 2825 petendum
457 2785 614 2825 spirituale
629 2784 817 2817 beneficium
828 2806 837 2820 ,
859 2784 931 2815 effer
946 2785 1088 2821 simonia,
1099 2795 1163 2825 arg.

169 2839 194 2861 c.
209 2831 377 2865 Proximo,
391 2827 486 2869 fiqara
505 2826 567 2859 eod.
587 2828 624 2859 Et
636 2828 807 2868 sequuntur
819 2828 953 2858 totidem
975 2828 1076 2860 verbis
1098 2828 1166 2860 Ho—

172 2871 352 2904 mensarum.
367 2881 394 2912 3.
406 2874 439 2903 in
450 2884 512 2903 ver.
526 2872 656 2903 Taliter
667 2870 812 2902 venditas
823 2892 832 2905 ,
853 2870 898 2910 Jo.
911 2871 1009 2901 Andr.
1021 2881 1100 2901 num.
1118 2881 1164 2902 ιο.

170 2916 201 2946 &
214 2915 352 2956 plerique
365 2915 438 2946 alii.
460 2915 604 2946 Subdunt
616 2924 722 2946 tamen
735 2913 891 2945 Hoslicns.
903 2915 934 2944 Sc
946 2912 1095 2952 Jo.Andr.
1107 2914 1166 2944 esse

173 2957 358 2994 simoniam,
380 2957 446 2990 siex
459 2958 602 2999 pastione
623 2957 760 2999 partium
780 2955 1111 2991 renuncieturliteris‚
1133 2958 1166 2988 ὃ(

173 3001 344 3040 affignetur
355 3012 459 3033 annua
469 3001 594 3043 pensio,
615 3002 700 3033 secus
722 3000 740 3030 si
761 3000 835 3041 pure
849 3000 901 3031 fiat
914 2998 1117 3031 renunciatio
1127 3009 1164 3029 ex

172 3043 483 3084 officioSuperioris,
505 3046 553 3079 vel
575 3042 1003 3078 amicisintervenientibuS,
1024 3041 1170 3082 &postea

175 3088 390 3120 reserveturei
404 3099 511 3120 annua
527 3087 652 3129 pensm,
673 3087 748 3128 quia
769 3097 845 3118 tunc
865 3096 931 3116 non
954 3084 995 3116 est
1015 3084 1166 3129 simonia.

174 3131 214 3164 Et
227 3130 271 3161 ita
282 3129 468 3171 intelligunt
478 3130 587 3163 c.Sane
597 3154 606 3168 ,
617 3131 654 3163 (θ’
663 3132 829 3165 estensem,
840 3129 875 3160 de
884 3131 1090 3159 renunciant?
1100 3136 1168 3167 cap.

175 3172 256 3207 Cim}
265 3172 383 3214 pridem
393 3196 403 3210 ‚
423 3173 460 3205 de
469 3175 566 3215 paliis
577 3197 584 3205 .
609 3174 648 3206 Et
660 3173 818 3205 consentit
831 3171 1106 3210 Bald.nnm.12.qui
1118 3181 1168 3202 ex-

176 3218 298 3259 plicans
317 3227 405 3248 more
424 3217 477 3248 suo
496 3228 637 3251 mentem
653 3215 855 3250 Innocentii:
878 3215 941 3245 Am
954 3213 1170 3260 renunciatio,

179 3260 285 3302 inquit
296 3283 306 3297 ,
327 3259 368 3291 est
381 3258 460 3291 fasta
470 3260 629 3299 causative
641 3283 653 3297 ,
662 3262 693 3292 ὅ(
705 3261 745 3291 est
759 3259 901 3294 simonia,
913 3267 964 3288 aut
979 3256 1169 3304 fimplicuer,

178 3306 212 3337 &
224 3315 288 3336 non
305 3304 337 3335 in
351 3301 491 3334 fraudem
505 3314 513 3339 3
534 3304 565 3335 δε
577 3314 642 3335 non
653 3303 694 3337 est
706 3302 837 3336 simonia
848 3323 861 3338 ,
878 3301 925 3332 sed
939 3299 979 3331 est
990 3300 1095 3339 potius
1105 3310 1172 3346 pro·

181 3347 325 3383 videntia
334 3344 493 3386 acquiratis
505 3368 513 3376 .
532 3341 620 3379 Nam
636 3357 759 3388 aequum
779 3345 818 3378 esi
829 3367 840 3382 ,
861 3355 896 3376 ex
908 3353 972 3384 quo
982 3352 1171 3387 renunciat,

181 3401 216 3423 ut
228 3391 282 3427 fiat
293 3390 347 3422 sibi
359 3389 463 3430 aliqua
473 3389 722 3429 recompensatio
732 3412 742 3426 ,
765 3387 927 3429 ai·g.5edst
937 3387 997 3424 lege
1007 3407 1017 3422 ,
1031 3386 1171 3433 §.Conlig—

121 3443 157 3467 12
177 3433 259 3484 linit,
273 3432 310 3479 ff.
323 3432 358 3472 de
367 3435 454 3479 petit.
466 3430 569 3467 haered.
590 3431 749 3479 Caeterum
768 3432 875 3466 uthaec
888 3429 1044 3464 transeant
1055 3428 1117 3462 sine
1127 3439 1173 3462 vi-

2033 28 2120 78 ¹275

1185 97 1234 129 tio
1244 120 1254 134 ,
1276 107 1330 138 per
1339 97 1529 137 superiorein
1539 95 1610 127 sunt
1619 92 1805 136 explicanda
1815 116 1824 130 ,
1835 93 2008 129 secundum
2019 97 2176 130 Hol'tiens.

1225 139 1356 182 Qiarto
1366 150 1444 173 nota
1456 163 1466 177 ,
1486 148 1600 180 eaquae
1617 137 1840 178 praecipiuntur
1858 137 1876 170 a
1894 139 1983 182 jure,
2006 140 2040 172 in
2060 141 2184 179 pastum

1183 184 1298 216 deduci
1309 184 1390 225 posse
1401 184 1499 215 etiam
1518 183 1553 215 in
1572 181 1785 222 spiritualibus
1794 180 1907 223 absque
1924 183 2007 214 vitio
2018 183 2156 217 simoniae
2166 200 2187 216 .-

1182 226 1285 270 Qiod
1295 226 1415 268 optime
1430 226 1540 267 probat
1551 226 1615 257 liaec
1638 225 1730 257 litera
1739 247 1747 255 .
1769 224 1853 256 Nam
1874 226 2038 267 expectans
2055 230 2094 259 de
2114 230 2181 271 jure

1184 281 1250 303 non
1262 280 1383 312 poterat
1395 270 1564 303 secundum
1576 267 1764 301 beneficium
1786 268 1933 310 adipisci,
1955 270 2015 302 nisi
2034 269 2121 311 prius
2130 282 2179 304 re-

1184 313 1352 346 nunciaret
1380 312 1479 346 literis
1501 334 1509 342 .
1540 311 1639 343 Unde
1670 311 1817 353 praedicsta
1835 313 1987 345 renuntio
2015 324 2180 354 tamquam

1184 357 1252 400 jure
1272 356 1485 389 consentanea
1506 354 1596 387 licite
1617 356 1721 395 potuit
1741 355 1774 386 in
1797 355 1920 396 paCkum
1931 357 2064 389 deduci.
2086 358 2124 390 Et
2134 358 2176 390 se-

1183 399 1325 432 cundum
1345 399 1404 431 lioc
1416 409 1536 439 expone
1545 398 1691 434 verbum,
1714 397 1861 431 Venditas
1871 423 1881 437 ,
1905 400 1935 432 id
1957 400 2000 432 est
2011 401 2066 433 tali
2087 400 2178 442 padio

1182 442 1385 475 renunciatas
1395 465 1403 473 .
1428 442 1476 473 Ad
1488 441 1571 473 idem
1582 464 1589 472 .
1611 440 1835 473 c.Eleutherius
1845 445 1898 479 ,in
1907 446 2004 485 princ.
2015 446 2045 476 &
2057 445 2177 486 gloss-1.

1186 489 1324 524 18.q.2.c.
1335 487 1451 517 Contra
1463 495 1584 521 morem,
1594 489 1623 515 6.
1633 483 1728 525 dzst.c.
1744 486 1792 516 De
1804 488 1887 530 Syra
1898 490 1971 523 ,·28.
1981 486 2052 528 dist.
2063 489 2096 520 &
2107 499 2142 520 ca
2143 497 2175 530 p.

1182 527 1372 569 Significasti
1385 551 1394 565 ,
1405 531 1437 560 in
1447 528 1575 568 princip.
1587 527 1663 558 &in
1674 528 1761 568 gloss.
1769 528 1903 561 secunda
1913 528 1996 572 infra
2007 529 2044 563 de
2053 532 2134 563 eren.
2146 533 2181 566 &

1183 582 1294 604 tenent
1306 572 1356 603 hic
1369 572 1455 611 gloss.
1467 573 1499 601 in
1510 571 1772 603 venNunciantes
1782 593 1791 607 ,
1804 572 1914 604 Innoc.
1924 575 1957 605 in
1966 576 2098 616 princip.
2110 575 2179 607 Ho-

1184 615 1285 647 stiens.
1296 626 1375 647 num.
1388 625 1415 656 3.
1428 613 1507 654 verſs
1517 614 1575 645 Vel
1584 612 1635 646 dic
1644 613 1720 652 quod
1728 626 1767 645 ex
1779 624 1831 652 quo
1840 617 2046 658 afflgnabatur
2054 640 2064 654 ,
2088 618 2181 659 Joan·

1184 659 1282 690 Andr.
1293 669 1374 690 num.
1391 669 1436 690 io.
1448 655 1527 698 verfi
1539 659 1577 689 Si
1591 658 1662 688 verb
1671 655 1844 698 beneficium
1853 680 1862 694 ,
1883 660 1915 690 δε
1928 660 2024 692 Felin.
2037 661 2116 693 alios
2126 671 2181 693 cu-

1183 703 1306 735 mulans
1317 724 1326 739 ,
1345 714 1374 733 n.
1388 705 1418 733 8.
1427 700 1590 742 Qiinimo
1602 701 1643 732 ob
1653 701 1733 732 lianc
1746 701 1902 733 rationem
1913 701 2084 736 secundum
2095 703 2182 744 gloss.

1184 746 1353 777 Innocent.
1374 746 1407 777 &
1428 746 1507 776 alios
1527 744 1679 785 praealleg.
1700 743 1820 776 etiamsi
1839 745 1910 785 quis
1930 746 2055 778 haberet
2068 748 2183 779 benefi-

1185 788 1283 825 cium,
1293 790 1325 821 &
1339 789 1432 820 vellet
1444 788 1613 819 seeundum
1621 787 1778 824 obtinere,
1790 787 1824 819 in
1834 787 2011 828 pastionem
2024 790 2119 830 posset
2129 793 2184 822 de-

1183 833 1297 865 ducere
1308 831 1553 872 resignationem
1565 830 1678 872 primi,
1696 831 1772 871 quia
1791 834 1827 862 ad
1839 831 1898 862 hoc
1909 833 1947 863 de
1961 833 2025 874 jure
2036 842 2162 865 tenetur
2172 855 2184 870 ,

1184 876 1216 907 δι
1227 875 1326 907 tacite
1339 874 1427 910 inest,
1439 875 1511 906 cum
1523 885 1590 905 non
1601 874 1691 915 possit
1704 874 1763 906 else
1773 874 1884 915 duplex
1894 896 1904 911 ,
1915 886 1939 906 c.
1950 874 2030 908 Citm
2040 887 2096 908 non
2105 878 2185 915 igno-

1183 929 1244 954 res,
1254 918 1290 950 &⁴
1301 917 1408 950 c.Citm
1419 917 1484 956 jam
1493 916 1603 948 dudum
1614 939 1623 953 ‚
1644 916 1679 948 de
1689 915 1773 958 praeb.
1785 916 1923 958 cumsuis
1932 918 2122 950 concordant.
2135 920 2185 951 Ad

1185 961 1267 993 idem
1279 962 1378 993 bonus
1391 971 1494 993 tenus
1515 961 1548 992 in
1565 972 1588 993 c.
1603 962 1657 992 Ex
1667 969 1766 1001 parte,
1777 961 1803 992 il
1815 963 1879 992 :.in
1888 961 2023 1001 prinade
2033 963 2114 995 Cler.
2126 973 2184 994 nan

1184 1003 1325 1048 rezfident.
1346 1004 1401 1035 ubi
1422 1014 1506 1045 patet
1524 1003 1756 1044 obligationem
1777 1006 1814 1036 de
1834 1004 1979 1037 facienda
1989 1004 2157 1038 residentia
2177 1027 2188 1042 ,

1185 1058 1254 1089 qua:
1265 1050 1303 1079 de
1315 1047 1381 1089 jure
1393 1047 1489 1084 inest,
1511 1047 1591 1088 posse
1608 1047 1640 1078 in
1652 1047 1774 1087 pactum
1794 1048 1909 1079 deduci
1920 1048 2019 1080 etiam
2030 1049 2065 1081 in
2077 1049 2141 1090 ipso
2156 1059 2186 1080 a-

1185 1091 1237 1122 stu
1251 1090 1452 1122 assecutionis
1465 1090 1613 1122 beneficii
1624 1113 1632 1120 .
1645 1090 1700 1121 Per
1711 1101 1805 1131 quem
1816 1100 1938 1123 textum
1950 1091 2187 1132 suprascriptam

1187 1132 1426 1166 conclusionem
1438 1133 1540 1164 firmat
1550 1133 1714 1165 Geniin.in
1725 1133 1886 1174 c0nſs84.n.
1901 1145 1947 1175 14.
1961 1134 2041 1176 verſs
2054 1136 2127 1166 Non
2136 1134 2187 1167 ob—

1178 1175 1246 1219 stat
1255 1199 1265 1213 ,
1286 1174 1428 1217 quiad1sta
1439 1174 1569 1208 conditio
1580 1199 1587 1209 .
1611 1175 1711 1207 Ratio
1722 1176 1763 1208 est
1774 1176 1944 1209 secundum
1956 1178 2116 1210 Anton.de
2128 1177 2188 1209 Bu-

1188 1231 1227 1252 tr.
1238 1220 1272 1252 in
1282 1219 1390 1252 c.Cicm
1401 1222 1455 1252 M.
1468 1218 1504 1251 de
1514 1218 1629 1261 constit.
1641 1221 1774 1251 relatum
1797 1220 1846 1251 liic
1863 1220 1879 1251 a
1900 1220 1997 1254 Felin.
2008 1233 2037 1253 n.
2058 1224 2088 1253 3.
2108 1221 2186 1262 quia

1188 1273 1313 1304 propter
1331 1263 1520 1295 concursum
1542 1262 1617 1304 juris
1639 1265 1830 1304 quandoque
1850 1263 1927 1304 quid
1948 1264 2127 1297 annestitur
2147 1266 2185 1296 ad

1188 1317 1336 1340 naturam
1346 1306 1486 1342 alterius,
1498 1316 1532 1337 ut
1545 1306 1578 1337 in
1588 1308 1645 1337 c.C
1653 1304 1785 1342 aerericm,
1798 1305 1834 1337 de
1843 1306 2136 1350 judiacum-similib-

1232 1351 1379 1390 Intellige
1390 1359 1497 1381 tamen
1509 1348 1746 1380 conclufionem
1758 1359 1792 1380 ut
1803 1349 1891 1390 supra
1902 1350 2058 1383 firmatam
2069 1373 2079 1387 ,
2097 1353 2188 1383 dum-

1190 1393 1287 1425 modo
1298 1394 1328 1425 id
1341 1415 1351 1429 ,
1374 1394 1458 1433 quod
1468 1392 1637 1424 deducitur
1650 1392 1682 1423 in
1693 1391 1815 1433 pactum
1826 1415 1836 1429 ,
1846 1395 2021 1425 deducatur
2030 1404 2068 1425 eo
2080 1396 2188 1431 modo,

1190 1447 1255 1478 quo
1266 1438 1303 1468 de
1316 1446 1383 1479 jure
1393 1434 1491 1467 tacite
1506 1436 1623 1470 inerat‚·
1636 1435 1721 1466 secus
1732 1435 1751 1466 fi
1764 1435 1828 1467 alio
1839 1438 1953 1473 modo,
1971 1436 2047 1478 quia
2065 1437 2139 1469 esset
2150 1437 2188 1468 si-

1191 1476 1388 1521 moniatput‘a
1403 1478 1422 1510 si
1434 1489 1470 1510 ex
1482 1477 1573 1519 paeto
1586 1478 1722 1518 eligatur
1735 1478 1889 1520 sepultura
1900 1479 1933 1512 in
1944 1490 1982 1512 eo
1993 1480 2115 1517 loco,in
2125 1490 2191 1521 quo

1191 1524 1261 1565 quis
1273 1525 1311 1554 de
1326 1525 1394 1565 jure
1403 1522 1478 1553 alias
1489 1521 1610 1562 sepeliri
1622 1522 1755 1556 debebat
1767 1544 1777 1559 ‚
1788 1531 1822 1554 ut
1833 1532 1925 1555 notat
1935 1523 2022 1565 gloss.
2035 1523 2068 1555 in
2079 1534 2103 1556 c.
2120 1534 2145 1555 1.
2157 1526 2191 1556 in

1192 1578 1256 1599 ver.
1265 1565 1359 1607 Apud
1369 1575 1437 1603 quos
1446 1587 1456 1601 ,
1474 1566 1506 1596 δι
1519 1564 1553 1596 in
1566 1576 1630 1596 ver.
1643 1564 1800 1598 Facienda
1811 1588 1821 1602 ,
1840 1564 1878 1598 de
1890 1565 2063 1608 sepult.lib.
2075 1572 2104 1601 6.
2115 1567 2192 1609 quia

1193 1610 1267 1641 cum
1290 1608 1337 1651 jus
1349 1609 1509 1649 sepultura?
1520 1608 1699 1640 concessum
1720 1607 1737 1639 a
1759 1609 1826 1650 jure
1849 1620 1915 1641 non
1927 1610 1962 1642 sit
1973 1610 2098 1643 firmum
2108 1633 2117 1648 ,
2141 1611 2192 1644 sed

1194 1653 1358 1689 variabile,
1369 1648 1475 1685 eciam
1483 1650 1621 1687 liberum,
1633 1650 1781 1694 desepult.
1791 1652 1942 1693 expressio
1951 1664 2003 1694 per
2014 1653 2136 1694 ρειέὶιιιη
2147 1654 2193 1689 esa

1194 1697 1261 1729 ficit
1272 1719 1282 1733 ,
1294 1705 1327 1728 ut
1340 1696 1397 1727 hoc
1410 1696 1459 1744 jus
1474 1706 1558 1726 nunc
1571 1695 1644 1726 insit
1655 1695 1719 1727 alio
1729 1697 1845 1733 inodo,
1863 1696 1957 1738 quam
1967 1697 2051 1738 prius
2062 1697 2172 1731 inesset
2184 1721 2194 1737 ,

1195 1751 1229 1772 ut
1243 1738 1306 1781 post
1319 1739 1528 1771 Dominicum
1540 1740 1678 1770 declarat
1689 1737 1738 1770 hic
1751 1739 1880 1771 Felinm.
1891 1751 1920 1777 9.
1933 1740 1970 1772 Et
1984 1741 2065 1774 idem
2078 1742 2187 1776 dicen⁴

1194 1788 1268 1816 dum
1279 1783 1352 1815 esset
1363 1805 1371 1819 ,
1384 1783 1404 1814 si
1416 1781 1487 1823 quis
1497 1792 1532 1813 ex
1545 1781 1634 1822 paeto
1645 1783 1812 1816 deduceret
1824 1783 1858 1816 iti
1869 1783 2100 1826 obligationem
2112 1787 2191 1820 civi-

1196 1829 1257 1860 lem
1270 1828 1299 1859 id
1312 1849 1321 1864 ,
1344 1828 1380 1858 :id
1394 1828 1478 1869 quod
1490 1825 1734 1868 effetobligatus
1753 1828 1941 1861 naturaliter
1958 1828 2106 1867 tantum,-
2128 1831 2190 1863 lioc

1194 1871 1281 1904 enim
1294 1871 1500 1903 simoniacum
1512 1870 1585 1903 esset
1596 1892 1606 1907 ‚
1625 1879 1659 1902 ut
1671 1881 1723 1911 per
1734 1871 1830 1904 Felin.
1851 1869 1901 1904 hic
1913 1885 1941 1904 n.
1955 1883 1966 1905 1
1975 1886 2001 1905 a.
2013 1873 2068 1914 qui
2080 1875 2117 1907 ad
2131 1874 2191 1907 lioc

1196 1920 1311 1956 allegat
1323 1925 1434 1947 notata
1442 1925 1496 1956 pei·
1506 1915 1635 1955 glossam
1647 1914 1812 1947 secundam
1836 1915 1870 1947 in
1879 1926 1944 1956 cap.
1963 1914 2119 1957 Consuluit
2129 1939 2140 1954 ‚
2158 1920 2193 1950 irz

1190 1957 1255 2002 fine
1264 1981 1273 1994 ,
1295 1958 1332 1989 de
1341 1957 1418 1998 ufirr.
1438 1960 1470 1990 &
1493 1958 1536 1990 ibi
1548 1956 1702 1989 Doctores
1712 1980 1721 1994 ,
1741 1958 1878 1990 maxime
1897 1959 1986 2000 Joan.
1996 1962 2034 1991 de
2046 1961 2148 1993 Anan.
2160 1963 2194 1993 &

1197 2003 1307 2033 Innoc.
1321 2002 1353 2032 in
1366 2003 1499 2033 c.Tuam
1507 2024 1516 2038 ,
1527 2010 1597 2033 ante
1607 2000 1736 2032 medinm
1750 2013 1863 2040 magnae
1873 1999 1975 2043 Gloffae
1988 2026 1997 2040 ,
2018 2001 2055 2035 de
2065 2013 2144 2035 ‹ctat-
2157 2003 2196 2037 &⁹

1196 2048 1275 2084 qual.
1287 2047 1319 2077 &
1332 2044 1481 2076 B.Thom.
1492 2047 1524 2075 in
1535 2054 1626 2082 2.2.q.
1640 2054 1690 2076 27.
1703 2055 1763 2076 art.
1778 2057 1804 2076 2.
1816 2048 1848 2076 in
1858 2045 2041 2087 responsione
2050 2046 2197 2088 adsecun-

1195 2089 1265 2121 dum
1275 2099 1391 2127 argum.
1412 2088 1470 2120 Sed
1490 2086 1576 2120 certe
1590 2087 1631 2118 D.
1642 2087 1757 2119 Thom.
1770 2099 1809 2120 eo
1820 2089 1893 2120 loco
1903 2089 1981 2121 nihil
1995 2090 2076 2122 dicit
2089 2093 2124 2123 ad
2138 2091 2197 2125 hoc

1196 2132 1399 2174 propofitum,
1411 2131 1458 2163 sed
1473 2132 1503 2163 id
1516 2131 1641 2163 videtur
1651 2132 1791 2163 docuisse
1804 2132 1837 2163 iri
1848 2131 2041 2173 4.fi‘nt.di(}.
2054 2143 2101 2173 25.
2116 2145 2196 2175 eiu-3.

1197 2185 1258 2207 art.
1276 2186 1305 2206 2.
1317 2173 1521 2214 adsecundnm
1533 2197 1542 2211 ,
1563 2175 1617 2206 ubi
1629 2174 1729 2215 primo
1740 2175 1830 2207 dicit.
1843 2186 1889 2207 res
1898 2176 2042 2209 Ecclesiae
2051 2178 2197 2218 quamvis

1199 2220 1257 2250 fint
1271 2218 1378 2260 aliquo
1387 2221 1482 2249 modo
1494 2217 1579 2259 Papat
1590 2241 1599 2254 ,
1623 2228 1688 2249 non
1705 2218 1763 2249 else
1776 2228 1882 2250 tamen
1894 2221 1959 2261 ejus
1969 2220 2117 2252 omnibus
2127 2232 2194 2253 mo-

1198 2264 1245 2294 dis
1256 2262 1392 2293 habendi
1403 2284 1413 2297 ,
1426 2261 1502 2295 sicut
1515 2261 1592 2293 illud
1602 2283 1612 2297 ‚
1623 2263 1709 2301 quod
1722 2264 1757 2293 ad
1771 2272 1898 2294 manum
1911 2264 2013 2295 liabet.
2027 2264 2067 2295 At
2077 2264 2192 2296 deinde

1199 2305 1301 2338 subdit
1315 2317 1321 2335 :
1344 2304 1421 2336 Non
1432 2305 1473 2336 est
1485 2314 1591 2337 aurem
1602 2305 1734 2336 dubium
1745 2327 1755 2341 ,
1773 2304 1858 2346 quod
1872 2305 2037 2339 simoniam
2049 2308 2197 2339 commit-

1200 2359 1294 2385 teret,
1307 2349 1325 2379 si
1338 2349 1409 2389 quis
1422 2348 1549 2389 aliquod
1561 2347 1719 2388 spirituale
1729 2348 1866 2382 debitori
1880 2350 1933 2379 suo
1943 2351 2031 2385 daret
2043 2373 2052 2386 ‚
2064 2360 2098 2382 ut
2108 2353 2196 2390 quod

1200 2392 1286 2424 suum
1299 2391 1340 2423 est
1351 2414 1360 2428 ,
1381 2397 1577 2432 recuperaret
1592 2402 1600 2427 ·,
1619 2392 1651 2422 &
1673 2391 1717 2422 ita
1727 2392 1822 2422 etiam
1836 2392 1867 2422 in
1879 2392 2035 2432 proposito
2045 2392 2125 2433 Papa
2135 2392 2151 2423 a
2163 2393 2197 2425 si—

1200 2446 1310 2467 monia
1319 2445 1383 2466 non
1396 2435 1614 2469 excusaretur,
1635 2433 1655 2464 si
1679 2436 1688 2473 (
1710 2436 1794 2474 quod
1814 2434 1890 2466 absit
1911 2435 1921 2474 )
1944 2435 2117 2475 spiritualia
2139 2446 2195 2476 pro

1201 2478 1425 2518 temporalibus
1436 2478 1526 2508 rebus
1537 2475 1745 2508 Ecclesiarum
1756 2478 1855 2508 daret.
1866 2476 1945 2517 Qio
1957 2480 2029 2510 loco
2040 2478 2196 2511 S.Do<stor

1201 2522 1356 2563 supponit,
1368 2521 1412 2551 ita
1422 2522 1547 2551 demum
1559 2520 1617 2550 esse
1631 2519 1809 2556 simoniam,
1820 2521 1892 2552 dare
1905 2520 2022 2562 aliquid
2036 2522 2196 2562 spirituale

1201 2564 1340 2597 debitori
1353 2564 1426 2599 suu,
1450 2563 1469 2593 si
1482 2573 1528 2593 res
1541 2572 1605 2595 non
1618 2562 1652 2593 sit
1673 2563 1782 2594 debita
1801 2563 1949 2595 omnibus
1971 2565 2091 2601 modis,
2111 2567 2142 2598 δέ
2155 2565 2201 2598 sic»

1201 2607 1389 2641 naturaliter
1401 2628 1410 2641 ‚
1434 2608 1465 2637 ὅ(
1475 2605 1634 2636 civiliter.
1660 2606 1813 2647 Alioquin
1826 2617 1891 2638 non
1911 2617 2100 2649 congrueret
2111 2609 2199 2641 ratio

1202 2653 1276 2687 illa,
1297 2649 1381 2691 quod
1395 2659 1441 2681 res
1454 2648 1596 2681 Ecclefice
1609 2659 1674 2680 non
1687 2649 1743 2680 sint
1766 2648 1850 2690 Papae
1870 2650 2018 2682 omnibu-s
2032 2651 2134 2685 modis
2145 2652 2197 2684 lia-

1202 2693 1297 2727 bendi
1308 2717 1315 2723 .
1339 2693 1375 2724 Et
1389 2692 1433 2723 ita
1447 2691 1590 2732 intellige
1603 2692 1681 2723 lianc
1693 2691 1870 2724 doe‘h‘inam
1882 2715 1892 2729 ,
1911 2704 1980 2734 quae
1992 2694 2067 2726 alias
2079 2705 2196 2736 pugna-

1203 2748 1248 2769 ret
1260 2747 1332 2768 cum
1345 2746 1506 2767 communi
1519 2735 1723 2767 conclusione
1745 2735 1990 2769 canonistarum
1999 2760 2010 2774 ,
2027 2740 2130 2779 quoad
2142 2749 2197 2775 ea,

1202 2791 1269 2822 qua:
1279 2780 1503 2821 praecipiuntur
1515 2779 1531 2809 a
1541 2779 1608 2820 jure
1618 2801 1627 2815 ,
1648 2780 1681 2810 &
1692 2778 1789 2810 tacite
1806 2779 1921 2816 insunt,
1934 2780 2012 2814 s1cut
2022 2780 2063 2813 est
2074 2781 2198 2814 restitu-

1203 2825 1250 2855 tio
1261 2823 1304 2854 rei
1318 2823 1343 2853 al
1352 2823 1426 2854 ienae
1437 2844 1447 2858 ,
1472 2831 1505 2853 ut
1518 2821 1549 2853 in
1559 2833 1619 2860 reg.
1631 2821 1718 2862 sexti
1732 2844 1741 2858 ‚
1762 2825 1922 2854 Peccatum
1932 2825 1986 2861 2&
1998 2823 2087 2856 licite
2101 2825 2134 2856 in
2145 2835 2198 2864 pa-

1202 2867 1287 2899 &um
1299 2866 1413 2897 deduci
1435 2865 1557 2905 possunt
1578 2865 1672 2896 etiam
1693 2864 1725 2896 in
1745 2864 1958 2904 spiritualibus
1970 2890 1977 2898 .
1998 2866 2100 2910 Qiod
2120 2877 2198 2900 nota

1203 2918 1328 2951 propter
1338 2919 1374 2940 ea
1384 2930 1393 2945 ,
1414 2918 1481 2949 qua:
1491 2910 1529 2939 de
1538 2907 1594 2939 bac
1605 2907 1749 2939 doctrina
1759 2907 1864 2939 D.Tli.
1873 2909 1990 2950 scripsit
2001 2910 2035 2942 in
2046 2920 2111 2952 cap.
2124 2911 2198 2942 Tua

1202 2965 1273 2987 nos,
1295 2964 1324 2982 n.
1339 2964 1352 2983 2
1364 2962 1388 2983 1.
1400 2952 1474 2994 infr.
1487 2950 1522 2982 de
1534 2953 1667 2993 simoni„⁷
1680 2974 1695 2989 ,Ἴ

1248 2994 1381 3026 Ultimo
1399 3004 1475 3026 nota
1497 2994 1539 3024 ibi
1552 3016 1560 3029 ,
1581 2991 1768 3025 Revocrindo.
1779 2997 1811 3026 in
1821 2997 1945 3028 irritum
1956 3019 1966 3034 ‚
1987 2996 2093 3029 literas
2103 2996 2202 3029 subre-

1205 3038 1313 3079 ptitias
1326 3038 1358 3068 in
1371 3036 1605 3070 beneficialibus
1625 3037 1683 3067 else
1705 3037 1769 3077 ipso
1790 3039 1857 3081 jure
1876 3040 1998 3076 nullas,
2017 3041 2053 3072 vut
2072 3037 2149 3075 liic,
2165 3042 2198 3073 δέ

1206 3081 1342 3121 apertius
1353 3080 1384 3111 in
1393 3079 1571 3111 Clem.1.ibi
1584 3101 1594 3115 ,
1604 3079 1892 3122 Velutisubreptitin
1903 3083 2016 3114 nullius
2026 3081 2065 3121 εί]
2074 3092 2200 3113 momen-

1206 3128 1243 3160 ti,
1255 3125 1290 3154 de
1300 3120 1421 3163 177·aean
1431 3125 1535 3163 capaS'i
1545 3131 1623 3153 motii
1635 3125 1765 3164 proprie,
1777 3124 1818 3156 ibi
1830 3147 1839 3160 ,
1853 3119 2131 3169 anmnmcnmque
2141 3136 2198 3155 mo-

1205 3167 1305 3198 dicum
1315 3164 1488 3205 beneficium
1500 3174 1638 3197 taceatur
1645 3168 1678 3197 in
1689 3178 1723 3198 ea
1733 3189 1741 3204 ‚
1765 3166 1863 3208 ipsam
1875 3169 1971 3201 veluti
1980 3166 2198 3210 subreptitiam

1207 3212 1293 3242 vires
1303 3210 1435 3240 nolumus
1446 3206 1671 3246 obtinereffod.
1682 3212 1733 3242 tit.
1743 3210 1797 3243 lib.
1809 3218 1838 3242 6.
1850 3214 1882 3243 ὃς
1895 3212 1926 3243 in
1938 3223 1962 3243 c.
1980 3222 2003 3242 i.
2016 3209 2052 3242 (ff
2063 3222 2090 3241 2.
2103 3209 2195 3253 defil.

2206 153 2241 186 13

2203 239 2242 270 14

2207 708 2261 744 15'

2211 1223 2250 1254 16

2212 1357 2253 1389 17

2220 1702 2258 1733 18

2221 2102 2260 2131 19

2224 3008 2263 3030 20

1206 3250 1402 3296 presbyt.eod.
1414 3250 1467 3283 lib.
1479 3250 1556 3283 adeo
1568 3262 1601 3283 ut
1611 3254 1649 3284 de
1660 3251 1742 3284 facio
1752 3255 1893 3287 revocari
1905 3253 1993 3294 possit
2006 3275 2015 3289 ,
2025 3254 2057 3285 ὃ(
2067 3255 2178 3285 debeat
2189 3276 2198 3290 ,
2221 3263 2237 3286 2
2246 3264 2258 3286 1

1208 3294 1361 3339 quidquid
1369 3294 1481 3334 ,vigore
1492 3294 1600 3327 harum
1612 3295 1774 3329 literarum
1787 3298 1979 3328 intentatum
1998 3295 2040 3328 es't
2050 3319 2059 3332 ,
2078 3296 2199 3328 etiamsi

1209 3343 1247 3372 de
1270 3338 1467 3379 subreptione
1487 3348 1651 3378 exceptum
1673 3350 1737 3371 non
1757 3339 1871 3374 fuerit,
1894 3348 1927 3369 ut
1938 3340 2199 3379 probaturinliac

1210 3381 1392 3417 Decretali,
1411 3391 1478 3422 quae
1498 3383 1534 3413 ad
1554 3382 1613 3413 lioc
1633 3382 1803 3422 quotidiea
1816 3381 2007 3414 Doctoribus
2026 3383 2196 3422 allegatur.

1211 3427 1249 3459 Et
1261 3423 1310 3458 hic
1324 3434 1432 3457 tenent
1445 3423 1672 3469 gloss-fin.vers.
1683 3427 1737 3459 Vel
1747 3423 1839 3470 potest
1850 3423 1912 3457 dici
1922 3446 1932 3463 ,
1952 3425 2064 3459 Innoc.
2076 3435 2155 3469 num.
2168 3435 2198 3455 2.

1443 3477 1446 3482 ’
2124 3477 2159 3498 m
