2397 3664
86 237 143 273 19'

74 982 115 1006 ΞΟ

72 1412 110 1440 ’ρῐ

659 55 745 111 De
780 52 947 112 officio
978 51 1428 110 Ordinar.c.1nter
1444 65 1645 111 caetera.

152 147 345 181 dirimendas
356 170 366 185 ,
387 149 434 181 sex
446 148 532 180 casus
544 147 576 179 in
595 146 799 183 cathedrali,
821 145 869 178 sex
892 145 1004 178 itidem
1015 144 1048 176 in
1066 144 1137 176 aliis

154 191 298 225 Ecclesiis
311 191 514 224 inferioribus
525 191 594 222 sunt
606 191 819 232 distinguendi
830 213 837 220 .

185 234 307 267 Primus
319 236 405 267 casus
415 234 455 266 est
467 235 501 267 in
510 233 694 267 Cathedrali
704 256 713 270 ‚
735 234 788 266 ubi
798 242 863 264 non
874 231 995 264 constat
1002 232 1041 263 de
1059 240 1135 262 con-

144 279 308 311 suetudine
318 278 456 320 eligendi
476 277 761 313 concionatorem,
781 286 834 309 aut
854 273 1014 316 praessandi
1031 273 1135 306 eidem

153 322 383 362 eleemosynam
394 344 403 358 ,
423 331 524 361 neque
537 330 573 351 ex
585 330 670 361 parte
691 319 851 360 Episcopi,
873 328 974 359 neque
994 327 1029 349 ex
1049 327 1134 357 parte

143 364 373 398 Univerlitatis
384 387 393 401 ,
416 364 462 395 vel
477 364 625 394 alterius:
645 365 677 394 &
687 363 737 394 hic
747 362 833 394 casus
842 361 884 393 est
895 371 984 393 extra
991 360 1135 395 dubium.

141 419 185 450 qu
194 408 223 440 ia
233 418 401 449 utrumque
409 417 490 439 onus
512 406 544 437 in
562 406 614 438 sua
634 406 772 438 Ecclesia
790 404 959 437 imcumbit
979 403 1134 443 Episcopo

141 451 206 483 tam
217 462 252 482 cx
264 450 463 491 dispositione
475 449 549 489 juris
562 450 754 486 communis,
766 459 799 480 ut
811 446 861 479 hic
872 449 1002 488 poten&
1011 445 1131 478 dictum

142 494 287 536 estsiipra
300 497 332 525 in
344 502 370 531 5.
385 493 421 524 Θ·
433 493 589 524 ulrmmab.
609 494 703 534 quam
712 503 748 524 ex
759 492 895 524 decretis
907 490 1053 523 Concilii
1063 488 1134 520 Tri-

145 537 272 570 dentini
289 539 322 581 gn
333 535 362 566 d.
375 544 440 576 cap.
456 535 557 577 2.seff.
572 544 598 574 5.
621 535 673 566 ubi
684 535 834 576 Episcopo
846 533 999 574 impedito
1008 534 1135 576 jubetur

146 581 259 613 servati
268 581 431 611 decretum
442 578 588 611 Concilii
597 579 736 617 generali
747 601 756 615 ,
776 580 813 609 de
833 587 900 618 quo
921 575 970 608 liic
984 599 994 612 ‚
1015 574 1052 608 (ῤ’
1062 578 1095 606 in
1105 586 1134 606 c.

144 620 292 664 4.scff..·.4.
304 621 392 654 Hinc
403 621 657 662 §.congregatio
666 621 874 657 consulta‚An
883 619 1048 660 deputatio
1058 618 1135 649 l’rae—

140 665 293 698 dicatoris
307 665 339 697 in
352 663 677 696 CathedraliEcclesia
687 665 841 705 pertineat
854 666 890 694 ad
902 661 1002 694 solum
1014 661 1136 702 Episco-

142 719 227 750 pum.
237 709 282 740 ita
295 719 328 740 ut
339 707 501 742 Canonici
511 708 544 739 &
554 706 741 748 Capitulum
755 718 820 739 non
829 706 943 748 poslint
955 706 982 738 se
997 706 1029 737 in
1041 707 1135 747 depu-

142 752 265 784 tatione
281 750 494 783 intromittere
508 763 514 782 :
537 751 692 791 respondit
706 751 861 791 pertinere
881 752 918 782 ad
930 748 1030 781 solum
1052 747 1135 788 Epis*

138 805 255 836 copum
269 820 277 834 ,
302 795 381 826 Item
402 792 508 835 sepius
529 795 648 826 censuit
675 794 858 835 Episcopum
881 793 981 825 teneri
1002 790 1134 833 propriis

139 838 276 879 expensis
297 839 379 870 alere
398 837 640 870 praedicatorem
662 838 694 869 in
713 837 899 869 cathedrali
923 835 1058 868 Ecclesia
1067 858 1074 866 .
1098 835 1133 866 Id

139 884 224 924 quod
238 881 453 923 multomagis
464 881 611 913 vendicat
625 881 679 912 sibi
693 883 797 912 locum
809 903 819 917 ‚
842 879 861 910 sl
875 880 1039 920 Episcopus
1052 878 1086 909 sit
1099 878 1132 909 in

141 925 325 968 possessione
345 925 505 965 eligendi,
525 924 727 965 &praestandi
738 924 965 964 eleemosynam
977 946 984 953 .

177 968 340 1001 Secundus
351 968 437 1000 casus
445 967 486 998 esl
496 990 505 1003 ‚
527 966 600 999 cum
612 967 778 1008 Episcopus
799 967 889 1007 eligit
899 989 909 1003 ‚
926 968 958 999 &
980 965 1110 1005 populus
1122 986 1132 1003 ,

141 1013 187 1045 vel
201 1012 280 1044 alius
288 1021 326 1043 ex
335 1011 643 1047 consuetudine,non
656 1021 761 1042 tamen
774 1008 1132 1044 immemorabili,eidem

140 1055 259 1098 praestat
269 1053 514 1096 eleemosynam:
537 1054 569 1085 ὅ(
579 1064 655 1086 tunc
666 1056 720 1085 hac
742 1052 970 1087 consuetudine
993 1062 1059 1082 non
1078 1052 1133 1082 ob-

139 1100 239 1132 stante
249 1096 416 1140 Episcopus
426 1119 436 1133 ,
455 1097 511 1137 qui
522 1096 612 1138 eligit
622 1120 632 1133 ,
645 1107 770 1130 tenerur
783 1096 829 1128 illi
841 1096 879 1127 sic
891 1095 990 1127 eleeto
999 1096 1133 1126 eleemo-

145 1144 252 1185 synam
260 1151 390 1182 erogare
400 1163 409 1171 .
431 1139 559 1172 Etenim
578 1139 765 1172 Concilium
785 1140 816 1171 d.
827 1150 852 1171 c.
865 1150 895 1178 4.
917 1138 1035 1170 sustulit
1056 1149 1132 1173 con-

144 1184 344 1218 suetudinem
354 1193 419 1215 non
432 1181 716 1215 immemorabilem
728 1205 738 1220 ,
758 1181 929 1214 seeundum
943 1192 1038 1222 quam
1060 1192 1132 1222 prae-

139 1229 231 1260 statio
251 1226 453 1268 eleemosynoe
471 1225 673 1259 Praedicatori
692 1227 725 1258 in
745 1225 930 1257 Ctaliedrali
950 1227 1135 1265 deputando

138 1271 299 1305 incumbit
309 1270 418 1307 alteri,
437 1269 532 1311 quam
544 1269 694 1311 Episcopo
705 1292 712 1300 .
726 1268 764 1300 Et
777 1269 821 1300 ita
829 1268 889 1300 fuit
901 1266 1004 1310 sepius
1016 1268 1132 1300 resolu-

138 1325 207 1348 tum
219 1338 227 1351 ,
246 1324 281 1346 ut
292 1313 410 1356 patebit
420 1323 458 1346 ex
470 1313 516 1345 liis
527 1336 537 1351 ,
556 1323 624 1355 quae
633 1313 779 1345 dicentur
793 1313 826 1344 in
844 1312 914 1344 casu
924 1310 1064 1353 proxime
1086 1311 1128 1346 se-

139 1358 253 1400 quenti
264 1381 272 1389 .

175 1400 304 1436 Tertius
315 1399 367 1436 est,
377 1400 431 1431 ubi
441 1398 607 1441 Episcopus
617 1399 719 1440 eligit,
730 1402 762 1431 δε
774 1398 1035 1435 Universitas‚vel
1051 1398 1131 1430 alius

138 1456 176 1478 ex
203 1443 447 1478 immemorabili
473 1442 702 1475 consuetudine
730 1443 965 1485 eleemosynam,
979 1442 1095 1483 praestat
1122 1454 1132 1472 .-

137 1489 218 1532 Qo
236 1487 307 1520 casu
326 1487 400 1519 cum
419 1488 456 1519 ab
476 1486 723 1518 immemorabili
753 1497 892 1527 tempore
911 1486 1127 1517 communitas

141 1531 294 1564 Potentiae
304 1529 654 1570 consuevifferpraestare
673 1529 859 1570 stipendium
869 1528 1107 1561 Concionatori
1121 1539 1130 1565 3

140 1577 174 1608 &
183 1574 348 1608 dubitasset
360 1573 527 1615 Episcopus
539 1572 691 1606 Potentiae
700 1595 710 1609 ,
731 1584 771 1605 an
781 1572 877 1614 posset
889 1573 1076 1613 compellere
1086 1582 1132 1603 ci-

144 1619 274 1652 vitatem
285 1620 320 1650 ad
335 1616 483 1658 praediestae
493 1616 729 1648 consuetudinis
737 1616 970 1650 observantiam
984 1628 990 1646 :
1004 1615 1032 1646 S.
1041 1614 1130 1647 Con-

139 1661 285 1704 gregatio
295 1661 416 1693 censuit
428 1660 511 1701 posse
524 1682 534 1696 ,
543 1658 617 1691 cum
626 1659 815 1692 Concilium
825 1670 892 1691 non
902 1659 1055 1691 sustulerit
1070 1659 1130 1690 im-

139 1706 380 1738 memorabilem
390 1703 651 1736 consuetudinem
662 1726 670 1735 .

186 1748 291 1780 Postea
303 1746 376 1779 vero
387 1747 460 1779 cum
471 1746 639 1787 Episcopus
651 1746 836 1787 Eugubinus
847 1745 1003 1782 dubitare,
1015 1756 1054 1778 an
1066 1745 1132 1787 pos-

146 1793 189 1824 set
201 1801 314 1832 cogere
327 1791 483 1831 regulares
496 1792 533 1821 ad
543 1789 792 1831 eleemosynam,
821 1800 916 1831 quam
928 1788 1131 1820 Praedicatori

147 1836 186 1868 ab
198 1832 444 1871 immemorabili
453 1843 594 1874 tempore
613 1832 836 1873 praestiterunt;
862 1835 994 1864 relatum
1016 1832 1073 1864 suit
1094 1835 1132 1864 ad

145 1879 279 1919 Gregor.
293 1877 379 1908 xm.
390 1886 429 1908 an
441 1877 534 1908 vellet
545 1876 700 1909 observari
711 1875 919 1917 supraditstum
931 1875 961 1906 S.
974 1875 1022 1907 Pii
1033 1877 1071 1913 V,
1083 1877 1133 1908 de—

144 1931 269 1953 cretum
279 1943 287 1951 .
305 1919 478 1960 Gregorius
486 1921 524 1951 de
535 1929 574 1951 eo
583 1921 712 1952 decreto
735 1917 823 1952 valde
842 1919 1002 1951 dubitavit
1013 1941 1023 1956 ,
1043 1922 1074 1951 &
1087 1920 1133 1951 in—

144 1963 320 2004 terrogavit
332 1963 535 1995 Cardinalem
544 1962 706 1995 Alciatum
714 1963 790 2005 quid
802 1962 858 1994 fibi
879 1963 1057 1994 videretur:
1077 1962 1133 2003 qui

147 2006 304 2048 respondit
317 2005 533 2038 duriusculum
544 2005 599 2038 sibi
619 2006 719 2038 videri
735 2005 986 2045 declarationem
994 2005 1023 2037 S.
1036 2005 1132 2037 PiiV.

143 2050 219 2090 crim
227 2052 391 2089 decretum
401 2046 665 2089 Conc.d.c.4.n0n
675 2049 827 2081 sustulerit
838 2049 1133 2085 immemorabilem,

145 2096 178 2126 &
189 2096 318 2135 quando
329 2093 429 2125 voluit
441 2093 551 2124 tollere
560 2115 570 2129 ,
587 2092 730 2131 exin-emt
739 2115 749 2129 ,
759 2093 836 2125 &in
848 2093 947 2124 dubio
958 2103 1023 2124 non
1033 2092 1134 2125 cense-

145 2148 196 2170 tur
207 2137 354 2168 sustulill'e
367 2148 374 2167 :
403 2135 508 2168 SanCi.
529 2136 590 2167 Sua
604 2135 663 2167 visa
672 2136 714 2167 est
723 2137 890 2177 approbare
900 2135 1133 2168 distintstioncm

142 2179 519 2216 Card.Ursmi,videlicet
529 2179 549 2210 sl
563 2179 637 2211 laici
648 2178 732 2213 soliti
742 2180 1044 2215 contribueremunc
1055 2190 1134 2220 quo-

142 2234 204 2264 que
213 2223 415 2255 contribuere
426 2223 559 2256 debeant
572 2234 579 2253 ε
591 2222 676 2254 secus
689 2222 710 2254 si
720 2224 889 2263 regulares,
899 2222 1051 2264 quoniam
1062 2233 1134 2263 pra*-

145 2266 324 2299 dicationes
337 2267 417 2298 fiunt
428 2264 580 2307 praecipue
591 2268 627 2297 ad
640 2265 815 2298 utilitatem
835 2266 1008 2302 laicorum,
1027 2275 1135 2297 tamen

143 2310 226 2343 nihil
239 2309 318 2341 certi
331 2309 438 2340 statuit
448 2332 456 2339 .
466 2309 524 2340 Sed
533 2308 609 2350 quia
619 2309 769 2349 agebatur
780 2319 857 2340 tunc
870 2309 996 2341 tantum
1007 2312 1044 2340 de
1055 2308 1135 2349 Epis-

147 2363 229 2394 copo
241 2353 423 2393 Eugubirm,
433 2351 487 2383 cui
497 2352 571 2383 alitis
582 2352 701 2393 scriptae
712 2351 838 2384 fuerunt
849 2353 954 2394 littere
964 2353 1135 2385 secundum

143 2398 306 2429 decretum
316 2396 346 2427 S.
358 2395 407 2427 Pii
419 2396 456 2427 V.
476 2395 549 2427 ideo
566 2395 747 2437 simpliciter
758 2395 1006 2431 rescribendum,
1029 2396 1134 2429 relatis

147 2438 209 2470 suis
219 2438 334 2470 litteris
344 2438 378 2469 in
388 2437 511 2479 Congr.
523 2441 555 2470 ὃ(
567 2439 721 2470 relatione
734 2438 814 2470 facta
824 2438 1024 2471 Sanitislimo
1034 2461 1044 2474 ,
1057 2438 1134 2471 San-

144 2481 236 2514 &itas
246 2480 309 2512 Sua
318 2480 400 2512 dixit
412 2491 446 2512 ut
455 2480 660 2517 observat-ead
672 2483 756 2522 quod
768 2482 843 2514 alias
855 2492 994 2523 tempore
1004 2481 1086 2514 §.Pii
1096 2483 1133 2514 V.

151 2525 304 2566 scriptum
312 2523 414 2555 fuerat
426 2526 462 2554 ad
475 2523 571 2564 ipsum
581 2547 590 2556 .
609 2524 713 2563 Postea
723 2525 798 2557 vero
807 2525 974 2557 dubitante
985 2525 1134 2567 Episcopo

147 2567 292 2600 Reatino
301 2589 310 2607 2
344 2577 383 2598 an
394 2567 489 2606 posset
501 2568 689 2606 compellere
703 2567 937 2600 universitatem
947 2570 984 2599 ad
996 2570 1135 2609 praesian-

144 2614 221 2643 dum
231 2609 468 2645 Concionatori
487 2609 632 2650 salarium
654 2611 741 2651 julita
764 2611 1046 2644 immemorabilem
1057 2623 1135 2645 con-

145 2654 359 2689 suetudinem,
382 2652 503 2684 &faeta
515 2653 668 2685 relatione
687 2653 889 2685 Sanciissimo
907 2653 959 2685 die
984 2664 1030 2692 19.
1051 2656 1132 2698 Maij

147 2695 403 2738 1575.San6kitas
414 2695 476 2727 Sua
485 2695 570 2739 jussit
581 2695 674 2727 scribi
687 2696 808 2728 litteras
821 2696 984 2737 Episcopo,
997 2707 1032 2730 ut
1040 2709 1135 2739 coge-

145 2745 192 2781 ret
210 2738 446 2780 universitatem
468 2741 505 2771 ad
534 2739 717 2771 servandam
746 2739 827 2771 lianc
852 2740 1134 2778 immemorabilem

144 2783 418 2819 consuetudinem,
427 2793 523 2823 quam
533 2782 731 2823 Concu-non
741 2782 860 2814 sustulit
871 2806 879 2813 .
892 2782 930 2815 Et
942 2783 1018 2815 licet
1029 2784 1134 2817 &Pius

147 2827 186 2859 V.
197 2827 281 2859 aliud
292 2826 467 2859 decreverit
480 2837 492 2862 ‚·
514 2826 614 2857 voluit
626 2835 732 2857 tamen
745 2836 777 2857 ut
791 2826 901 2857 litterae
922 2836 1085 2859 manerent
1098 2829 1134 2863 in

143 2869 200 2902 suo
209 2871 323 2902 robore
333 2891 343 2906 ,
361 2870 465 2911 quoad
476 2880 530 2901 eos
542 2868 667 2901 tantum
681 2870 716 2900 ad
728 2879 806 2909 quos
817 2868 929 2910 scripte
943 2869 1060 2902 fuerint
1069 2894 1078 2903 .
1095 2871 1131 2904 In

145 2913 275 2955 reliquis
286 2912 361 2944 vero
371 2912 502 2949 casibus,
514 2914 545 2944 δε
555 2912 633 2943 locis
645 2934 654 2948 ,
670 2912 756 2953 super
765 2913 880 2954 quibus
892 2913 969 2944 nibil
982 2913 1131 2954 scriptum

148 2954 229 2992 fuit,
251 2966 284 2988 ut
293 2956 526 2991 scribet-entur,
545 2954 786 2987 secundumlioc
804 2957 969 2988 decretum
984 2979 992 2993 ,
1013 2967 1047 2989 ut
1071 2959 1135 2989 liaec

147 2999 342 3031 consuetudo
353 2999 614 3031 immemorabilis
626 2997 804 3030 indistinete*
816 2999 1032 3032 observaretur
1043 3022 1050 3030 .

199 3041 335 3082 Ideoque
346 3041 376 3073 S.
387 3041 582 3082 Congregat.
595 3042 632 3073 ab
642 3052 680 3073 eo
691 3051 830 3082 tempore
841 3042 1002 3074 consuevit
1013 3043 1135 3084 respon-

149 3085 222 3116 dere
233 3106 242 3120 ‚
261 3085 340 3124 polTe
351 3085 533 3126 Episcopum
547 3086 579 3116 in
592 3085 607 3115 s
605 3095 643 3116 ua
652 3083 836 3117 Catbedrali
859 3084 1009 3117 Concion
1015 3090 1135 3119 atorein

150 3130 299 3168 deputare
308 3149 317 3163 ,
329 3129 360 3159 δε
369 3129 516 3169 populum
527 3128 734 3160 nihilominus
745 3129 933 3169 compellere
945 3132 981 3160 ad
992 3129 1137 3169 praestan-x

151 3173 224 3202 dam
234 3170 487 3212 eleemosynama
498 3181 638 3213 tempore
648 3194 658 3208 ,
678 3172 766 3213 cujus
787 3172 870 3214 initij
893 3173 1047 3204 memoria
1071 3173 1136 3209 non‘

151 3223 237 3246 extat
247 3235 258 3250 ,
277 3213 407 3253 praestari
416 3213 540 3247 solitam
549 3238 556 3246 .

195 3256 234 3288 Et
244 3256 276 3288 in
297 3256 394 3296 specie
411 3256 574 3297 Episcopus
595 3257 742 3290 Meliten.
765 3258 906 3299 exposuit
925 3258 1025 3290 Sacrae
1047 3257 1134 3291 Con-

150 3299 331 3341 gregationi
350 3299 546 3332 observatum
565 3300 653 3333 fuisse
672 3299 689 3332 a
709 3310 848 3341 tempore
869 3302 1112 3333 immemor-abili
1124 3324 1134 3339 ,

151 3342 250 3375 etiam
261 3350 428 3382 antequam
446 3342 546 3375 Insula
562 3344 680 3376 Militae
691 3343 707 3374 a
720 3343 888 3385 Religione
908 3344 1133 3378 Hierosolymi-

151 3395 226 3418 tana
244 3384 466 3427 possideretur,
490 3395 524 3416 ut
542 3395 680 3427 tempore
695 3386 949 3429 Qiadragesimae
969 3388 1135 3422 eleemosy-

154 3438 195 3460 na
214 3428 404 3470 praestaretur
414 3427 706 3461 Concionatoribus
719 3430 864 3463 Ecclesiae
876 3431 1073 3464 Catltedralis
1090 3433 1128 3463 de

152 3471 324 3505 redditibus
341 3471 501 3514 cujusdam
521 3471 648 3511 gabellae
668 3474 824 3513 appellata:
843 3473 959 3515 [asceta
983 3474 1032 3507 ciel
1041 3477 1135 3512 vina,

238 3514 343 3556 Prosp.
353 3516 381 3548 F
382 3525 492 3554 agrian·
502 3515 534 3545 in
545 3516 572 3547 l.
582 3512 652 3548 Lib.
666 3517 822 3550 Decretal.

2000 55 2112 116 581*

1173 158 1241 187 quae
1253 148 1430 189 antiquitus
1442 149 1476 178 all
1491 147 1556 187 jura
1570 144 1797 178 Univerlitatis
1807 142 1994 186 pertinebat,
2005 146 2038 174 ὃ(
2050 143 2164 176 deinde

1175 192 1211 221 ad
1226 191 1363 231 Magnos
1375 190 1545 228 Magistros
1555 190 1691 221 nescitur
1702 199 1767 229 quo
1786 190 1850 230 iure
1870 186 2009 228 pervenit
2025 197 2035 223 3
2055 187 2110 227 qui
2132 186 2167 219 li·

1173 243 1223 265 cet
1242 235 1359 274 semper
1378 237 1395 264 d
1402 233 1494 264 ickam
1515 233 1743 275 eleemosynam
1763 230 1959 272 praestiterint
1977 239 2014 261 cx
2042 230 2167 270 gabello

1173 276 1316 316 praedic'ra
1328 299 1337 313 ,
1358 286 1465 308 tamen
1477 276 1614 316 Magnus
1628 275 1780 315 Magister
1791 274 1900 307 Petrus
1909 275 1947 305 de
1959 271 2075 304 Monte
2085 283 2165 305 con-

1174 330 1222 350 tra
1235 319 1412 351 institutum
1426 319 1549 350 suorum
1562 318 1790 350 antecessorum
1802 318 1972 359 persolvere
1990 314 2164 352 recusavit,

1181 365 1214 394 a&
1224 363 1401 402 hujusmodi
1415 362 1854 404 eleemosynasderedtlitibus
1876 359 2075 400 Episcopatus
2095 358 2163 390 sede

1176 415 1307 437 vacante
1319 415 1433 437 contra
1443 405 1559 437 dictam
1570 404 1831 436 cousuetudinem
1842 407 1879 436 de
1891 402 1973 435 (asto
1981 402 2118 444 percipi,
2129 404 2162 435 &

1175 448 1398 480 subministrari
1411 447 1572 479 mandavit
1587 458 1596 482 ,·
1620 458 1754 488 cumque
1766 448 1851 488 super
1862 450 1919 479 lioc
1934 447 2100 488 Episcopus
2110 448 2163 479 dc«

1174 492 1383 523 clarationem
1394 514 1402 528 ‚
1421 494 1453 523 oc
1465 491 1637 522 remedium
1650 490 1820 530 postulasset
1834 504 1839 522 :
1863 491 1893 523 S.
1906 490 2027 530 congr.
2039 489 2159 522 censuit

1175 534 1355 566 servandam
1368 535 1425 566 cll'e
1438 534 1697 565 consuetudinem
1709 555 1719 565 .

1214 577 1360 619 Qrartus
1373 578 1458 608 casus
1469 599 1479 613 ,
1499 575 1570 608 raro
1581 587 1685 609 tamen
1696 577 1916 616 contingibilis
1925 577 1967 610 esi
1980 600 1990 613 ,
2011 576 2066 608 ubi
2079 575 2162 618 Epis-

1172 632 1268 662 copus
1294 620 1409 661 praeslat
1424 620 1650 661 eleemosynam
1664 642 1673 654 ,
1692 622 1722 651 ὅ(
1736 621 1864 660 populus
1874 622 1921 652 vel
1933 622 2012 653 alius
2022 620 2113 660 eligit
2123 629 2162 652 ex

1171 674 1371 704 quacumque
1383 663 1628 695 consuetudine.
1651 662 1686 696 Et
1711 663 1769 694 hoc
1789 663 1862 694 casu
1880 663 1997 704 potest,
2018 673 2054 694 ac
2065 662 2159 695 debet

1172 708 1338 748 Episcopus
1349 712 1473 748 perdere
1488 707 1519 739 in
1531 706 1722 747 praestatione
1734 707 1949 749 eleemosynae,
1959 707 2034 747 quia
2044 706 2103 737 boc
2116 705 2160 739 est

1170 762 1251 783 onus
1263 751 1352 792 ipsius
1362 773 1371 787 ‚
1394 761 1426 782 ut
1441 749 1649 791 supradictum
1663 748 1749 780 estin
1760 747 1862 790 primo
1874 750 1943 781 casu
1957 773 1964 780 .
1987 748 2044 780 Sed
2059 748 2158 788 potest

1170 794 1266 826 etiam
1286 794 1473 826 elec-tionem
1495 793 1550 825 sibi
1563 793 1745 825 vendicare.
1768 791 1858 834 Qua
1868 791 1898 825 S.
1910 791 2030 832 Congr.
2049 790 2158 833 saepius

1170 838 1290 870 censuit
1319 838 1556 878 deputationem
1588 836 1794 876 l'redicatiaris
1826 836 1861 867 in
1891 834 2075 867 cathedrali
2118 836 2156 867 ad

1170 880 1270 912 solum
1282 881 1465 922 Episcopum
1477 879 1608 921 (perstare
1630 890 1694 911 non
1703 879 1844 912 obstante
1864 877 2095 911 consuetudine
2114 887 2158 910 et-

1172 924 1234 956 iam
1249 924 1493 956 immemorabili
1508 950 1514 955 .
1537 924 1573 955 Et
1594 924 1626 955 in
1646 923 1744 963 specie
1755 920 1828 954 cum
1849 921 1983 963 petiisset
2001 920 2157 953 declarari

1170 967 1335 1008 Episcopus
1345 967 1634 1005 Caesaraugullanus
1647 989 1655 1002 ‚
1683 969 1718 998 ad
1739 977 1833 1006 quem
1852 965 2022 1006 pertineret
2041 962 2156 996 electio

1170 1010 1383 1042 praedicatoris
1396 1013 1426 1042 iu
1449 1010 1635 1042 Catliedrali
1652 1009 1807 1045 Ecclesia,
1828 1008 1992 1042 &anciset
2015 1007 2157 1040 habenda

1169 1056 1252 1086 ratio
1265 1054 1523 1086 immemorabilis
1534 1053 1848 1092 consuetudinis,un
1861 1052 1956 1083 talem
1967 1049 2156 1082 elecstionem

1169 1098 1279 1133 alteri,
1300 1108 1393 1138 quam
1406 1097 1556 1138 Episcopo
1566 1097 1732 1129 tribueret:
1753 1096 1926 1136 responsum
1945 1094 1986 1125 est
1998 1117 2006 1131 ,
2028 1092 2156 1126 cleobo-

1170 1152 1252 1177 nem,
1264 1144 1294 1173 ἐκ
1305 1142 1543 1181 disputationem
1557 1140 1765 1180 Predicatoris
1775 1139 1808 1171 in
1819 1149 1926 1170 eorum
1938 1136 2083 1170 Ecclesiis
2093 1135 2156 1169 Ca-

1169 1185 1359 1216 tliedralibus
1372 1187 1407 1216 ad
1420 1185 1499 1215 solos
1513 1183 1677 1223 Episcopos
1688 1183 1843 1222 pertinere
1857 1205 1867 1219 ,
1886 1182 1974 1213 nulla
1984 1180 2092 1212 habita
2109 1190 2156 1212 ra-

1171 1228 1259 1260 tione
1270 1227 1493 1269 cujuscumque
1506 1226 1743 1258 consuetudinis
1755 1225 1853 1258 etiarn
1874 1223 2136 1257 immemorabilis
2145 1246 2156 1261 ‚

1166 1282 1229 1313 qua
1250 1271 1321 1303 talis
1341 1269 1453 1302 electio
1464 1294 1474 1307 ,
1492 1272 1539 1302 vel
1562 1269 1724 1310 deputatio
1744 1267 1914 1309 Capitulo,
1938 1268 1985 1299 vel
2006 1266 2156 1307 Episcopo

1168 1313 1229 1346 una
1240 1325 1313 1346 cum
1324 1313 1476 1355 Capitulo
1485 1336 1495 1351 ‚
1517 1312 1575 1346 five
1585 1315 1622 1344 de
1634 1313 1699 1355 ejus
1711 1311 1844 1345 consilio
1853 1334 1864 1348 ,
1885 1321 1938 1344 aut
1950 1310 2051 1343 cuivis
2062 1310 2154 1342 alteri

1167 1367 1375 1398 competeret.

1209 1401 1355 1442 Quintus
1366 1400 1450 1432 casus
1464 1400 1505 1432 est
1517 1408 1531 1441 f
1545 1400 1597 1431 ubi
1618 1401 1747 1440 populus
1757 1421 1765 1434 ,
1788 1400 1834 1430 vel
1857 1398 1934 1430 alius
1944 1407 1982 1430 ex
1992 1396 2156 1429 consuetu-

1166 1444 1239 1476 dine
1248 1466 1257 1480 ,
1280 1454 1347 1476 non
1378 1454 1484 1476 tamen
1506 1443 1751 1475 immemorabili
1769 1442 1861 1483 eligit
1881 1440 2120 1479 Praedicatorem
2144 1462 2154 1476 ,

1168 1498 1262 1529 atque
1273 1487 1320 1519 illi
1331 1487 1372 1518 sic
1384 1487 1484 1518 eleeto
1500 1486 1616 1527 praestat
1629 1485 1859 1519 eleemosynam
1870 1507 1878 1516 .
1901 1484 1941 1516 Et
1950 1484 2010 1516 hoc
2027 1483 2155 1524 quoque

1171 1531 1243 1563 casu
1255 1530 1363 1572 potest,
1375 1540 1409 1562 ac
1421 1531 1512 1563 debet
1524 1529 1690 1571 Episcopus
1699 1529 1890 1562 electionem
1900 1527 1957 1560 sibi
1966 1526 2137 1559 vendicare
2146 1549 2158 1564 ,

1168 1585 1234 1606 non
1244 1573 1385 1606 obstante
1395 1572 1623 1605 consuetudine
1633 1594 1644 1609 ,
1672 1582 1766 1615 quam
1778 1571 1897 1607 sustulit
1907 1570 2036 1604 Concil.
2049 1568 2079 1601 d.
2089 1581 2114 1602 c.
2126 1580 2156 1610 4.

1171 1628 1205 1649 ut
1218 1618 1306 1659 supra
1317 1616 1437 1649 dissum
1447 1616 1489 1649 est
1499 1619 1531 1648 in
1547 1628 1575 1648 2.
1586 1614 1654 1657 casu
1667 1638 1674 1652 .,
1689 1615 1757 1647 ‘Sed
1774 1624 1840 1647 non
1851 1614 1949 1656 potest
1968 1613 2157 1654 compellere

1168 1662 1316 1702 populum
1327 1662 1364 1693 ad
1375 1660 1456 1692 cons
1454 1670 1560 1692 ueram
1570 1658 1811 1701 eleemosynam.
1821 1658 1897 1700 quia
1906 1655 2092 1690 Concilium
2103 1667 2154 1689 eo-

1167 1707 1240 1736 dem
1250 1706 1346 1736 modo
1356 1703 1475 1735 sustulit
1486 1702 1748 1735 consuetudinem
1767 1711 1834 1734 non
1853 1700 2136 1737 immemorabilem
2146 1722 2157 1737 ‚

1169 1746 1339 1779 secundum
1347 1758 1387 1787 qu
1393 1758 1442 1778 am
1454 1746 1599 1787 prestatio
1610 1745 1809 1787 eleemosyne
1819 1744 1921 1780 alteri,
1931 1742 2025 1785 quam
2034 1743 2159 1785 Episco-

1169 1802 1208 1831 po
1220 1792 1251 1822 in
1263 1791 1314 1822 sua
1324 1790 1507 1823 Cathedrali
1521 1789 1679 1821 incumbit
1690 1811 1700 1826 ,
1720 1788 1861 1821 ucetiam
1879 1787 1999 1821 didium
2015 1786 2102 1820 estin
2114 1787 2157 1818 se-

1169 1837 1277 1866 cundo
1289 1834 1362 1865 casu
1374 1844 1410 1868 ex
1422 1833 1578 1866 sententia
1586 1832 1615 1864 S.
1626 1832 1747 1873 Congr.

1211 1877 1321 1909 Sextus
1334 1900 1343 1913 ,
1361 1879 1392 1909 ὃ(
1405 1877 1534 1909 ultimus
1553 1876 1640 1907 casus
1649 1898 1659 1913 ,
1681 1886 1754 1907 cum
1774 1875 1905 1917 populus
1915 1897 1925 1912 ,
1953 1875 2000 1907 vel
2023 1874 2102 1906 alius
2122 1883 2159 1907 ex

1171 1921 1417 1953 immemorabili
1427 1919 1656 1952 consuetudine
1667 1918 1758 1960 eligit
1779 1918 2020 1952 Praedicatorern
2029 1939 2039 1954 ‚
2063 1928 2158 1958 atque

1169 1964 1273 1997 eidem
1285 1966 1395 2004 prxbet
1408 1964 1553 1996 salarium
1564 1986 1572 1993 .
1595 1963 1667 1995 Hoc
1679 1962 1750 1994 casu
1759 1961 1903 2004 quamvis
1924 1961 2161 1993 immemorabi-

1172 2008 1207 2039 lis
1222 2007 1428 2043 consuetudo,
1440 2004 1612 2038 secundum
1622 2016 1717 2046 quam
1728 2006 1818 2041 alius,
1827 2003 1922 2047 quam
1932 2004 2095 2046 Episcopus
2105 2004 2161 2036 eli-

1171 2051 1218 2092 git
1234 2050 1469 2091 Piedicatoi‘ein
1480 2050 1514 2082 in
1525 2049 1577 2081 sua
1587 2048 1783 2085 Catliedrali,
1795 2048 1916 2080 sublata
1926 2047 2021 2080 fuerit
2029 2049 2076 2084 ‚&
2087 2058 2163 2089 prte-

1172 2095 1291 2126 servata
1299 2096 1403 2134 quoad
1415 2092 1647 2134 eleemosynam
1657 2115 1667 2129 ‚
1687 2103 1782 2133 quam
1793 2092 1872 2124 alius
1883 2090 2020 2133 praestare
2032 2101 2092 2122 con
2098 2090 2164 2123 sue-

1172 2139 1216 2169 vit
1228 2160 1237 2173 ,
1246 2138 1335 2179 juxta
1345 2136 1596 2169 declarationem
1606 2133 1791 2176 GregXIU.
1805 2134 1941 2176 superius
1953 2136 2083 2166 relatam
2092 2156 2101 2171 ‚
2118 2144 2163 2166 ta-

1172 2191 1244 2213 men
1255 2180 1309 2211 ubi
1320 2180 1381 2212 brec
1394 2182 1457 2212 duo
1467 2180 1554 2211 simul
1567 2189 1781 2214 concurrunt,
1807 2189 1841 2210 ut
1862 2189 1899 2210 ex
1920 2178 2164 2210 immemorabili

1172 2224 1400 2256 consuetudine
1430 2224 1560 2265 populus
1571 2224 1602 2255 &
1614 2223 1710 2263 eligat
1728 2221 2002 2254 Concionatorem
2014 2244 2024 2257 ,
2042 2224 2074 2253 ὃς
2091 2221 2165 2253 sala-

1172 2267 1254 2299 rium
1264 2268 1404 2308 prebean·
1415 2277 1453 2298 eo
1463 2266 1535 2298 casu
1543 2266 1659 2306 semper
1670 2264 1932 2305 S.Cong.censuit
1944 2265 2024 2305 posse
2034 2264 2162 2306 quidem

1178 2311 1359 2352 Episcopum
1372 2309 1560 2342 elediionem
1572 2309 1626 2341 fibi
1639 2309 1808 2340 vendicare
1820 2308 1886 2343 ‚sed
1898 2318 1964 2339 nou
1976 2308 2166 2348 compellere

1174 2356 1321 2395 populum
1334 2356 1369 2385 ad
1381 2353 1621 2395 eleemosynam,
1632 2363 1730 2393 quam
1739 2351 1786 2383 illi
1796 2352 1833 2382 ab
1844 2350 2088 2387 immemorabili
2098 2361 2165 2391 pre-

1174 2398 1250 2429 stare
1263 2397 1438 2429 consuevit.
1450 2396 1516 2428 Effe
1526 2406 1631 2431 autem
1641 2396 1676 2427 in
1684 2394 1838 2427 elestione
1850 2394 1990 2436 Episcopi
2001 2404 2106 2426 utrum
2119 2393 2165 2433 ip-

1173 2441 1201 2473 se
1211 2441 1301 2472 malit
1324 2439 1563 2471 Praedicatorem
1575 2439 1690 2478 eligere
1699 2460 1710 2474 ,
1721 2438 1793 2469 cum
1807 2439 1935 2478 populus
1946 2459 1955 2473 ,
1977 2438 2023 2469 vel
2036 2437 2114 2469 alius
2128 2437 2167 2469 il-

1175 2485 1239 2516 lum
1263 2485 1301 2516 ab
1320 2482 1563 2515 immemorabili
1582 2491 1721 2522 tempore
1742 2480 1856 2521 eligere
1876 2480 2072 2512 consueverit
2084 2503 2094 2516 ‚
2115 2481 2164 2512 ve‘l

1175 2527 1392 2559 praedicatoris
1410 2525 1597 2558 electionem
1613 2524 1705 2556 alteri
1715 2534 1752 2557 ex
1773 2523 2019 2555 immemorabili
2036 2534 2164 2564 compe-

1174 2581 1295 2603 tentem
1305 2569 1543 2610 relinquere:lta
1554 2578 1659 2600 tamen
1669 2577 1704 2599 ut
1716 2567 1737 2599 si
1746 2567 1909 2608 Episcopus
1920 2566 2096 2607 hujusmodi
2107 2569 2167 2599 ele-

1173 2614 1314 2646 &ionem
1327 2613 1381 2644 fibi
1394 2612 1535 2648 assumat,
1546 2612 1757 2653 populum,vel
1770 2610 1867 2642 alium
1879 2612 1915 2641 ad
1929 2610 2034 2642 solitas
2046 2610 2166 2651 impen-

1173 2659 1218 2690 sas
1231 2655 1426 2697 Predicatori
1437 2657 1614 2696 erogandas
1624 2665 1689 2686 non
1697 2654 1867 2696 compellat
1879 2677 1886 2685 .
1906 2653 1965 2685 Sin
1977 2652 2051 2685 vero
2073 2664 2168 2695 popu-

1175 2702 1259 2734 lum,
1283 2701 1328 2731 vel
1340 2699 1436 2731 alium
1446 2699 1590 2740 praediifika
1601 2697 1750 2730 facultate
1769 2696 1909 2738 eligendi
1927 2696 2168 2737 Predicatorem

1175 2744 1222 2780 uti
1236 2743 1314 2775 smat
1325 2765 1334 2779 ,
1356 2743 1500 2774 eumdem
1511 2751 1624 2782 cogere
1635 2740 1727 2782 poffit
1738 2742 1775 2773 ad
1786 2750 1838 2774 eas
1852 2740 2003 2781 impensas
2015 2763 2024 2776 ,
2044 2740 2166 2782 quasin

1179 2789 1260 2820 lianc
1272 2786 1395 2818 caulam
1408 2785 1543 2825 praessare
1558 2785 1664 2819 solitus
1673 2784 1745 2816 esset
1754 2809 1762 2817 .
1777 2784 1880 2826 Atque
1893 2784 1939 2815 ita
1958 2784 1991 2815 in
2001 2783 2100 2825 specie
2110 2783 2167 2815 res-

1175 2830 1285 2872 pondit
1297 2827 1720 2869 S.Cong.abArcbiepiscopo
1729 2826 1998 2868 Cesaraugustano
2011 2827 2165 2859 consulta.

1218 2873 1254 2904 In
1264 2872 1408 2904 Ecclesiis
1420 2871 1494 2910 vero
1507 2871 1707 2906 inferioribus
1730 2871 1847 2911 primus
1864 2870 1951 2902 casus
1973 2870 2071 2910 potest
2089 2880 2150 2902 con
2161 2890 2172 2897 -

1177 2916 1279 2951 stimi,
1292 2915 1345 2946 ubi
1357 2915 1520 2955 Episcopm
1532 2915 1621 2955 eligit
1632 2936 1641 2951 ,
1661 2916 1693 2945 &
1705 2915 1782 2946 alter
1794 2913 1886 2946 solvit
1909 2915 2138 2957 eleemosynam
2152 2934 2162 2949 ‚

1175 2960 1231 3001 qui
1242 2960 1329 2990 illam
1342 2968 1487 2995 tenetur,
1510 2959 1555 2989 vel
1567 2957 1642 2989 solet
1654 2957 1790 2998 prestare
1802 2980 1809 2988 .
1831 2956 1869 2989 Et
1880 2958 1930 2988 hic
1943 2958 2058 2997 primus
2079 2956 2165 2988 casus

1176 3002 1217 3034 est
1228 3002 1301 3034 satis
1310 3003 1427 3036 clarus:
1437 3002 1512 3042 quia
1524 3001 1559 3032 in
1568 3000 1638 3032 aliis
1649 3000 1804 3037 Ecclefiis,
1814 3001 1908 3041 quam
1919 3000 2162 3033 Catliedralibus

1176 3044 1289 3078 elestio
1301 3044 1551 3077 Contionaroris
1563 3066 1572 3080 ,
1584 3044 1603 3074 si
1616 3043 1747 3076 Par-ochi
1759 3044 1901 3084 impediti
1913 3044 2038 3076 suerunt
2050 3042 2101 3083 ipsi
2113 3052 2165 3082 per

1176 3089 1204 3121 se
1215 3089 1380 3130 ptaedicare
1391 3111 1399 3124 ‚
1411 3088 1423 3119 s
1423 3087 1520 3128 pec'iat
1533 3092 1568 3118 ad
1580 3087 1762 3129 Episcopum
1773 3087 1917 3128 impensis
1927 3097 2046 3121 eorum,
2057 3086 2112 3126 qui
2130 3085 2167 3116 il-

1178 3134 1223 3164 las
1237 3141 1386 3163 tenentur
1400 3154 1409 3167 ,
1422 3132 1467 3163 vel
1483 3131 1581 3162 solent
1593 3131 1740 3171 praestare,
1749 3141 1783 3162 ur
1796 3130 1899 3172 aperte
1912 3139 2042 3171 cavetur
2054 3131 2163 3160 detre-

1177 3186 1212 3208 to
1222 3174 1251 3206 d.
1265 3186 1323 3214 [μμ
1336 3172 1415 3214 verſs
1423 3177 1456 3205 in
1467 3175 1542 3205 aliis
1553 3183 1656 3206 autem
1667 3173 1887 3218 Ecclefiisseff.
1899 3185 1954 3213 242

1219 3217 1305 3249 Hinc
1323 3217 1398 3249 cum
1417 3217 1582 3258 Episcopus
1604 3217 1750 3250 Meliten.
1783 3219 1947 3258 providere
1965 3214 2107 3247 voluisset
2128 3216 2166 3246 de

1176 3260 1417 3293 concionatore
1430 3260 1462 3291 in
1473 3260 1619 3293 suburbio
1629 3259 1944 3302 Vithoriosesubditis
1959 3259 2033 3294 suis,
2044 3260 2075 3289 &
2087 3257 2150 3289 Offi
2158 3276 2165 3280 -

1177 3304 1272 3336 ciales
1294 3303 1383 3343 ipsius
1417 3304 1562 3335 consulto
1580 3304 1664 3345 prius
1690 3304 1815 3343 Magno
1841 3301 1995 3343 Magistro
2006 3301 2100 3337 Petro
2126 3303 2164 3332 de

1179 3347 1291 3378 Monte
1304 3346 1526 3386 respondissent
1545 3346 1732 3380 elec‘iionem
1741 3344 2082 3378 dietiConcionatoris
2100 3353 2165 3376 non

1177 3388 1309 3430 spetstare
1330 3391 1365 3421 ad
1396 3389 1578 3430 Episcopum
1588 3413 1597 3427 ,
1628 3390 1676 3422 sed
1698 3392 1735 3421 ad
1747 3400 1799 3420 eos
1809 3410 1818 3425 ‚
1860 3388 1917 3430 qui
1937 3388 2166 3429 eleemosynam

1176 3431 1469 3466 Concionatoribus
1480 3443 1515 3464 ex
1528 3434 1618 3464 bonis
1631 3431 1857 3464 Universitatis
1869 3431 2071 3466 ministranm
2090 3430 2166 3470 Epis-

1176 3486 1258 3516 copo
1283 3474 1369 3518 super
1388 3477 1447 3507 hoc
1469 3474 1911 3550 declar.tti0nemopossulante
1931 3497 1942 3514 ‚
1970 3475 2055 3508 Sacr.
2075 3472 2166 3505 Con-

1759 3529 1780 3551 0
1825 3528 1841 3560 3
2015 3526 2120 3557 grega-

2186 587 2226 608 22

2178 1406 2215 1437 23
