2397 3664
801 61 886 117 De
907 59 1143 117 consuet·
1155 66 1201 104 C·
1211 49 1349 110 Cum
1363 51 1581 113 diledlus
1593 92 1605 106 .

191 161 260 185 non
275 151 425 185 decidisse
435 153 520 186 hunc
530 152 648 189 casum3
659 152 708 184 sed
718 152 787 194 jure
799 150 899 183 veteri
910 150 1080 182 secundum
1089 153 1175 192 com-

192 204 321 226 munem
340 195 552 234 sententiam,
569 197 607 229 de
625 205 689 238 qua
706 204 759 235 per
776 192 927 229 Curtium
946 192 1059 227 senior.
1078 185 1177 228 conlzl·

192 239 499 275 207.declarandum
511 240 659 271 statutum
677 238 736 271 else
748 237 872 270 nullum
891 259 902 273 ,
931 237 964 267 δε
981 236 1027 268 ita
1043 234 1179 281 referens

192 282 267 311 dum
286 281 485 314 Sanetiffimo
501 282 558 323 qui
577 280 717 321 generali
745 279 975 316 constitutione
999 277 1178 320 hujusmodi

124 330 168 364 43
191 322 305 371 statuta
315 326 401 357 nulla
412 324 584 361 declaravit
597 334 609 358 ,·
635 332 742 360 tamen
753 323 839 354 secus
848 322 890 356 est
902 322 923 353 si
935 321 1084 354 statutum
1094 319 1179 352 exci-

132 1976 171 2007 45

192 376 258 406 piat
266 377 389 400 certum
410 378 508 409 genus
517 366 717 408 personarum
726 367 889 399 dumtaxat
899 387 910 401 ,
929 366 962 397 ὃ(
973 364 1131 404 relinquat
1143 362 1178 394 li-

192 410 346 444 bertatem
355 409 566 445 contrahendi
576 419 649 440 cum
660 409 808 445 omnibus
830 408 900 441 aliis
912 430 924 446 ‚
945 418 980 443 ut
991 406 1176 439 notabiliter

193 454 290 485 tradit
301 454 384 486 Bald.
398 455 431 485 in
442 454 463 484 l.
480 463 505 484 i.
518 452 632 500 §.t-Jus
641 452 785 483 naturale
794 473 805 488 ,
814 462 893 484 num.
909 448 1051 493 10,ff.De
1061 447 1129 491 inst.
1139 448 1177 481 (9⁹

190 496 248 534 jur,
262 497 315 529 ubi
326 506 412 531 tenet
424 496 540 533 statuto
551 495 693 527 civitatis
703 494 785 536 posse
793 495 952 537 prohiberi
962 495 1015 526 sub
1034 503 1128 534 poena
1138 501 1177 525 ne

190 540 261 579 quis
272 539 407 580 accipiat
418 538 614 573 Gibellinam
625 538 659 569 in
674 547 820 574 uxorem,
841 540 875 570 &
893 538 956 570 tale
968 537 1116 573 statutum
1127 545 1178 582 va-

192 583 255 617 lere
265 581 399 622 respec'ku
409 592 507 623 poenae
516 604 527 618 ,
548 581 570 612 fi
580 580 696 615 fastum
718 581 753 614 fit
774 590 898 621 propter
919 580 1056 621 aliquam
1077 578 1178 620 publi-

188 635 259 659 cam
271 625 453 662 utilitatem,
463 624 579 666 Gaspat
589 624 751 662 Caldenin
762 625 953 656 d.c.Gemma
963 646 972 660 ‚
991 621 1028 653 de
1036 621 1177 662 Spinis-el.

191 666 332 699 Roman.
342 670 374 699 in
391 667 470 701 rnbr.
481 665 521 710 ffi
530 671 556 701 S
557 668 627 701 alut.
638 670 773 702 matrim,-
783 671 816 699 in
827 676 858 704 7.
870 667 924 698 col.
936 665 1080 699 Cravett.
1101 662 1177 704 cons.

189 714 263 747 610.-
273 712 350 750 Lege
359 711 543 752 municipali
553 733 563 748 ‚
592 713 625 743 in
643 713 738 752 princ,
749 709 914 751 Qiinimo
925 709 1008 741 Bart.
1020 711 1052 741 &
1064 708 1178 748 Angel,

122 763 171 796 ⁴44
191 755 226 788 in
233 753 256 784 l.
269 755 440 791 Edicimus,
451 759 488 787 C.
501 756 551 787 De
560 755 744 793 Murilegul.
763 751 816 785 lib.
833 763 843 784 i
855 753 996 787 1.dicunt
1007 753 1109 784 valere
1122 751 1178 782 sia-

191 806 297 829 tutum
309 798 476 838 prohibens
486 797 540 831 sub
550 807 638 830 certa
655 808 747 838 prena
759 808 798 829 ne
811 797 895 829 inter
915 797 1058 831 homines
1077 794 1178 827 diver-

187 839 290 874 sarum
301 841 470 877 civitatum
488 841 694 873 contrahatur
714 840 973 875 matrimonium,
1002 836 1178 870 dummodo

188 883 305 926 possint
316 884 442 916 honeste
463 885 581 922 nubere
602 885 685 920 inter
703 883 850 919 homines
872 883 930 916 suae
951 882 1093 918 civitatis
1117 892 1125 916 ·‚
1146 881 1179 914 &-

191 927 337 967 quamvis
347 928 380 960 in
392 927 506 961 statuto
516 927 658 960 civitatis
671 926 776 961 verior
786 927 823 958 sit
835 926 948 967 opinio
969 926 1056 966 Joan.
1076 924 1174 957 Andr.

194 969 229 1001 in
239 981 263 1001 c.
276 973 434 1003 statutum
445 993 455 1007 ,
472 973 505 1002 in
515 973 611 1011 princ,
623 969 702 1011 ver-fi
713 972 805 1002 Facit
814 968 868 1001 haec
880 968 1059 1006 decretalis,
1078 967 1115 999 de
1127 966 1180 998 hae-

190 1022 248 1044 rct.
260 1012 314 1045 lib.
327 1019 356 1046 6.
375 1014 430 1046 ubi
442 1013 608 1047 concludit
620 1013 796 1057 hujusmodi
808 1013 920 1045 statuta
938 1012 1094 1047 laicorum
1114 1021 1180 1048 non

193 1059 297 1090 valere
309 1068 345 1093 ex
357 1056 479 1088 defeciu
490 1056 649 1097 potestatis
660 1079 670 1097 ‚
690 1056 765 1097 quia
782 1056 855 1088 cum
866 1054 1108 1088 matrimonium
1117 1077 1127 1091 ,
1147 1055 1180 1085 ὃς

192 1102 260 1142 ejus
271 1100 362 1133 causa
371 1123 381 1137 ‚
391 1102 425 1131 &
434 1100 647 1141 dependentia
657 1100 694 1131 ab
705 1099 766 1132 illis
778 1099 836 1130 sint
849 1098 1057 1131 Ecclesiastici
1070 1097 1143 1133 fori,
1157 1108 1180 1128 c.

195 1146 299 1177 Tuam
308 1166 319 1181 ,
340 1141 376 1175 de
385 1142 450 1176 ord*-
461 1142 598 1181 dignitae.
611 1145 707 1175 Lator
716 1141 820 1184 quifil,
842 1152 889 1173 int
898 1142 981 1181 legit.
994 1143 1025 1172 δε
1037 1140 1078 1178 est
1089 1141 1147 1172 hod
1155 1141 1182 1172 ie

190 1187 362 1222 diffinitum
372 1187 388 1217 a
398 1185 638 1229 Trid.Synodo,
655 1197 723 1218 can.
743 1187 797 1223 ult,
822 1184 870 1226 ess.
881 1196 931 1225 24-
944 1183 980 1216 de
990 1187 1181 1216 sizcramem.

192 1232 329 1263 matrim.
341 1229 374 1263 Si
385 1229 456 1270 quis
465 1229 582 1267 dixerit
593 1229 698 1267 causas
709 1228 961 1261 matrimoniales
974 1239 1038 1259 non
1051 1227 1183 1268 (peel-are

193 1273 362 1317 adjudices
373 1273 605 1307 Ecclesiasticos
615 1295 624 1309 ,
644 1274 809 1303 anathema
820 1271 856 1303 sit
870 1282 877 1307 3
889 1271 985 1311 ,ludex
998 1270 1185 1306 Ecclesiasti-

191 1328 247 1349 cus
257 1317 350 1349 debet
358 1316 384 1347 se
397 1316 631 1351 intromittere,
652 1325 690 1347 ne
711 1315 781 1346 talis
803 1325 896 1355 poena
917 1315 1062 1355 exigatur
1072 1337 1082 1351 ,
1106 1314 1185 1346 sicut

191 1360 271 1395 facit
280 1363 318 1391 de
330 1370 422 1400 poena
432 1358 686 1394 conventionali,
695 1368 730 1390 ut
742 1358 774 1392 in
788 1357 990 1394 d.c.Gemma,
1001 1357 1037 1389 dc
1047 1357 1184 1398 Sponsas

193 1414 302 1440 tamen
316 1403 336 1434 si
347 1402 514 1435 conditum
532 1403 604 1441 esset
614 1402 630 1432 a
640 1401 806 1442 superiore
825 1401 1043 1433 Ecclesiastico
1057 1424 1066 1437 ,
1087 1403 1189 1442 impu-

193 1448 285 1487 gnari
296 1457 361 1478 non
372 1446 467 1487 poss'et
479 1468 488 1482 ,
508 1457 544 1477 ex
556 1448 615 1477 hoc
628 1456 696 1486 cap,
706 1444 804 1485 Qiod
817 1455 870 1485 pei·
881 1445 1092 1477 exclulionem
1106 1446 1187 1476 certi

190 1491 315 1532 generis
322 1489 522 1531 personarum
532 1512 541 1525 ,
563 1499 596 1520 ut
609 1489 641 1521 in
650 1488 721 1520 casu
741 1488 826 1519 Bald.
845 1488 994 1529 impediet
1007 1489 1186 1520 libertatem

191 1533 393 1566 matrimonii
404 1555 414 1570 ,
446 1543 480 1564 ut
500 1543 535 1564 ex
557 1531 709 1572 pra-distis
727 1531 849 1563 constat
868 1554 876 1563 .
904 1530 1186 1573 Qiemadmodum

193 1587 270 1617 ergo
281 1576 447 1612 conditio,
468 1577 516 1607 vel
527 1575 676 1613 statutum
686 1576 854 1607 excludens
874 1576 890 1606 ὸ.
914 1575 1035 1616 nuptiis
1046 1575 1188 1616 personas

193 1621 289 1653 unius
299 1619 383 1656 sectae
393 1630 459 1651 non
478 1619 609 1660 impedit
630 1617 807 1657 libertatem
829 1618 1029 1651 matrimonii
1041 1618 1189 1655 carnalis,

193 1663 216 1695 fi
228 1664 280 1696 alii
292 1663 440 1704 supersint
449 1685 458 1700 ,
479 1662 592 1694 &cita
612 1671 669 1694 nec
691 1664 855 1697 decretum
874 1663 1045 1695 excludens
1067 1671 1191 1694 certum

195 1716 295 1747 genus
306 1707 505 1745 personatum
518 1706 554 1736 ab
564 1704 719 1737 electione
740 1704 853 1744 paffiva
865 1705 997 1746 impedit
1009 1706 1187 1738 libertatem

192 1749 395 1782 matrimonii
404 1748 540 1789 spiritual
548 1749 572 1779 is
582 1771 592 1785 ,
613 1757 678 1788 cap.
690 1750 774 1780 Inter
784 1749 953 1789 corporalia
964 1771 972 1785 ‚
993 1748 1030 1780 de
1038 1750 1185 1784 translat.

195 1791 358 1833 Episcopi.
382 1792 418 1822 Fr
429 1791 584 1833 quidquid
598 1791 632 1822 sit
643 1795 681 1822 de
693 1792 825 1824 veritate
841 1791 1058 1832 predictarum
1068 1793 1191 1833 opinio-

196 1847 294 1871 num,
315 1836 522 1867 celsatoi-mis
534 1834 703 1867 difficultas
722 1834 782 1866 lioc
802 1835 892 1871 casu,
915 1835 1022 1876 inquo
1043 1835 1190 1867 statutum

196 1880 257 1911 fuit
269 1881 390 1910 editum
403 1880 439 1909 ab
461 1877 593 1918 ipsismet
612 1878 819 1915 electoribus,
839 1881 877 1911 dc
896 1889 1033 1920 quorum
1046 1879 1190 1912 libertate

195 1923 301 1964 agitur
311 1945 318 1953 .

237 1965 404 1997 Accedunt
432 1963 585 2005 praedietis
616 1964 810 2005 regularium
837 1965 988 1996 ordinum
1018 1965 1161 1997 instituta
1182 1989 1190 1997 .

197 2009 282 2042 Nam
297 2009 382 2039 nulla
393 2007 455 2040 fere
469 2007 509 2039 est
521 2007 637 2045 religio
648 2030 656 2043 ,
671 2007 704 2039 in
713 2017 776 2049 qua
788 2018 825 2041 ex
836 2007 1119 2045 constitutionibus
1128 2008 1192 2040 Ca-

196 2052 287 2095 pituli
308 2052 472 2085 Generalis
495 2061 560 2082 non
582 2051 754 2090 reperiatur
774 2051 888 2091 aliquis
908 2051 1134 2089 inhabilitarus
1153 2054 1189 2084 ad

197 2106 319 2136 tempus
331 2097 367 2125 ad
384 2094 573 2126 elestionem
592 2094 762 2134 parmam,-
785 2094 819 2126 in
837 2094 989 2135 plerisque
999 2095 1087 2128 enim
1099 2095 1191 2127 ssatu-

198 2149 266 2170 1um
278 2138 319 2171 est
330 2160 339 2174 ,
362 2147 395 2169 ut
408 2137 572 2168 Generalis
585 2138 630 2171 vel
642 2136 852 2171 Provincialis
871 2137 935 2177 post
945 2139 1103 2179 expletum
1115 2149 1192 2170 tem-

199 2192 254 2223 pus
265 2181 308 2212 sui
321 2180 419 2212 officii
430 2191 494 2211 non
506 2180 620 2219 possint
630 2179 814 2213 immediate
825 2181 900 2220 eligi
914 2183 949 2213 ad
962 2184 1104 2214 eamdem
1115 2181 1191 2213 Pras-

201 2226 354 2256 lationem
370 2235 379 2257 ;
390 2224 535 2264 idemque
547 2223 580 2254 in
593 2223 701 2254 multis
711 2223 921 2263 religionibus
932 2225 1138 2257 constitutum
1150 2225 1191 2257 est

199 2271 238 2305 de
251 2267 483 2303 muratoribus,
502 2268 533 2298 ὃς
556 2266 587 2298 in
607 2266 705 2305 specie
724 2268 763 2304 de
781 2267 1006 2302 diffinitoribus
1019 2269 1048 2300 id
1062 2279 1191 2300 cavetur

130 2315 172 2354 46
195 2311 476 2347 constitutionibus
486 2309 577 2351 hujus
587 2307 860 2350 congregationis
870 2320 937 2351 pig.
953 2318 1002 2343 26.
1017 2315 1042 2349 ξ.
1053 2314 1086 2342 ln
1098 2314 1191 2352 Capi-

193 2355 260 2386 -tulo
271 2377 280 2388 ,
300 2359 337 2386 <5⁶
348 2363 476 2394 pag..12.
497 2354 708 2384 excluduntur
720 2364 784 2385 non
795 2354 943 2385 habentes
955 2356 1001 2388 sex
1015 2366 1113 2387 annos
1124 2356 1192 2386 reli-

201 2398 307 2437 gionis
318 2419 327 2432 ,
351 2398 381 2427 &
395 2397 528 2436 triginta
539 2396 640 2427 aetatis
653 2418 662 2432 ,
686 2399 717 2428 ἃ
739 2397 814 2428 alias
824 2398 1048 2438 qualitatesibi
1060 2398 1192 2438 prsescri-

201 2451 267 2481 pras
281 2463 288 2470 .
311 2439 425 2480 Neque
437 2440 512 2471 vero
523 2439 555 2469 in
567 2440 624 2470 hoc
637 2440 777 2474 dubitari
796 2440 893 2480 potest
911 2443 950 2473 de
971 2442 1120 2483 porestate
1132 2439 1193 2473 Re-

208 2484 363 2524 ligionum
373 2504 382 2518 ‚
399 2483 475 2524 quia
493 2481 613 2513 l'raelati
626 2485 780 2522 regulares
792 2484 839 2525 jus
850 2485 966 2518 habent
978 2485 1192 2526 suspendendi,

205 2529 236 2559 ἃ
253 2526 291 2557 sic
306 2528 341 2559 ad
356 2535 476 2565 tempus
487 2525 672 2561 excludendi
683 2526 822 2560 subditos
832 2527 848 2557 a
858 2528 1005 2567 gradibus
1016 2551 1025 2564 ,
1047 2531 1078 2560 ὅ(
1090 2528 1193 2568 digni-

200 2570 321 2603 tatibus
331 2579 366 2600 ex
377 2578 576 2608 quacumque
587 2568 677 2598 caiisa
687 2569 783 2600 etiam
793 2571 1089 2611 exrrajudicialitet,
1100 2582 1133 2602 ut
1146 2583 1193 2611 pa-

202 2623 247 2645 tet
258 2616 290 2643 in
300 2621 365 2652 cap.
381 2608 478 2652 i.]cffi
495 2621 542 2649 14.
562 2610 691 2642 contii.
712 2611 803 2644 Trid.
826 2616 857 2643 ἅ
878 2615 952 2646 alias
963 2616 1136 2648 declaravit
1150 2615 1193 2646 ili--

202 2667 257 2693 cra
267 2655 490 2695 Congregatio
502 2678 509 2687 .
522 2653 619 2686 Unde
632 2653 708 2685 sicut
719 2654 735 2684 a
746 2654 897 2696 Capitulo
907 2657 1056 2690 Generali
1067 2658 1193 2691 excludi

199 2699 297 2740 potest
311 2700 347 2730 ab
358 2699 513 2729 electione
531 2697 646 2738 passiva
664 2707 767 2729 certus
787 2709 936 2732 numerus
955 2701 1173 2741 religiosorum
1185 2723 1195 2737 ,

202 2743 248 2776 ita
258 2742 382 2774 excludi
393 2742 514 2781 poliunt
526 2740 661 2780 religiosi
675 2740 766 2771 unius
778 2741 917 2777 nationis
928 2765 938 2779 ‚
959 2745 1033 2775 cum
1044 2746 1106 2776 hec
1118 2755 1195 2785 quo-

201 2788 240 2818 ad
253 2786 431 2821 libertatem
444 2783 608 2815 eleiikionis
622 2794 686 2814 non
697 2783 843 2818 differant
855 2784 965 2825 specie,
977 2797 1009 2818 ut
1023 2787 1062 2819 eii
1075 2797 1150 2823 text.
1163 2791 1193 2818 in

201 2829 337 2863 d.l.Cum
347 2830 392 2860 ita
405 2829 548 2866 legatum,
561 2827 660 2863 innisa
670 2827 761 2859 LHoc
770 2826 866 2863 modo,
880 2831 946 2865 §.Si
960 2828 1195 2871 Arri'tz'ae,ff.,De

202 2872 363 2908 condition.
376 2870 413 2903 Θ·
423 2870 615 2911 είτγκοηβνιῐ.
629 2871 680 2902 ubi
692 2873 794 2910 quoad
808 2871 984 2904 libertatem
995 2874 1194 2904 matrimonii

203 2915 338 2947 carnalis
358 2914 561 2955 parificantur
579 2914 716 2946 exclusio
735 2913 911 2954 aliquarum
931 2914 1130 2954 personarum
1142 2927 1196 2948 no·

206 2958 354 2992 minatim
366 2962 413 2992 ,be
426 2957 562 2989 exclusio
575 2957 772 2997 personarum
784 2958 876 2989 unius
890 2957 1030 2988 civitatis
1042 2981 1050 2990 .

249 3000 320 3034 Nec
333 3000 484 3042 praediftis
505 3002 628 3032 obstant
648 2999 779 3034 addiic'ia
792 3000 824 3031 in
835 3001 1030 3032 contrarium
1042 3024 1049 3031 .
1075 3001 1120 3032 Ad
1134 3001 1195 3042 pri-

206 3053 294 3077 mum
304 3044 389 3075 enim
408 3045 611 3085 respondetur
630 3046 776 3082 negando
795 3045 942 3077 statutum
964 3044 1138 3084 astringens
1158 3046 1195 3075 ad

204 3087 388 3125 eligendum
404 3097 440 3119 ex
459 3088 583 3127 gremio
604 3087 683 3118 certi
702 3087 882 3119 monasterii
901 3087 959 3118 eise
981 3097 1094 3120 contra
1117 3089 1163 3130 jus
1187 3099 1195 3123 ·,

181 3151 184 3154 -
202 3129 271 3163 imo
292 3129 378 3161 enim
407 3130 448 3164 est
469 3140 594 3166 tantum
613 3140 720 3170 praeter
744 3130 789 3170 jus
812 3127 982 3162 secundum
1009 3130 1195 3170 opinionem

206 3171 410 3212 Coiiipollell.
431 3175 464 3204 &
485 3175 619 3204 aliorum
631 3184 710 3213 quos
725 3174 816 3206 retuli
827 3173 913 3213 supra
925 3173 956 3203 in
967 3173 1069 3212 primo
1082 3172 1194 3205 funda—

206 3225 317 3247 mento
329 3225 383 3254 pro
395 3215 450 3247 liae
461 3226 567 3256 parte,
589 3217 662 3251 vers.
683 3215 813 3257 Qiarto
835 3217 983 3256 probatur
1003 3216 1195 3250 authoritate

206 3257 388 3294 innocentii
403 3281 410 3288 .
723 3260 726 3261 ⁷

250 3301 467 3342 Reipoudetur
479 3301 614 3333 (ecundb
625 3302 800 3345 hujusmodi
814 3303 960 3335 statutum
971 3324 980 3338 ,
995 3301 1059 3333 cslo
1072 3301 1107 3334 sit
1118 3313 1196 3334 con-

209 3354 258 3376 tra
267 3346 313 3386 jus
324 3366 333 3380 ,
355 3347 507 3376 [amende
518 3346 760 3384 iurercommuni
771 3369 780 3382 ,
798 3348 830 3377 δε
841 3345 1085 3384 circumscriptis
1096 3356 1196 3377 exem-

207 3387 373 3428 ptionibus
384 3390 486 3418 valere
496 3409 505 3422 ‚
526 3387 647 3419 etiamsi
660 3389 711 3424 fiai
726 3391 762 3420 ,ω
775 3389 925 3429 ‘episcopo
938 3389 968 3420 in
981 3388 1196 3428 pra-judicium

208 3431 445 3462 Monacliorum
464 3433 592 3470 quando
609 3431 712 3463 editur
728 3442 764 3463 ex
787 3432 862 3472 ju'la
881 3431 991 3468 causa,
1013 3441 1045 3462 ut
1057 3431 1199 3465 lioccasu

208 3476 474 3514 quemadmodum
494 3483 532 3507 ex
549 3474 714 3508 communi
732 3473 978 3509 canonistarum
987 3475 1143 3509 sententia
1152 3477 1199 3510 di-

2051 70 2147 117 205

1214 143 1298 175 ‹itu-ai
1319 144 1359 174 est
1383 147 1469 185 ίιτμιη.
1491 145 1522 173 in
1547 142 1618 175 vers.
1638 140 1769 184 Qiinto
1787 140 2089 182 qiiand0.flatiitum
2110 167 2118 175 .

1258 184 1474 227 Respondctur
1485 186 1599 223 tertio,
1622 184 1830 218 authoritates
1851 184 1884 216 in
1901 186 2099 219 contrarium
2110 188 2204 219 addu-

1213 225 1277 260 Cras
1296 229 1384 270 loqui
1404 232 1438 261 in
1456 230 1571 263 statuto
1591 228 1756 270 Episcopi,
1773 227 1831 269 qui
1850 227 2021 261 secundum
2033 239 2129 261 unam
2138 230 2206 270 opi-

1213 271 1343 303 nionem
1355 282 1420 304 non
1432 272 1529 313 potest
1546 271 1664 305 atstare
1685 271 1865 308 Monachus
1886 282 1951 303 non
1967 272 2204 306 consentientes

1214 315 1251 345 ad
1263 315 1445 356 ,eligendum
1456 315 1510 347 fibi
1522 315 1685 347 Praelatum
1702 326 1739 349 ex
1758 315 1882 355 gremio
1898 314 2026 348 alterius
2048 315 2204 348 monaste·

1213 356 1254 388 rii
1267 380 1275 388 .
1295 357 1393 390 Unde
1404 369 1469 393 non
1481 360 1654 398 procedunt
1666 357 1685 388 si
1699 358 1846 389 statutum
1865 358 1919 390 fiat
1940 359 1977 390 ab
1987 360 2099 393 eodem
2108 358 2204 400 Capi-

1213 400 1282 431 tulo
1301 400 1535 433 Monachorum
1547 423 1556 437 ,
1578 411 1714 441 quorum
1733 401 1880 437 interest,
1901 411 1938 433 ut
1956 402 2015 433 hoc
2026 401 2205 443 casu‚quia

1213 443 1296 474 valet
1310 443 1458 479 statutum
1468 444 1565 480 etiam
1576 454 1690 475 contra
1709 443 1756 484 jus
1766 454 1936 476 commune
1945 445 1977 476 iri
1989 445 2206 485 praejudicium

1212 485 1355 526 Capituli
1367 486 1532 518 statuentis
1543 508 1552 522 ,
1571 496 1604 517 ut
1615 486 1656 517 est
1667 489 1704 517 de
1725 496 1832 518 mente
1853 488 1939 528 gloss.
1949 486 1998 520 hic
2006 491 2038 520 i'n
2049 499 2114 520 ver.
2125 490 2204 520 Con-

1206 526 1355 569 stitutus3
1376 531 1409 561 &
1420 529 1462 561 est
1475 529 1654 561 communis
1667 529 1778 574 opinio
1787 551 1798 570 ,
1817 539 1850 561 ut
1870 540 1955 573 patet
1965 541 2003 563 ex
2014 530 2107 564 dietis
2115 531 2207 573 supra

1211 582 1292 608 num,
1306 583 1356 608 29.

1256 615 1304 646 Ad
1317 616 1486 650 secundnm
1508 615 1710 655 respondetur
1730 616 1876 655 negando
1900 618 1937 648 ad
1949 617 2146 654 validitatem
2156 617 2212 650 hu-
2231 627 2274 663 47

1213 658 1261 700 jus
1274 658 1380 692 statuti
1393 658 1599 694 necessarium
1611 658 1672 690 esse
1684 658 1867 690 consensum
1878 659 2022 694 omnium
2033 683 2043 701 ,
2064 662 2095 692 &
2106 661 2209 702 fingu-

1214 703 1317 735 lorum
1333 713 1344 737 ‚·
1367 701 1432 734 imo
1444 702 1529 733 enim
1542 701 1654 736 sufficit
1674 700 1839 733 consensus
1861 702 1989 744 majoris
2007 705 2102 743 partis
2113 703 2209 745 Capi-

1215 746 1294 777 tuli:
1318 756 1392 778 tium
1403 745 1476 779 cum
1487 745 1607 777 editum
1620 744 1715 776 fuerit
1736 754 1771 775 ex
1794 743 1870 786 justa
1887 745 1999 781 causa,
2020 746 2130 780 sufficit
2143 758 2209 782 ma-

1213 788 1263 830 jor
1277 799 1344 828 pars
1355 788 1476 825 etiamsi
1489 787 1608 820 auferat
1621 788 1778 828 aliquibus
1787 789 1836 831 jus
1846 787 2012 822 elestionis
2020 790 2139 829 passivae
2150 812 2160 826 ,
2174 800 2210 823 ut

1214 832 1353 863 declarat
1365 833 1463 868 [mola
1473 834 1506 863 in
1525 841 1591 872 cap.
1602 829 1661 873 fin.
1672 833 1705 861 in
1720 841 1765 862 12.
1776 831 1830 863 col.
1845 829 1926 871 vers.
1937 833 2031 863 Circa
2044 831 2210 872 secundam

1215 884 1352 915 partem,
1372 873 1569 916 ififiwodem,
1589 885 1683 915 quem
1696 873 1790 905 refert
1801 896 1810 910 ,
1831 875 1864 905 &
1881 874 2020 914 sequitur
2032 875 2129 907 Felin.
2143 878 2208 908 inc.

1215 920 1243 949 C
1244 916 1295 950 ime
1307 929 1405 949 omnes
1414 941 1423 955 ,
1443 929 1523 950 num.
1541 930 1568 952 2.
1580 916 1658 958 ὀε-νβ
1676 920 1700 949 S
1702 916 1738 948 ed
1747 916 1805 958 ista
1817 918 1967 950 limitatio
1977 940 1987 954 ‚
2004 916 2041 949 de
2052 917 2165 959 constit.
2178 920 2214 951 &

1215 962 1263 995 ibi
1275 962 1372 993 etiarn
1384 961 1462 992 Dec.
1476 973 1556 994 num.
1571 966 1620 1002 36.
1631 963 1664 992 in
1674 963 1773 1001 prima
1784 960 1853 992 leff.
1865 961 1920 993 ubi
1931 963 2075 1002 reprobat
2087 962 2211 1007 opinio-

1217 1015 1290 1039 nem
1310 1004 1425 1044 Angeli
1447 1005 1479 1037 in
1497 1004 1693 1037 contrarium
1715 1004 1862 1044 allegati,
1881 1007 1964 1045 quod
1976 1004 2090 1046 absque
2112 1004 2211 1040 <lubio

1202 1047 1360 1089 'procedit
1373 1048 1431 1079 hoc
1443 1048 1527 1083 casu,
1540 1048 1571 1080 in
1581 1058 1644 1088 quo
1656 1058 1692 1079 ex
1704 1046 1987 1080 constitutionibus
1999 1048 2133 1080 Ordinis
2142 1057 2212 1090 pag.

1218 1095 1269 1127 69.
1282 1089 1406 1130 &seqsp
1419 1090 1639 1126 universaliter
1650 1090 1857 1122 constitutum
1870 1090 1911 1122 est
1922 1113 1931 1127 ‚
1944 1091 2023 1123 utin
2034 1102 2124 1123 omni
2135 1102 2214 1124 con-

1218 1134 1388 1168 sultatione
1401 1133 1459 1166 sive
1471 1134 1504 1165 in
1513 1133 1664 1175 Capitulo
1674 1156 1683 1170 ,
1704 1134 1764 1165 sive
1784 1144 1872 1169 extra
1891 1133 2078 1174 Capitulum
2098 1134 2132 1167 in
2152 1145 2215 1175 qua

1220 1177 1340 1218 aliquid
1351 1177 1566 1209 definiendum
1587 1176 1682 1208 fuerit
1703 1177 1820 1208 secreta
1836 1176 1978 1209 ferantur
1998 1176 2161 1219 suffragia,
2180 1179 2215 1209 &

1219 1222 1304 1262 quod
1317 1222 1417 1262 major
1429 1231 1495 1260 pars
1507 1220 1663 1257 censuerit
1676 1243 1684 1255 ,
1706 1221 1735 1256 i'd
1748 1220 1914 1256 definitum
1927 1220 2125 1262 intelligatur
2134 1243 2143 1257 ,
2154 1222 2187 1252 &
2197 1220 2216 1252 a.

1221 1264 1334 1304 ceteris
1345 1264 1492 1296 omnibus
1501 1264 1599 1298 etiam
1608 1273 1721 1297 contra
1732 1263 1940 1298 sentientibus
1951 1265 2080 1298 decreto
2091 1264 2138 1295 illi
2150 1264 2216 1295 sub-

1220 1307 1394 1343 scribamn
1412 1307 1470 1338 hoc
1491 1306 1579 1338 enim
1598 1306 1669 1341 casu
1690 1305 1805 1339 sactum
1826 1305 1954 1347 majoris
1966 1306 2061 1346 partis
2073 1306 2214 1339 absolute}

1221 1351 1403 1394 praejudicat
1414 1350 1545 1386 minori,
1557 1360 1590 1381 ut
1603 1360 1654 1390 pei·
1664 1348 2061 1390 Angel.ronf269.Punslus
2071 1349 2124 1392 est,
2134 1352 2218 1382 alid:

1221 1396 1349 1434 incipit,
1375 1394 1449 1425 Non
1460 1392 1500 1434 est
1510 1391 1631 1427 dubium
1642 1391 1661 1431 ξ
1673 1395 1704 1426 δε
1718 1392 1795 1430 Dec.
1807 1394 1839 1424 in
1850 1390 1881 1424 d.
1895 1403 1919 1429 c.
1931 1391 2011 1425 Ciam
2032 1403 2130 1425 omnes
2140 1415 2150 1430 ‚
2169 1405 2219 1425 nu·

1222 1448 1295 1472 mer,
1308 1440 1357 1468 28.

1267 1480 1424 1515 Similiter
1435 1480 1665 1513 conclusioilla
1676 1482 1760 1521 quod
1778 1490 1844 1513 non
1864 1479 1996 1515 sufficiat
2015 1481 2132 1526 majors
2154 1490 2223 1522 pars
2243 1482 2285 1524 48

1225 1527 1355 1565 quando
1365 1523 1642 1567 tractaturdejuie
1662 1523 1758 1555 alicui
1779 1522 1967 1561 auferendo,
1990 1525 2134 1566 procedit
2155 1534 2225 1557 tan-

1226 1566 1294 1600 tum
1306 1567 1339 1599 in
1351 1565 1471 1600 aCtibus
1483 1567 1673 1603 voluntariis
1683 1590 1693 1604 ,
1716 1577 1751 1598 ut
1762 1569 1902 1599 declarat
1922 1567 2013 1608 gloss.
2028 1577 2054 1600 1.
2066 1566 2108 1599 ad
2120 1565 2178 1610 fin.
2190 1570 2225 1599 in

1226 1609 1367 1643 d.c.Cism
1377 1620 1494 1647 omnes,
1519 1621 1614 1651 quam
1636 1610 1790 1642 Dotstores
1812 1611 1854 1642 ibi
1868 1611 2083 1643 communiter
2093 1610 2226 1652 sequun-

1226 1663 1295 1691 tur,
1317 1665 1350 1686 ut
1370 1654 1500 1686 testatur
1521 1654 1693 1690 Decumm,
1708 1665 1755 1691 29.
1776 1654 1854 1685 &in
1867 1653 1914 1687 his
1924 1654 2070 1686 terminis
2081 1654 2226 1696 procedit
2273 1689 2277 1694 ,

1226 1697 1318 1738 gloss.
1330 1698 1363 1729 in
1374 1697 1570 1730 contrarium
1582 1698 1716 1738 allegata
1728 1698 1760 1728 in
1772 1696 1802 1729 d.
1813 1697 1927 1741 c.Qia
1937 1706 2054 1739 propter
2063 1700 2096 1730 in
2107 1700 2228 1731 νεηνί-

1227 1752 1258 1772 ce
1268 1743 1398 1772 omnium
1411 1764 1419 1777 ,
1441 1741 1476 1771 de
1487 1741 1569 1772 etesi.
1583 1741 1725 1781 loquitur
1736 1741 1869 1774 enimin
1888 1741 2037 1781 promulo
2049 1764 2057 1777 ‚
2073 1742 2127 1781 qui
2140 1741 2182 1773 est
2194 1753 2225 1774 a-

1226 1784 1294 1816 criis
1306 1784 1390 1821 mere
1403 1784 1600 1816 voluntarius
1615 1796 1622 1820 3
1643 1785 1725 1824 unde
1745 1794 1811 1816 non
1822 1784 1939 1818 mitum
1952 1783 1969 1814 fi
1981 1784 2116 1825 quilibet
2128 1784 2228 1826 potest

1227 1828 1448 1860 contradicere
1461 1838 1499 1859 ue
1511 1827 1650 1867 privetur
1661 1837 1739 1859 voce
1752 1827 1804 1859 sua
1813 1849 1824 1864 ,
1833 1826 2007 1863 secundum
2019 1828 2099 1863 Abb,
2112 1829 2146 1861 in
2155 1840 2180 1860 c.
2190 1830 2226 1861 In

1227 1871 1323 1914 causis
1336 1894 1345 1908 ‚
1358 1870 1393 1902 de
1404 1871 1486 1907 cleti„
1498 1870 1593 1902 Secus
1606 1880 1711 1903 autem
1721 1870 1761 1907 est
1773 1870 1793 1902 fi
1803 1870 1887 1906 adius
1900 1871 1934 1905 fit
1946 1871 2133 1905 necessarius
2143 1894 2153 1909 ‚
2176 1872 2224 1904 vel

1227 1916 1337 1946 saltem
1350 1915 1437 1946 utilis
1448 1937 1458 1951 ,
1478 1924 1512 1946 ut
1535 1914 1594 1946 hoc
1611 1913 1724 1948 casuin
1733 1924 1798 1955 quo
1809 1916 1974 1949 decretum
1985 1913 2044 1946 fuit
2055 1914 2177 1947 editum
2187 1926 2226 1947 ex

1227 1958 1422 1994 necestitate,
1434 1957 1480 1992 vel
1494 1957 1634 1991 utilitate
1646 1957 1776 1998 publicat
1787 1957 1904 1999 quietis
1915 1969 1927 1994 ,·
1938 1957 2014 1999 una
2025 1957 2137 1989 sufficit
2149 1969 2225 1990 con-

1228 2001 1328 2036 sensus
1340 2001 1469 2042 majoris
1480 2001 1576 2042 partis
1588 2025 1596 2032 .
1617 2000 1701 2042 Qiae
1722 2000 1876 2033 limitatio
1895 2000 1937 2033 est
1959 2001 2057 2033 etiam
2068 2001 2226 2034 Innocen-

1228 2045 1278 2081 tii,
1291 2046 1322 2076 δε
1335 2044 1411 2081 DD,
1421 2046 1453 2075 in
1463 2043 1613 2086 cap-Ciam
1625 2055 1734 2081 omnes,
1746 2055 1779 2075 ut
1790 2054 1842 2084 per
1854 2043 1933 2076 Dec.
1945 2042 2061 2085 d.n.36.
2073 2044 2226 2086 Lap.alle-

1223 2098 1289 2127 gat.
1307 2099 1339 2129 13
1351 2086 1586 2129 i.infrassripm
1600 2087 1682 2127 sunt.
1696 2087 1778 2119 Bald.
1790 2088 1855 2119 inl.
1871 2085 1935 2131 1.ffi
1954 2089 2004 2120 De
2013 2087 2148 2129 magistr.
2161 2100 2227 2121 con·

1227 2134 1346 2163 venien.
1359 2132 1404 2163 Ad
1418 2132 1500 2162 idem
1513 2131 1554 2162 est
1564 2131 1652 2172 gloss.
1663 2143 1696 2163 m
1706 2141 1831 2163 extrav.
1852 2131 1986 2170 Provide
1997 2153 2006 2167 ,
2023 2134 2056 2163 in
2075 2143 2139 2163 ver.
2152 2135 2226 2165 Pro-

1227 2174 1344 2217 cesfibus
1354 2197 1365 2211 ,
1384 2173 1424 2205 ad
1440 2172 1495 2217 fin.
1506 2173 1543 2205 dc
1555 2172 1636 2215 sent.
1657 2185 1801 2206 excomm.
1817 2185 1885 2216 quse
1904 2174 1986 2206 di'cit
1999 2174 2037 2206 sic
2048 2186 2055 2205 τ
2079 2174 2149 2207 Ubi
2161 2176 2225 2216 agi-

1228 2229 1278 2250 tur
1288 2221 1326 2251 de
1335 2217 1557 2255 electionibus,
1566 2219 1598 2250 &
1610 2218 1864 2259 similibus,qiiod
1876 2219 1977 2259 major
1987 2228 2054 2259 pars
2065 2217 2225 2254 facinora-

1228 2272 1283 2294 nes
1296 2261 1398 2294 facere
1410 2262 1558 2295 videntur
1569 2284 1580 2298 ,
1602 2272 1636 2293 ut
1656 2263 1677 2294 l.
1691 2261 1780 2310 Qod
1791 2261 1907 2300 major,
1930 2259 1968 2304 ff.
1981 2259 2036 2293 Ad
2045 2264 2222 2302 municipal.

1228 2305 1308 2337 Item
1320 2306 1373 2340 ubi
1384 2304 1499 2338 facium
1512 2305 1656 2336 omnium
1669 2306 1833 2346 relpiceret
1844 2305 2049 2340 debitum,vel
2063 2305 2222 2345 publicam

1227 2349 1404 2381 Utilitatem
1414 2371 1424 2383 ,
1444 2348 1519 2389 quia
1530 2358 1606 2380 tunc
1619 2347 1769 2380 sufficeret
1781 2350 1881 2392 major
1898 2358 1965 2388 pars
1976 2370 1986 2384 ‚
2006 2359 2030 2379 c.
2041 2347 2126 2386 final.
2138 2345 2174 2379 dc
2183 2350 2225 2379 iis

1229 2402 1287 2429 quae
1310 2390 1386 2432 fiunt
1396 2404 1415 2422 a
1426 2391 1533 2429 major.
1545 2391 1802 2433 panCapinHa’c
1813 2391 1900 2432 gloss.
1915 2391 1952 2423 Et
1963 2402 1998 2422 ex
2011 2391 2173 2422 contrario
2183 2389 2225 2424 se·

1227 2445 1377 2476 queretur
1389 2444 1422 2466 ut
1435 2434 1621 2475 Capitulum
1631 2435 1787 2471 Generale
1798 2445 1833 2466 ex
1845 2434 2158 2474 causa-quamtumvis
2169 2445 2225 2467 nc-

1229 2479 1368 2514 ceffaria,
1382 2479 1427 2513 vel
1442 2477 1513 2508 utili
1526 2488 1698 2518 numquam
1713 2478 1807 2517 posset
1821 2478 1988 2509 excludere
2000 2477 2136 2515 aliquem
2148 2478 2184 2509 ab
2195 2488 2225 2510 e-

1231 2521 1365 2555 lec'iione
1376 2521 1507 2561 passiva:
1529 2521 1601 2554 effer
1612 2521 1744 2555 enimin
1762 2520 1911 2563 potestate
1932 2521 1997 2562 ejus
2015 2520 2072 2561 qui
2083 2521 2224 2552 excludi-

1230 2576 1294 2601 tur,
1306 2565 1390 2595 illam
1405 2563 1554 2603 impedire
1564 2586 1574 2599 ,
1599 2563 1618 2595 si
1630 2563 1775 2595 omnium
1787 2585 1796 2599 ,
1808 2566 1839 2595 δέ
1853 2563 2045 2603 singulorum
2057 2562 2223 2596 consensus

1232 2608 1463 2648 requireretur,
1485 2608 1568 2646 quod
1590 2607 1663 2638 esset
1683 2606 1773 2639 valde
1795 2606 1959 2640 absurdum
1971 2628 1980 2643 ,
2003 2607 2034 2639 &
2046 2616 2159 2639 contra
2170 2607 2224 2639 bo-

1231 2662 1306 2684 num
1319 2649 1480 2691 publicum
1498 2649 1691 2690 religionum
1703 2673 1711 2682 .

1275 2695 1321 2725 Ad
1334 2693 1462 2726 tertium
1472 2715 1480 2729 ,
1503 2694 1706 2734 respondetur
1715 2703 1752 2728 ex
1763 2692 1918 2725 Hostiens.
1930 2692 1978 2725 hic
1987 2703 2066 2725 num.
2079 2704 2111 2734 4.
2121 2693 2172 2726 hoc
2179 2693 2228 2733 jus
2246 2707 2288 2739 49

1231 2747 1262 2769 ut
1273 2748 1330 2768 una
1345 2738 1370 2767 E
1374 2736 1479 2777 cclefia
1489 2735 1526 2767 de
1536 2737 1602 2767 ‚alia
1614 2737 1719 2776 eligat,
1729 2748 1784 2768 non
1795 2734 1848 2777 effe
1858 2735 2006 2777 publicum
2016 2735 2087 2777 ,sed
2096 2748 2223 2769 commu·-

1230 2793 1266 2812 ηε
1278 2804 1285 2816 ‚
1307 2778 1437 2812 amabis
1448 2802 1457 2815 ,
1469 2778 1505 2810 de
1514 2779 1619 2820 jurepoz
1627 2789 1666 2811 tr.
1679 2780 1715 2812 (θ’
1734 2792 1758 2812 c.
1770 2783 1794 2811 S
1796 2779 1971 2820 acrofimifla
1982 2802 1991 2816 ,
2011 2780 2048 2811 de
2059 2781 2139 2815 eleH.
2151 2793 2223 2812 nam

1231 2833 1333 2855 contra
1345 2821 1493 2864 publicum
1502 2835 1558 2854 non
1568 2822 1685 2864 prodest
1693 2821 1866 2863 consuetudo
1875 2822 1947 2863 ‚sed
1957 2832 2060 2856 contra
2072 2835 2224 2858 commune

1231 2867 1303 2902 bcnc'
1313 2868 1408 2898 currit
1417 2888 1426 2902 ,
1445 2874 1476 2897 ut
1486 2875 1610 2899 notatur
1620 2865 1668 2899 hic
1677 2869 1709 2898 in
1724 2878 1783 2898 ver.
1795 2868 1946 2907 Interpres
1955 2889 1964 2903 ,
1984 2865 2060 2898 unde
2070 2865 2169 2899 &hoc
2177 2867 2223 2906 „ios

1231 2908 1432 2952 praescribitur
1442 2931 1451 2945 ,
1475 2919 1507 2940 ut
1516 2913 1549 2942 in
1558 2909 1752 2950 crtp.,Abbate
1761 2932 1771 2945 ,
1790 2910 1827 2941 dc
1844 2910 1928 2942 verb.
1937 2909 2039 2951 signifi
2052 2908 2089 2942 ὠ·
2100 2913 2130 2942 E
2133 2910 2223 2952 pisco-

1232 2962 1285 2994 pus
1295 2952 1366 2984 beni·
1377 2952 1468 2994 potest
1479 2951 1579 2992 facere
1588 2963 1690 2986 contra
1700 2952 1750 2987 hoc
1758 2954 1840 2992 jus,c.
1847 2954 1894 2985 De
1902 2963 2001 2985 caetero
2013 2976 2021 2989 ,
2031 2952 2068 2985 de
2077 2953 2223 2994 transatfb.

1232 3008 1256 3028 c.
1272 2998 1354 3038 Atfi
1365 2997 1466 3027 clerici
1477 3018 1486 3032 ,
1506 2995 1542 3026 de
1560 2995 1728 3035 judtcflaec
1741 2996 1914 3028 Hostienfis
1925 3020 1933 3028 .
1954 2995 2054 3038 Qiod
2068 2997 2086 3028 si
2100 2997 2157 3028 hoc
2167 3008 2222 3038 po-

1233 3039 1288 3076 test
1308 3038 1472 3080 Episcopus
1495 3039 1527 3070 in
1551 3039 1767 3081 praejudicium
1795 3038 1936 3080 Capituli
1958 3040 2191 3072 Monacliorum
2212 3063 2222 3077 ‚

1232 3081 1447 3123 multomagis
1458 3083 1574 3123 poterit
1587 3083 1749 3124 ipsummet
1760 3081 1958 3124 Capitulum,
1968 3086 2005 3115 de
2018 3085 2105 3126 cujus
2116 3084 2224 3125 praeju-

1231 3125 1319 3158 dicio
1340 3125 1461 3163 agitur.

1275 3169 1322 3199 Ad
1331 3177 1478 3208 quartum
1491 3191 1505 3205 ,.
1522 3168 1551 3200 id
1568 3169 1612 3205 ‚est
1631 3171 1668 3202 ad
1687 3169 1851 3212 LScyphi,
1865 3169 1903 3212 ff]
1925 3172 1973 3202 De
1991 3178 2048 3208 opt.
2060 3169 2151 3206 legar.
2165 3169 2220 3200 res·
2245 3179 2286 3211 50

1233 3210 1796 3254 pondeturibieleCrioneinlegatarii
1813 3225 1878 3245 non
1901 3214 2022 3247 valere,
2047 3211 2102 3242 nili
2117 3212 2220 3253 scyphi

1233 3264 1343 3286 omnes
1355 3253 1586 3294 legatifuerunt
1599 3256 1751 3293 exhibiti,
1770 3257 1845 3297 quia
1857 3254 1928 3288 cum
1951 3263 2074 3294 propter
2093 3253 2221 3287 illorum

1234 3298 1448 3338 ignorantiam
1470 3299 1638 3336 legatarius
1660 3310 1724 3331 nori
1744 3301 1853 3332 habeat
1871 3297 2052 3330 consensum
2075 3296 2222 3335 liberum,

1234 3352 1300 3373 non
1320 3339 1416 3382 potest
1436 3340 1465 3372 ei
1486 3342 1524 3372 ab
1546 3342 1684 3380 liaerede,
1706 3344 1752 3374 vel
1776 3343 1840 3374 alio
1862 3340 2058 3374 ineiec‘tione
2078 3340 2222 3382 praejudi-

1235 3385 1320 3416 cium
1333 3383 1461 3416 inferri.
1482 3384 1523 3416 At
1534 3386 1592 3416 hoc
1604 3386 1674 3418 casu
1686 3385 1834 3419 eleSlores
1845 3407 1855 3420 ,
1875 3385 1912 3415 de
1923 3393 2058 3423 quorum
2069 3383 2221 3416 exclusio-

1235 3439 1274 3460 ne
1286 3428 1410 3468 agitur,
1431 3427 1647 3467 capitulariter
1658 3429 1878 3460 consenissflrziur
1889 3450 1896 3457 .
1921 3425 2018 3458 Unde
2037 3426 2174 3458 succedit
2185 3426 2221 3456 li-

1234 3471 1384 3509 mitatio,
1404 3471 1612 3512 quxhabetur
1623 3473 1657 3504 in
1668 3471 1793 3504 emas:
1798 3472 1874 3514 ypsaei
1885 3493 1894 3507 ,
1914 3472 1946 3501 in
1950 3468 2042 3513 final.
2056 3469 2121 3501 ibi:
2141 3468 2220 3510 Nist

2125 3521 2164 3543 cx
