2397 3664
534 60 630 119 De
642 58 786 117 offic.
797 60 855 116 &
865 56 1062 131 potest·
1071 58 1186 130 Jud.
1198 57 1450 133 Delegat-
1463 81 1508 119 c·
1518 61 1658 120 Sane
1670 105 1686 126 ,
1723 62 1759 120 il
1775 64 1820 119 21

207 147 279 181 Nec
293 144 576 188 l'upradiffisobssut
589 165 597 177 ‚
618 147 703 185 quod
713 154 786 176 cuin
799 147 889 174 muti
911 142 1070 174 Canonici
1081 142 1157 182 eius-

167 192 238 224 dem
248 190 389 232 Capituli
400 189 457 221 sint
479 189 539 220 viri
549 186 634 220 docti
642 207 653 222 ,
673 188 705 219 &
713 196 822 228 graves
833 206 843 220 ,
862 184 965 227 aptius
975 188 1006 218 ὅ(
1018 184 1157 216 solertius

169 243 314 276 poterunt
335 233 501 274 invigilate
510 231 594 263 circa
611 231 787 262 animarum
796 240 903 261 curaui
912 249 922 263 ,
944 231 978 261 δέ
987 230 1073 270 gregi
1086 239 1154 268 pro-

167 278 258 311 desse,
268 276 362 318 quim
371 275 500 318 quilibet
510 273 654 309 Vicatius
664 292 674 306 ,
683 275 780 304 etiam
790 282 964 313 perpetuus,
974 282 1038 313 arg.
1048 273 1154 303 c.Pru-

167 320 273 352 olentia
281 319 317 351 de
325 316 373 361 0ff·
383 317 591 357 delegat-nam
600 318 638 347 ad
649 316 707 346 hoc
718 315 915 356 respondetur
925 337 933 350 ‚
947 314 1058 349 imo,ut
1070 314 1155 355 supr&

171 366 204 395 in
213 365 368 405 principio
378 362 575 402 probavimus
583 379 593 393 ,
608 359 665 390 hac
676 360 796 390 ratione
806 360 1042 390 communitatis
1054 357 1157 399 potius

105 411 144 449 36
165 410 274 439 cutam
284 407 417 450 negligi.
427 404 525 435 Unde
535 402 611 434 Soto
619 399 703 438 lib-9.
713 400 750 433 de
757 399 850 442 justit.
860 400 898 434 Φ·
907 401 965 440 jur.
976 411 1053 441 qis-4.
1064 410 1156 442 art.3.

172 450 213 482 ad
224 448 282 492 fin.
292 448 331 481 sic
340 449 383 480 :tit
401 458 408 478 :
426 447 537 480 Utrum
546 456 599 477 con
598 453 690 486 gruat
692 445 869 486 sacerdotia
876 455 942 477 cum
950 447 1030 477 curis
1037 446 1158 475 anima-

170 504 237 525 rum
244 489 446 540 Momssteris's
454 488 658 520 aunem-nam
669 498 708 518 ex
718 499 778 520 una
787 496 875 528 parte
884 486 1032 520 videntur
1041 489 1160 520 Mona-

170 535 369 578 chifhlertius
377 553 388 567 ,
403 543 438 564 ac
446 528 635 571 vigilantius
642 528 720 570 posse
723 534 810 570 gregi
816 531 982 572 prospicere
989 543 999 560 :
1010 542 1049 562 ex
1059 531 1160 562 altera

171 590 245 612 vero
257 577 451 618 propinquius
462 576 634 614 Evangelio
644 572 770 606 videtur
780 595 791 609 ,
811 582 846 607 ut
850 576 990 614 proprius
1007 572 1160 606 parochus

164 622 212 666 sit
221 624 254 653 in
253 621 312 663 sua
321 616 472 651 parochia
482 639 491 653 ,
500 620 550 656 qui
559 629 622 650 cum
625 617 692 659 ficis
693 615 829 659 fiibditis
835 615 1032 658 conversetur
1040 637 1050 652 ‚
1062 616 1098 649 Θ
1107 616 1159 648 de—

171 668 259 703 nique
266 662 400 705 confiliis
408 682 418 696 ,
427 668 478 701 ope
487 682 497 696 ,
507 659 545 694 &¹
552 660 807 705 eleemosynarum
816 663 965 700 largitate
973 659 1058 698 juvet
1069 681 1078 694 ,
1089 658 1159 692 cum

170 717 274 740 tamen
290 703 443 739 Monachi
464 704 585 747 nonmfi
599 712 654 744 per
675 706 833 737 Vnt-arium
853 714 919 736 rem
940 701 1160 745 administrare

167 750 276 824 pofflzt
285 761 295 779 .·
305 751 339 781 &
349 746 432 780 certe
442 748 505 779 haec
515 750 596 780 ratio
603 750 683 789 apud
694 758 742 780 me
752 747 869 790 semper
880 747 1014 779 invaluit
1024 769 1032 778 .

258 791 329 824 inus
344 793 441 823 etiam
455 791 553 823 obstat
564 812 574 826 ,
596 793 680 833 quod
700 793 733 824 in
751 792 896 824 terminis
914 792 1036 822 videtur
1057 800 1162 822 tenere

171 836 291 869 Anton.
301 837 340 868 de
350 835 434 867 Butr.
443 834 520 876 conſs
533 842 580 874 51.
589 846 670 866 num.
682 839 711 866 6.
721 834 803 875 vers
811 837 890 868 Item
902 836 997 865 etiam
1006 833 1059 866 hoc
1068 856 1075 863 .

216 879 364 920 Denique
375 888 440 910 non
457 877 574 913 obstat,
594 878 679 921 quod
696 888 734 909 ex
743 878 802 910 hoc
823 880 1011 919 irrogaretur
1021 877 1161 918 praejudi-

171 922 260 956 cIum
269 921 419 963 capitulo
426 941 436 956 ‚
457 923 491 954 ὅ(
499 921 580 954 nihil
590 932 663 954 cum
671 921 851 964 praejudicio
865 921 990 954 alterius
998 919 1035 952 sit
1045 919 1163 952 facien-

2008 84 2099 130 521

1199 145 1273 174 dum
1285 164 1294 177 ,
1302 148 1448 183 capacium
1457 147 1528 177 olim
1536 144 1574 178 de
1581 145 1669 186 cons
1673 144 1741 177 cum
1745 142 1955 189 similibnam
1964 148 2001 178 ad
2011 148 2071 179 lioc
2083 147 2187 189 primo

1200 185 1398 227 respondetur
1406 207 1417 222 ,
1439 188 1505 220 leve
1516 190 1571 221 effe
1580 189 1795 230 praejudicium
1806 210 1814 224 ‚
1822 190 1906 230 quod
1917 188 2074 230 Capitulis
2083 200 2119 222 ex
2127 191 2189 223 hoc

1198 228 1306 262 inserti
1316 230 1402 271 possit
1420 242 1428 262 ι
1447 242 1519 262 nam
1529 234 1744 273 exliipendio,
1764 233 1849 273 quod
1859 231 2002 274 affignari
2022 235 2187 266 consuevit

1198 272 1334 304 Vicariis
1351 275 1572 314 temporalibus
1581 296 1591 310 ,
1612 275 1717 307 saltem
1737 277 1881 308 addendo
1900 277 1978 317 quid
1999 278 2158 308 modicum
2175 298 2186 311 ,

1200 318 1313 356 poterit
1322 317 1468 348 constitui
1481 320 1584 358 portio
1600 317 1671 359 ipsis
1681 319 1817 350 vicariis
1826 319 1980 360 perpetuis
1990 339 2001 354 ,
2022 321 2056 352 &
2077 330 2114 351 ex
2126 321 2186 351 hoc

1199 358 1312 390 melius
1321 380 1331 393 ,
1353 370 1389 391 ae
1400 359 1534 392 securius
1543 370 1688 401 poterunt
1697 361 1763 393 suas
1771 362 1978 394 conscientias
1997 372 2166 395 exonerare
2175 384 2186 398 ,

1200 402 1232 433 &
1245 403 1270 432 le
1281 404 1416 434 eximere
1432 403 1448 434 εὶ
1459 403 1624 438 molestiis,
1645 414 1711 444 quae
1719 404 1882 437 occasione
1904 405 2074 447 frequentis
2085 416 2188 439 muta<

1204 445 1299 477 tionis
1311 445 1511 477 Vicariorum
1521 449 1704 487 contingere
1715 447 1811 479 solent
1822 471 1829 477 .

1245 487 1390 520 Secundo
1399 509 1409 522 ,
1419 488 1633 530 respondetur,
1641 489 1712 521 cum
1722 492 1871 523 damnum
1880 491 1915 524 fit
1927 493 2098 526 minimum
2108 514 2118 528 ,
2127 503 2191 525 non
2217 502 2254 534 37

1203 530 1301 562 effein
1318 531 1585 565 consideratione,
1609 542 1641 564 ut
1658 533 1735 564 dicit
1744 534 1826 574 gloss.
1836 534 1869 565 in
1886 534 1916 566 d.
1926 544 1991 576 cap.
2001 535 2082 569 Cum
2096 536 2169 568 olim
2179 549 2188 567 .-

1202 575 1236 605 &
1252 573 1459 606 nihilominus
1477 575 1596 607 etiamsi
1614 576 1682 607 esset
1701 576 1922 610 considerabile
1930 581 2081 611 damnum
2098 582 2192 620 parti-

1202 617 1323 654 culare3
1344 617 1463 649 utilitas
1485 627 1590 650 tamen
1612 619 1734 659 publica
1755 618 1896 651 Ecclesia:
1917 621 2104 662 praeferenda
2125 624 2165 654 est
2184 646 2191 653 .

1203 659 1323 692 Textus
1333 681 1342 695 ,
1354 660 1459 702 juncta
1469 662 1588 701 gloffiin
1597 662 1693 693 verbo
1703 682 1712 696 ,
1723 661 1929 705 Proferenda,
1939 664 1979 696 est
1989 667 2022 696 in
2031 673 2093 705 cap.
2104 668 2194 698 Scias

1204 712 1233 742 7.
1245 713 1290 741 qu.
1308 714 1331 735 1.
1345 704 1380 735 1n
1390 705 1480 736 omni
1491 706 1578 736 enim
1585 704 1786 745 dispositione
1808 706 1994 747 intelligitur
2003 717 2130 749 excepta
2141 720 2195 749 pu-

1206 747 1285 778 blica
1294 747 1413 779 utilitas
1422 768 1432 782 ,
1441 746 1610 791 l-Jubemus
1617 748 1733 780 nullum
1743 769 1752 783 ,
1762 750 1795 782 &
1807 749 1849 780 ibi
1861 748 1944 781 Bald.
1953 752 1990 782 C.
2000 749 2194 793 desacrosan.

1205 791 1236 821 E
1239 789 1324 830 ccles-
1335 791 1355 822 l.
1367 793 1405 822 Si
1413 793 1476 829 quis
1485 793 1517 823 in
1525 795 1621 831 gravi
1630 812 1639 827 ‚
1674 790 1726 823 ‚ad
1732 793 1902 824 Sillanian.
1913 791 2036 825 Salieet.
2046 795 2108 824 inl.
2121 807 2147 826 2.
2158 798 2195 827 C.

1204 833 1242 865 de
1252 834 1376 866 Noxal.
1386 834 1540 866 Gambara
1550 835 1571 867 l.
1583 845 1612 874 7.
1647 846 1662 867 e
1671 835 1749 876 offic.
1761 834 1799 867 ώ·
1803 833 1942 876 potestat.
1955 837 2028 874 Leg.
2037 835 2075 867 de
2089 838 2196 869 Later.

1204 889 1284 909 num.
1300 887 1368 917 194.
1379 877 1514 910 Utilitas
1524 889 1629 911 autem
1638 880 1759 919 publica
1777 878 1914 912 consistit
1924 881 1957 910 in
1969 879 2061 912 lucris
2071 900 2080 914 ,
2100 880 2133 912 &
2145 881 2199 913 Sa-

1205 922 1384 953 cerdotibus
1392 941 1402 957 ,
1424 933 1448 954 c.
1449 922 1478 964 J
1480 933 1513 953 us
1519 920 1672 963 publicum
1686 932 1711 954 1.
1722 919 1793 965 dist.

226 1181 232 1187 ,
279 1121 388 1179 DE
417 1119 746 1186 OFFICIO‚
777 1121 873 1176 ET
907 1118 1332 1176 POTESTATE
1365 1121 1650 1184 JUDICIS
1682 1119 2093 1178 DELEGATI.

771 1244 1013 1295 Alexander
1045 1251 1118 1294 ΙΙΙ.
1154 1250 1366 1295 Carnoten.
1399 1247 1588 1313 Episcopo
1604 1282 1633 1300 ·,

827 1363 1342 1421 CAPUT
1449 1364 1555 1419 XI.

176 1501 211 1528 2.
223 1489 277 1572 S
290 1491 377 1530 Αιιὲ
386 1491 471 1540 quia
480 1501 577 1529 nos:
603 1491 764 1530 &infr-ti.
788 1491 879 1528 Tuae
888 1489 1261 1537 quaestioniduxirnus
1272 1488 1597 1538 respondendum,
1617 1489 1837 1537 quodjndex
1856 1490 1995 1528 &nobis
2020 1489 2207 1538 delegatus

302 1541 404 1578 vices
416 1540 558 1577 nostras
566 1541 683 1586 gerit,
706 1538 856 1577 undein
866 1537 1213 1586 eausaillasuperior
1230 1536 1298 1579 est,
1323 1538 1590 1582 &majora-lis,
1615 1548 1778 1585 quorum
1805 1539 1948 1577 causam
1961 1536 2115 1586 suscepit
2140 1549 2207 1575 ter—

176 1587 412 1625 minandam.
436 1588 604 1635 Ideoque
628 1587 653 1625 fi
679 1587 902 1635 Episcopus,
926 1587 987 1625 vel
1004 1586 1072 1624 alia
1090 1586 1266 1633 persona,
1292 1597 1373 1634 quae
1399 1598 1479 1624 non
1504 1585 1548 1622 sit
1571 1586 1617 1623 de
1643 1585 1890 1627 iurisdictione
1909 1587 2021 1627 illius,
2047 1588 2087 1623 in
2104 1586 2206 1624 causa

174 1646 290 1683 quam
301 1637 335 1673 ei
351 1637 583 1684 delegamus,
606 1636 753 1673 rebellis
772 1645 832 1673 aut
841 1646 1044 1673 contumax
1064 1635 1191 1674 fuerit,
1218 1633 1420 1672 secundum
1440 1635 1654 1682 qualitatem
1665 1634 1745 1672 facti
1764 1636 1905 1683 poterit
1926 1636 1984 1673 vel
2002 1635 2205 1675 interdicti,

173 1683 236 1721 wel
254 1683 497 1733 suspenfionIS
513 1683 722 1721 sententiaa}
739 1684 860 1727 judice
877 1683 1050 1731 delegato
1069 1682 1248 1729 compelli
1261 1696 1274 1721 ς,
1296 1683 1347 1720 ita
1363 1683 1466 1731 quod
1490 1683 1595 1725 iudex
1613 1683 1817 1720 secundum
1836 1684 1982 1731 negotii
2019 1683 2206 1720 ualitatem

173 1732 384 1780 temperate
401 1731 631 1781 procedens,
656 1731 843 1780 Episcopo
862 1731 922 1769 vel
945 1729 1143 1779 ingressum
1162 1731 1353 1773 Ecclefiae,
1375 1731 1433 1768 vel
1460 1730 1684 1768 sacerdotale
1702 1730 1875 1769 officium
1899 1733 1996 1769 inter
2025 1732 2115 1774 icat5
2140 1739 2204 1769 aut

173 1780 289 1819 etiam
306 1781 569 1821 terramiilius,
593 1780 1135 1829 quaeadjurisdistionemsuam
1142 1780 1326 1829 pertinet,
1349 1778 1555 1829 specialiter
1570 1779 1776 1818 interdicto
1785 1779 1989 1829 supponat.

429 1887 912 1924 SUMMARJUM.

221 1981 236 2004 1
259 1972 492 2050 DElegatus
504 1977 634 2016 Papaein
643 1975 733 2015 causa
747 1973 810 2018 fibi
819 1974 970 2017 commissa
984 1975 1170 2018 jurisdiflio-

357 2026 426 2063 nem
445 2015 534 2051 habet
548 2019 642 2061 super
662 2017 868 2052 Ordinarium
886 2040 896 2054 ,
918 2019 956 2052 ά·
976 2029 1171 2058 quemcunque

216 2112 237 2136 2
255 2069 474 2190 Pegsgbzrfesiza
491 2104 626 2148 diversis
639 2103 816 2148 respeiis'bus
829 2101 927 2148 potest
941 2104 995 2148 effe
1008 2106 1170 2148 superior,

358 2157 392 2177 m
409 2157 509 2179 ertor.

216 2196 236 2230 3
257 2188 324 2222 Del
325 2198 430 2229 egatus
436 2192 526 2231 Papae
532 2192 626 2235 potest
640 2191 804 2233 procedere
811 2194 908 2225 etiam
928 2202 1036 2225 contra
1046 2192 1171 2233 Episco-

298 2239 372 2272 pum
379 2253 391 2268 ‚
411 2236 462 2272 qui
469 2237 503 2267 in
511 2235 601 2277 causta
611 2238 640 2268 ei
647 2234 789 2276 delegata
805 2245 970 2269 contumax
980 2256 991 2272 ,
1011 2245 1064 2268 aut
1074 2234 1171 2268 rebel-

301 2275 345 2306 lis
359 2279 524 2313 extiterit,
545 2291 574 2310 n.
589 2288 635 2319 15.

215 2327 238 2359 4
256 2315 393 2359 Inferior
400 2320 564 2359 aliquando
578 2320 819 2364 iurisdietionem
839 2320 930 2355 habet
938 2324 971 2354 in
982 2322 1072 2363 fisum
1081 2321 1172 2363 supe-

304 2363 418 2394 riorem
428 2383 439 2398 ‚
456 2363 494 2396 Θ
502 2367 599 2397 etiam
605 2364 701 2407 potest
710 2368 744 2397 in
754 2376 820 2397 eum
837 2365 1105 2398 animadvertere.

218 2411 235 2443 5
259 2405 427 2443 Delegatus
435 2407 455 2438 a'
464 2407 546 2441 Sede
555 2409 592 2441 A
590 2408 686 2451 postol
688 2411 737 2442 ica
752 2411 835 2448 gerit
844 2411 927 2440 vices
935 2411 1023 2449 Papae
1034 2431 1042 2439 .

216 2450 237 2479 6
259 2445 426 2479 Interditzo
436 2461 477 2481 an
478 2450 606 2491 supponi
621 2453 707 2494 poffit
717 2462 781 2484 tota
795 2454 912 2484 civitas
932 2454 983 2483 vel
993 2451 1127 2494 dioecests
1137 2451 1172 2484 ob

304 2494 524 2523 contumaciam
535 2494 678 2534 Episcopi
686 2515 695 2529 ,
707 2494 744 2527 (ῥ’
751 2494 956 2536 n-fiqq.usque
965 2494 1008 2527 ad
1016 2505 1065 2527 nu.
1082 2505 1091 2526 1
1101 2503 1126 2533 5.

216 2541 239 2573 7
259 2534 388 2565 Civitas
406 2535 460 2566 vel
469 2536 615 2579 Dioecests
621 2539 758 2577 pertinet
778 2537 820 2570 ad
827 2537 1067 2579 jurisdiffionem
1077 2540 1107 2570 E
1108 2536 1170 2579 pis-

305 2579 370 2616 copi
379 2578 413 2607 in
422 2577 637 2618 spiritualibus
646 2600 657 2615 ‚
675 2591 704 2611 n.
717 2590 764 2620 14.

215 2621 237 2652 8
260 2620 338 2651 Non
346 2629 448 2651 tamen
457 2620 573 2654 dicitur
578 2625 703 2663 propria
710 2623 805 2666 ipsius
811 2624 957 2666 Episcopi
970 2647 979 2656 .

261 2665 463 2696 Contrarium
471 2685 482 2699 ‚
503 2676 533 2696 n.
549 2675 595 2706 14.

215 2715 238 2745 9
259 2705 410 2757 Interdici
419 2706 513 2749 potest
529 2717 615 2741 terra
622 2707 657 2742 ob
676 2708 818 2742 delifium
826 2712 956 2743 Domini
965 2731 976 2746 ,
997 2711 1051 2743 vel
1065 2711 1168 2745 Reii-o-

305 2760 368 2785 rus,
390 2761 470 2781 num.
484 2761 530 2791 13.

197 2800 238 2825 ιο
258 2794 394 2868 Regium
409 2792 444 2826 ob
450 2792 595 2878 Jesstl'c'lum
617 2798 728 2835 Regis,
750 2797 882 2830 &terra
891 2795 1030 2840 feudalis
1039 2794 1073 2830 ob
1088 2795 1168 2830 deli-

335 2847 384 2868 um
405 2848 448 2869 va
471 2849 492 2869 a
518 2851 530 2869 ι
540 2861 548 2869 .

199 2886 235 2910 11
259 2877 460 2912 Interdic‘lum
475 2879 517 2922 est
529 2889 619 2922 poena
627 2882 824 2923 spiritualis.

200 2930 214 2953 1
221 2932 238 2952 2
260 2922 429 2967 Tranfitus
438 2922 481 2965 est
482 2924 617 2968 facilior
623 2928 656 2958 in
663 2925 837 2959 habentibus
849 2926 1021 2971 symbolum
1031 2953 1039 2960 .

198 2972 237 3004 13
259 2966 422 3007 Episcopus
430 2966 545 3000 dicitur
562 2969 720 3011 Officialis
729 2973 894 3002 communis
901 2993 909 3001 .

198 3013 235 3047 15
257 3008 426 3048 Delegatus
442 3009 636 3053 Apostolicus
646 3012 744 3055 potest
750 3011 906 3054 procedere
921 3023 1030 3046 contra
1045 3015 1075 3046 E
1073 3013 1169 3056 pisco-

300 3059 372 3091 pum
386 3051 528 3087 rebellem
536 3076 546 3090 ,
567 3065 621 3088 aut
637 3066 839 3089 contumacem
849 3078 859 3092 ‚
880 3059 976 3090 etiam
992 3065 1050 3098 per
1066 3057 1167 3098 censii-

303 3105 357 3125 ras
365 3096 596 3141 Ecclesiasticas
604 3122 612 3130 .

200 3139 238 3169 16
259 3134 360 3169 Debet
373 3147 477 3172 tamen
483 3143 517 3173 in
532 3140 581 3174 his
597 3141 720 3186 deferre
739 3143 889 3184 dignitati
908 3142 1090 3188 Pontificali
1097 3164 1107 3179 ,
1127 3141 1166 3177 ό

297 3179 429 3221 servare
437 3182 573 3217 ordinem
581 3184 630 3218 hic
637 3186 821 3228 descriptum
830 3208 841 3222 ,
862 3199 891 3219 n.
903 3190 950 3228 38.

196 3232 209 3255 1
215 3231 234 3261 7
255 3222 496 3263 Conservatores
504 3230 698 3268 Regularium
706 3241 747 3262 an
753 3231 859 3273 poffint
870 3228 1029 3271 procedere
1032 3238 1090 3271 per
1096 3242 1164 3264 cen-

295 3266 388 3308 suras
395 3277 501 3301 contra
510 3272 682 3313 Episcopus,
693 3271 731 3306 <5
739 3274 818 3306 alios
820 3274 990 3315 superiores
999 3295 1009 3309 ,
1018 3286 1047 3305 n.
1053 3283 1101 3315 37·

196 3311 235 3344 18
255 3310 514 3350 Angelopolztani
528 3316 557 3346 E
559 3314 670 3356 pisiopi
679 3318 713 3348 in
728 3316 827 3350 Indiis
836 3315 1082 3350 Occidentalibus
1097 3328 1163 3350 cum

135 3375 152 3388 .
300 3355 326 3386 S
327 3355 453 3386 ocietate
463 3356 493 3398 J
495 3355 542 3396 esu
562 3360 771 3402 controverfia
792 3361 886 3403 super
905 3372 959 3392 con
976 3358 1130 3402 effionibus
1150 3381 1162 3396 ι

298 3394 514 3437 predicatione
521 3419 532 3434 ,
552 3400 590 3433 ό*
598 3403 711 3444 Confer
716 3412 854 3436 vatorum
862 3404 949 3447 juris
963 3403 1070 3437 ictione
1079 3424 1089 3440 ,
1111 3415 1160 3439 rev

295 3439 401 3483 fertur
410 3461 420 3476 ,
441 3452 521 3474 num.
531 3452 583 3483 4¹-

260 3484 293 3516 E
295 3485 475 3516 xaminatur
483 3497 512 3517 n.
524 3497 536 3519 1
542 3496 572 3524 9.
583 3485 705 3528 &seqq
716 3490 802 3531 afflue
810 3489 852 3524 ad
858 3502 887 3525 n.
898 3502 949 3533 40·

349 3529 488 3568 fagnan.
499 3531 533 3561 in
541 3532 565 3562 I.
579 3529 646 3564 Lib.
658 3533 815 3566 Decretal.

1297 1889 1464 1924 Decia'itur
1473 1893 1505 1921 in
1515 1893 1541 1921 (⁹
1547 1904 1553 1917 a
1574 1893 1758 1928 gregatione
1766 1889 1808 1921 ad
1818 1887 1870 1922 hoc
1879 1887 2025 1928 deputata
2034 1907 2044 1922 ,
2053 1885 2092 1920 &
2098 1884 2164 1918 deci
2160 1886 2190 1929 fi
2193 1897 2208 1916 o

1340 1933 1556 2014 tkSanfltffimo
1568 1949 1576 1965 ι
1584 1932 1769 1965 (infirmatur
1779 1953 1792 1969 ,
1812 1944 1861 1964 nu.
1872 1943 1926 1973 40.
1934 1930 1972 1964 ό*
1983 1930 2071 1972 seqq,
2079 1929 2165 1971 ufiJue
2175 1932 2208 1960 in

1368 1988 1435 2009 nem
1448 2000 1454 2006 .

1236 2029 1275 2059 19
1296 2016 1354 2053 An
1374 2021 1517 2060 Epist-vm
1526 2034 1534 2047 e
1547 2022 1705 2060 preripere
1722 2020 1807 2061 pofflt
1822 2019 1888 2060 ftis
1898 2016 2034 2059 subditis
2043 2037 2054 2051 ,
2075 2027 2112 2047 ne
2132 2017 2206 2047 alie-

1341 2074 1417 2096 nent
1434 2066 1545 2104 pradia
1566 2064 1762 2101 &griffinum
1780 2064 2013 2103 privilegiatis,
2035 2060 2096 2103 nist
2112 2070 2146 2090 re
2163 2070 2211 2089 cr*

1345 2109 1433 2139 vatis
1454 2108 1592 2150 Ecclesia
1616 2110 1741 2138 decimis
1751 2130 1758 2137 .

1233 2162 1274 2183 20
1295 2151 1473 2183 Decimalia
1477 2150 1592 2190 pradia
1612 2152 1746 2182 alienari
1759 2147 1954 2190 prohibentur
1969 2145 2025 2190 fisb
2035 2143 2210 2179 conditione

1342 2194 1378 2226 de
1396 2205 1453 2225 non
1465 2195 1625 2234 solvendis
1643 2194 1768 2225 decimis
1779 2205 1790 2229 ,·
1814 2201 1896 2225 tenet
1917 2201 2020 2224 tamen
2041 2190 2207 2224 alienatio,

1335 2235 1393 2278 sed
1411 2239 1545 2269 conditio
1564 2239 1698 2269 vitiatur
1709 2260 1716 2267 .

1234 2289 1271 2312 21
1295 2282 1421 2313 Locatio
1431 2280 1607 2320 praeliorum
1616 2280 1810 2312 decimalium
1817 2282 1926 2313 ineos,
1949 2280 1998 2316 qui
2008 2275 2208 2318 exconsuetu-

1342 2323 1414 2356 dine
1423 2335 1482 2355 non
1486 2323 1615 2364 salvum
1626 2326 1758 2356 decimas
1766 2345 1776 2358 ‚
1798 2322 1840 2364 est
1846 2320 1997 2363 prohibita
2005 2343 2012 2350 .

1234 2378 1273 2400 22.
1293 2369 1460 2400 Societatis
1466 2368 1496 2411 J
1497 2368 1564 2408 estc,
1584 2366 1762 2399 &aliorum
1772 2365 1930 2398 Ordinum
1945 2364 2109 2404 Regulares
2118 2360 2208 2394 audi-

1341 2421 1376 2442 re
1397 2422 1456 2443 non
1472 2409 1586 2452 poffimt
1603 2409 1791 2452 confeffiones
1811 2408 2006 2450 personarum
2017 2405 2207 2446 secularium

1342 2454 1406 2496 fine
1421 2453 1634 2494 approbatione
1655 2451 1799 2493 Episcopi
1814 2451 1975 2494 diaecesani
1984 2471 1994 2486 ,
2015 2459 2094 2481 num.
2106 2460 2158 2490 42.
2168 2449 2206 2482 Θ

1343 2508 1422 2530 num.
1436 2506 1484 2537 54.
1496 2495 1534 2529 &
1543 2505 1589 2536 55.
1916 2539 1922 2545 .
2079 2537 2084 2544 Ι
2185 2537 2191 2543 .

1233 2550 1271 2583 23
1293 2541 1366 2574 Nec
1368 2539 1533 2581 praedicare
1542 2542 1575 2572 in
1586 2541 1616 2572 E
1618 2539 1735 2583 celestis
1744 2539 1797 2581 fiai
1805 2538 1936 2572 Ordinis
1947 2548 2004 2569 non
2018 2544 2119 2577 petita
2127 2537 2205 2575 Ept-

1338 2583 1420 2624 scopi
1428 2581 1647 2618 bened'ifflone,
1666 2594 1719 2615 nec
1728 2585 1761 2615 in
1775 2583 1848 2615 aliis
1858 2583 1887 2613 E
1888 2580 2005 2623 eclesiis
2013 2579 2154 2624 fineejus
2164 2580 2205 2611 li-

1339 2629 1457 2662 centia,
1478 2638 1530 2659 nec
1539 2628 1573 2658 in
1591 2626 1740 2670 Ecelefiis
1750 2627 1843 2659 etiam
1854 2623 1906 2665 fin'
1915 2623 2047 2657 Ordinis
2062 2621 2126 2663 ipso
2136 2633 2204 2654 con-

1341 2669 1514 2702 tradicente
1525 2694 1531 2701 .

1298 2715 1376 2746 Non
1385 2723 1487 2745 tamen
1493 2711 1610 2755 possunt
1617 2710 1654 2746 ab
1666 2712 1811 2754 Episcopo
1820 2708 1969 2752 prohiberi
1984 2718 2038 2750 per
2046 2711 2184 2752 censuras
2192 2729 2202 2743 2

1339 2756 1377 2789 (5²
1386 2757 1467 2788 alias
1472 2765 1576 2797 poenas
1585 2768 1598 2793 ,·
1621 2768 1674 2788 nec
1684 2757 1716 2798 fi
1725 2754 1962 2799 contrafecerint
1970 2774 1981 2788 ,
2001 2756 2035 2785 in
2045 2755 2111 2786 vim
2121 2755 2202 2784 Con-

1338 2800 1406 2832 cilii
1419 2799 1458 2832 ab
1475 2802 1503 2831 E
1504 2799 1639 2841 pist-opo,
1653 2798 1738 2840 seda
1747 2799 1816 2842 suis
1831 2795 2044 2839 Superioribus
2058 2795 2133 2837 sunt
2149 2803 2201 2836 pu-

1338 2842 1445 2875 niendi
1453 2863 1465 2878 ,
1485 2854 1565 2875 num.
1578 2852 1626 2884 25.

1296 2890 1388 2919 Serus
1395 2897 1436 2918 ex
1445 2887 1536 2920 Bulla
1547 2888 1674 2927 Gregoii
1683 2887 1786 2919 XWn.
1798 2895 1847 2924 27.
1856 2884 1949 2918 &mu
1960 2893 2010 2926 43.
2020 2883 2058 2917 Θ
2068 2890 2115 2922 55·

1231 2940 1272 2971 24
1293 2928 1513 2970 Epistopisunt
1522 2939 1697 2962 executores
1706 2928 1895 2962 decretorum
1905 2931 1932 2961 C
1935 2928 2038 2960 ancilia·
2055 2924 2199 2958 Tridem.

1340 2984 1399 3005 non
1409 2982 1511 3005 tamen
1519 2983 1626 3005 contra
1633 2981 1790 3012 exemptos
1798 2994 1808 3009 ‚
1830 2973 1891 3016 ntfi
1898 2974 1931 3003 in
1940 2969 2052 3013 casibus
2061 2991 2071 3005 ,
2092 2973 2125 3001 in
2136 2971 2199 3006 qui-

1339 3014 1390 3049 bus
1397 3016 1453 3050 haec
1453 3015 1592 3060 facultas
1593 3016 1774 3057 specialiter
1782 3019 1825 3048 eis
1835 3013 2016 3048 attribuitur
2026 3035 2037 3060 ?
2047 3025 2095 3045 nu.
2104 3016 2155 3051 46.

1231 3063 1271 3093 26
1291 3060 1532 3103 Conservatores
1548 3058 1694 3093 dicuntur
1710 3069 1817 3093 contra
1833 3060 1968 3091 notorias
1986 3059 2117 3096 injurias
2129 3053 2199 3095 sev·-

1338 3112 1479 3136 vatores.
2122 3140 2134 3147 Α

1228 3147 1269 3179 28
1290 3145 1490 3190 Confeffariis
1497 3145 1629 3179 omnibus
1638 3148 1725 3180 unius
1741 3150 1918 3180 Conventus
1928 3144 2088 3185 Episcopus
2103 3140 2198 3181 ΝΜΖ

1335 3188 1471 3222 adimere
1479 3201 1537 3222 non
1549 3188 1645 3231 potest
1654 3189 1838 3233 facultatem
1849 3187 1996 3222 audiendi
2011 3182 2198 3227 cwfeffiones

1329 3231 1537 3273 secularium,
1557 3236 1591 3266 S.
1602 3236 1631 3266 C
1631 3237 1844 3274 ongregatione
1859 3230 2028 3271 inconfialta
2038 3250 2046 3258 .
2139 3271 2143 3275 ῃ

1226 3285 1268 3314 29
1288 3274 1382 3323 Qod
1396 3276 1493 3309 locum
1504 3288 1562 3309 non
1578 3275 1667 3311 habet
1675 3280 1709 3310 in
1727 3279 1882 3319 Epist-opis
1890 3274 2051 3306 Indiarum
2063 3291 2074 3305 ,
2094 3266 2196 3306 quibus

1334 3328 1438 3351 tamen
1452 3318 1489 3352 ab
1499 3318 1554 3352 hac
1565 3322 1706 3360 generali
1712 3320 1903 3363 suspenstonc
1918 3314 2125 3357 abstinendum
2136 3310 2194 3353 est,

1331 3365 1364 3394 Μ’
1379 3362 1759 3407 tgrawfflmasubfisteme
1769 3361 1876 3403 causa,
1888 3373 1917 3392 n.
1929 3365 1980 3400 ⁶4·
2091 3401 2097 3407 .

1223 3415 1263 3450 30
1283 3409 1350 3441 Con
1367 3405 1488 3445 effarios
1506 3408 1669 3446 Regulares
1683 3403 1805 3439 liberes&
1818 3405 1974 3446 sepraevio
1991 3407 2195 3437 examineap-

1328 3447 1467 3491 probatos
1486 3451 1652 3493 Episcopus
1660 3446 1844 3491 fiaspendere
1859 3459 1917 3480 non
1927 3444 2019 3487 potest
2033 3445 2104 3488 stne
2112 3454 2148 3475 no
2155 3452 2193 3473 va

1336 3491 1424 3536 causa
1433 3513 1443 3530 ‚
1464 3503 1554 3533 eaque
1561 3494 1603 3527 ad
1611 3492 1798 3535 confeffiones
1805 3494 1976 3530 pertinente
1986 3510 1996 3524 ,
2016 3500 2046 3522 n.
2057 3492 2106 3525 65·

1783 3532 1846 3567 Kk
1891 3545 1912 3575 4
2044 3529 2153 3569 31111-
