2397 3664
147 2296 164 2316 2

148 2552 163 2583 3

141 2725 163 2755 4

142 2893 161 2925 5

677 38 763 95 De
777 33 1172 97 Renuntiatioiie
1184 48 1249 98 ‚c-
1263 33 1370 91 Nisi
1389 34 1508 89 cum
1532 34 1736 105 pridem
1756 73 1771 100 ·.
2089 63 2109 103 3
2121 61 2174 106 35

336 136 403 157 nem
442 135 611 158 cecantium
620 149 628 157 .
724 154 728 160 ,

225 173 266 209 76
282 135 494 209 'Mummium'
503 180 562 201 non
579 168 622 210 est
628 162 827 210 parcendum,
847 166 965 207 quando
974 164 1100 207 excusat
1109 186 1120 202 ‚
1141 163 1195 196 vel

335 211 472 256 defendit
480 223 611 249 errorem
618 235 627 243 .

225 265 268 295 77
285 258 409 289 Veritas
427 254 502 287 bona
528 257 599 290 vite
607 277 618 292 ,
639 255 692 289 vel
707 254 827 297 justitie
836 276 848 292 ,
867 262 991 296 propter
1010 249 1197 294 scandalum

334 308 484 338 nunquam
493 296 654 338 deserenda
663 296 705 338 est
713 320 724 329 .
1152 334 1160 341 ἢ

224 346 266 382 78
285 342 475 377 Scandalum
492 339 595 382 potiit}
611 338 775 375 vitandum
784 362 795 377 ‚
823 338 914 379 qua'm
939 348 1092 380 peccatum
1100 359 1111 375 ‚
1131 346 1200 370 cum

335 383 457 417 dubium
466 383 507 424 est
515 405 526 419 ,
544 394 586 417 an
588 382 772 423 scandalum
774 383 822 426 fit
828 390 982 424 peccatum
991 404 1002 420 ,
1021 392 1111 414 necne
1118 403 1127 412 .

223 438 265 467 79
288 426 475 460 scandalum
485 425 558 463 quid
565 426 622 466 sit,
644 424 682 458 (θ’
691 426 767 458 unde'
777 425 900 461 dicatur
909 448 918 457 .

224 475 265 504 80
285 471 500 510 irregularitas
509 467 580 507 quid
589 469 631 510 sit
639 491 651 506 ,
670 467 708 502 &⁴
717 471 751 501 in
760 479 813 507 quo
821 466 948 511 differat
963 466 1174 512 dfiaspenfione
1187 488 1197 497 .

226 518 245 547 8
251 525 263 547 1
285 513 452 552 Irregulari
455 520 507 542 tas
515 509 614 545 tribus
623 512 704 544 modi
706 524 721 544 s
731 511 922 545 contrahitur
929 526 939 543 ·.

222 568 262 599 32.
285 556 504 595 Irregularitas
513 557 628 588 nativa
638 566 696 595 quae
705 555 826 592 dicatur
836 578 844 587 .

222 604 243 634 8
246 610 264 642 3
284 601 322 631 ln
330 608 447 640 corpore
458 599 586 635 vitiatis
597 610 654 631 non
664 608 768 640 peccat
778 601 885 634 anima
895 619 907 634 ‚
918 595 979 638 sed
993 605 1107 628 natura
1118 618 1126 627 .

287 641 440 716 Auzhoris
457 644 685 675 Commentarta
703 640 766 684 post
775 645 939 675 cecitatem
947 638 1090 672 inchoata
1106 660 1117 676 ,
1138 636 1196 670 ibi-

210 712 216 715 .
367 695 398 716 m
407 708 416 716 .
617 709 623 715 .

213 732 263 770 ,84
282 727 533 767 Irregularitates
542 738 659 766 omnes,
681 727 718 761 <2¹5⁹
728 739 831 760 earum
847 736 934 769 poenae
946 725 1021 768 fimt
1029 724 1066 758 de
1074 725 1138 766 jure
1145 733 1195 765 po-

342 785 354 804 Ι
357 782 369 803 t
371 784 381 802 l
388 783 424 804 UO
436 795 442 801 .

222 818 262 855 85
285 771 374 856 Paga
393 813 548 856 dispensat
564 816 598 847 in
617 812 749 847 omnibus
766 811 1045 855 irregularitatibus
1059 834 1071 851 ,
1098 812 1195 843 etiam

219 867 224 872 ’
330 858 484 897 bigamia.

218 905 260 935 86
283 901 420 943 Potestas
430 902 578 934 Clavium
593 912 651 934 non
668 903 778 944 recipit
786 902 1070 943 interpretationem
1088 896 1193 939 restri-

328 945 448 977 Hivam
458 968 468 976 .

279 1031 399 1077 Istcicm
416 1030 532 1074 pridem
544 1054 551 1062 .
574 1031 692 1069 Ponit,
712 1033 746 1064 &
764 1030 891 1071 exponit
910 1030 959 1061 sex
977 1028 1102 1064 causas,
1124 1037 1192 1069 pro-

291 1084 358 1116 pter
365 1086 441 1117 quas
453 1074 593 1115 Episcopi
604 1076 727 1116 possunt
738 1085 841 1116 petere
850 1095 860 1110 ‚
881 1076 912 1105 δι’
934 1072 1015 1113 Papa
1026 1071 1190 1118 consuevit

198 1122 373 1151 concedere
393 1117 526 1150 cedendi
547 1118 732 1151 licentiam.
754 1118 803 1149 Est
815 1116 913 1149 clavis
924 1116 958 1148 in
977 1124 1111 1146 materia
1121 1117 1191 1145 resi-

198 1161 364 1201 gnationis
383 1161 626 1202 Episcopatuum
638 1184 647 1198 ,
668 1163 700 1193 δε
719 1160 792 1202 saepe
803 1160 934 1200 allegari
953 1158 1031 1190 solet
1051 1157 1086 1205 in
1095 1157 1190 1204 Sacra

198 1203 587 1245 Congregatione·reruni
606 1203 880 1238 Consistorialium
899 1224 909 1239 ‚
930 1202 985 1233 ubi
1005 1204 1190 1248 resignatio-

195 1258 273 1280 num
284 1248 380 1279 cause
390 1270 400 1284 ‚
421 1250 454 1280 ὅ(
465 1248 527 1280 alia
540 1252 577 1279 ad
589 1247 819 1279 Consistorium
829 1245 1019 1278 Sanfflsfimi
1030 1254 1189 1290 pertinen-

196 1291 242 1323 tia
251 1291 494 1328 examinantur,
516 1301 550 1322 ut
569 1290 810 1323 Catliedralium
829 1289 1023 1324 erecfiones,
1044 1292 1076 1319 ὀί
1097 1298 1188 1335 unio-

195 1345 273 1371 nes,
291 1334 479 1371 divisiones,
509 1336 542 1366 &
560 1335 738 1367 consimilia
755 1356 766 1370 ‚
787 1336 824 1365 de
842 1332 956 1373 quibus
973 1341 1025 1372 per
1044 1331 1135 1372 gloss.
1154 1341 1189 1362 in

195 1387 262 1418 cap.
276 1387 304 1410 1.
314 1379 346 1409 in
358 1389 420 1410 ver.
432 1380 613 1410 pertineam
623 1400 632 1414 ,
645 1376 683 1417 su
685 1376 743 1419 pra*
753 1375 789 1408 de
800 1376 910 1408 transl.
923 1377 950 1407 E
951 1374 1067 1416 pisas-3⁷⁴
1075 1386 1108 1405 m
1119 1383 1186 1415 cap.

194 1423 282 1453 Sicut
301 1423 403 1458 unire,
424 1423 457 1453 in
474 1432 538 1453 ver.
551 1423 727 1457 Pertinere,
747 1419 831 1461 infra'
852 1416 1003 1459 deexceff.
1026 1418 1185 1450 J’raelator.

194 1463 300 1496 Prima
318 1474 386 1504 pars
405 1465 548 1505 reprobat
566 1464 620 1496 has
630 1467 705 1497 duas
727 1463 831 1496 causas
852 1462 986 1494 cedendi
1005 1483 1015 1497 ‚
1038 1461 1186 1493 videlicet

193 1507 298 1539 zelum
308 1508 452 1539 melioris
475 1507 566 1543 vitae,
586 1511 617 1538 ὅ(
637 1507 869 1539 humilitatem.
890 1505 1038 1537 Secunda
1052 1505 1116 1540 ibi,
1138 1505 1187 1551 In-

194 1553 293 1587 tueri,
314 1551 406 1592 ponit
435 1550 594 1591 legitimas
622 1550 728 1582 causas
754 1549 908 1585 cedendi,
929 1559 963 1580 ut
992 1548 1119 1588 praedixi
1151 1557 1186 1578 in

194 1593 324 1625 Summa
334 1617 342 1626 .
365 1593 477 1625 Tertia
487 1593 548 1630 ibi,
569 1594 680 1626 Verum
692 1615 702 1629 ,
714 1595 859 1633 reprobat
869 1593 945 1623 alias
957 1592 1062 1623 causas
1074 1593 1185 1622 ceden-

194 1637 248 1672 di,
269 1647 302 1668 ut
323 1638 446 1673 otium,
468 1638 626 1673 laborem,
648 1636 908 1677 inspirationem,
930 1637 963 1667 &
983 1636 1030 1666 liis
1048 1634 1184 1670 similes,

192 1681 329 1721 probans
340 1681 370 1712 id
383 1680 626 1712 auetoritatibus
637 1702 646 1716 ‚
668 1683 700 1711 <Sc
712 1680 898 1720 respondens
917 1681 953 1710 ad
967 1678 996 1709 id
1005 1700 1015 1714 ,
1035 1679 1120 1718 quod
1131 1687 1184 1717 op-

191 1723 268 1764 poni
288 1724 384 1764 posset
404 1726 441 1755 de
462 1723 592 1755 Martha
608 1746 616 1754 .
638 1722 766 1764 Qiarta
786 1722 952 1754 concludit
982 1721 1026 1753 ibi
1044 1743 1053 1757 ,
1073 1723 1184 1752 Mone-

189 1776 272 1798 mus.
1092 1767 1115 1774 '⁴

235 1809 335 1841 Multi
348 1807 537 1841 incautehic
551 1810 688 1850 allegant
707 1809 862 1841 Abbatem
884 1808 1049 1844 Siculum,
1069 1807 1182 1848 quita-

190 1863 263 1884 men
277 1852 470 1891 nonscripsit
496 1853 583 1893 super
595 1854 653 1884 hoc
675 1863 784 1885 textu:
807 1863 880 1885 nam
902 1851 1038 1887 lecturn,
1059 1851 1183 1891 quaein-

193 1895 272 1927 serta
288 1895 328 1927 esl
349 1895 434 1926 inter
454 1895 698 1927 Commentaria
718 1896 871 1932 Abbatis,
895 1905 959 1926 non
979 1894 1020 1926 est
1040 1894 1110 1929 sua,
1132 1894 1180 1925 sed

191 1938 374 1969 Antoniide
389 1939 517 1974 Burrio,
540 1948 573 1969 ut
586 1940 707 1970 constat
728 1949 763 1970 ex
776 1940 861 1971 illius
881 1937 1126 1978 subscriptione,
1147 1939 1180 1968 δε

192 1981 310 2021 patebit
322 1981 453 2013 cuilibet
465 1981 552 2014 illam
566 1980 748 2014 conferenti
769 1992 842 2014 cum
864 1981 979 2012 sechim
991 1980 1180 2020 pofitainter

188 2024 436 2056 Commentaria
448 2024 550 2058 Butrii
567 2036 573 2055 :
599 2035 656 2057 nec
677 2023 802 2057 tantum
821 2025 880 2055 hoc
890 2025 1043 2064 reperitur
1064 2022 1179 2057 facium

188 2070 227 2099 de
246 2070 301 2098 hac
322 2067 506 2104 Decretali3
527 2068 576 2099 sed
596 2068 693 2099 etiam
712 2070 750 2099 de
763 2068 832 2100 aliis
851 2068 1009 2108 pluribus,
1030 2077 1098 2107 qua·
1108 2066 1177 2098 sunt

191 2110 330 2143 Antonii
346 2113 384 2141 dc
406 2110 538 2147 Bauio,
560 2114 592 2143 δε
612 2121 718 2143 tamen
741 2111 975 2143 inadvertentci·
987 2110 1128 2141 citantur
1140 2113 1178 2141 dc

190 2153 419 2186 Panormitano
429 2177 437 2184 .
457 2152 535 2195 Qia
546 2155 670 2186 ratione
685 2155 714 2186 id
727 2153 842 2186 facium
855 2154 949 2185 suerit
961 2175 970 2189 ‚
985 2153 1100 2193 ignoro
1110 2175 1118 2189 ,
1132 2153 1178 2184 ni-

189 2196 301 2229 siforts‘:
314 2206 345 2227 ut
362 2194 477 2228 lectura
488 2197 782 2229 Abbatishabeatur
803 2198 928 2238 integra
938 2195 1024 2236 super
1047 2196 1176 2237 singulis

190 2239 337 2280 capitulis
350 2241 439 2282 liujus
449 2240 690 2280 compilationis
701 2263 709 2271 .

229 2284 264 2315 ln
278 2293 376 2322 prima
386 2293 472 2323 parte
495 2293 571 2314 nora
582 2283 684 2322 primo
704 2293 739 2314 ex
751 2283 910 2324 principio
922 2282 1034 2315 litterae
1043 2282 1175 2322 primam

187 2326 310 2358 causam
321 2326 424 2357 minus
437 2326 614 2366 legitimam
633 2327 779 2366 petendi,
798 2328 832 2358 &
851 2327 1041 2358 admittendi
1062 2336 1176 2357 renun-

187 2369 359 2401 tiationem
381 2368 603 2409 Episcopatus,
625 2370 654 2401 id
676 2369 734 2405 cll,
755 2380 880 2410 propter
902 2369 1022 2408 frugem
1033 2369 1175 2400 melioris

185 2411 258 2442 vita·
272 2433 279 2441 .
301 2411 555 2453 Archiepiscopus
566 2413 653 2443 enim
674 2412 878 2445 Calaritanus
890 2435 899 2448 ‚
920 2415 956 2444 ad
974 2423 1068 2452 quem
1079 2412 1175 2443 Inno-

185 2455 309 2486 centius
320 2454 434 2487 direxit
447 2455 526 2486 hanc
540 2454 740 2488 Decretalem
751 2478 761 2490 ,
772 2456 957 2488 intendebat
970 2465 1066 2487 vitam
1076 2456 1174 2495 elige-

186 2508 217 2529 re
230 2497 402 2529 solitariam
413 2519 424 2533 ,
445 2497 585 2528 melioris
599 2499 667 2529 vita·
679 2497 800 2537 frugem
812 2499 866 2530 sibi
878 2499 1066 2539 promittens
1079 2521 1089 2534 ,
1111 2498 1173 2529 sru-

187 2551 257 2580 gem
268 2562 277 2576 ‚
300 2540 328 2571 id
340 2542 379 2571 esl
391 2562 400 2576 ‚
422 2539 611 2572 fruitionem
622 2563 631 2576 ,
651 2541 820 2574 secundum
829 2541 968 2574 Goffred.
982 2543 1028 2573 vel
1039 2544 1174 2582 plenitu-

186 2584 311 2618 dinem,
334 2583 383 2614 seu
395 2583 570 2614 ubertatem
581 2605 591 2619 ,
613 2583 783 2616 secundum
793 2584 950 2617 Tancred.
962 2588 993 2616 ὅ(
1006 2585 1172 2616 Honstien.

185 2637 239 2661 aut
259 2626 503 2662 retributionem
516 2648 525 2661 ,
546 2625 716 2658 secundum
736 2627 816 2659 Abs).
831 2628 942 2668 Antiq.
963 2628 1052 2668 &Jo.
1071 2628 1170 2660 Andr.

183 2669 460 2705 Credebatenim‚
483 2668 692 2701 utdiciturin
706 2679 812 2706 textu,
833 2670 931 2703 vitam
951 2672 1172 2710 contemplati-

183 2723 252 2744 vam
264 2712 426 2744 meliorem
439 2712 496 2743 esse
507 2733 517 2748 ‚
536 2722 628 2752 quam
642 2711 774 2744 activam
786 2735 794 2743 .
819 2712 917 2744 Unde
929 2714 1094 2753 colligitur
1105 2725 1171 2745 non

183 2756 277 2787 licere
288 2755 440 2798 Episcopo
451 2777 460 2791 ,
481 2762 526 2786 ves
539 2755 662 2792 Curato
673 2755 843 2788 Ecclesiam
864 2756 1001 2787 deserere
1012 2778 1022 2792 ,
1043 2767 1076 2787 ut
1089 2767 1172 2789 tran-

179 2800 242 2831 seat
253 2801 290 2831 ad
302 2799 398 2830 vitam
409 2799 581 2831 solitariam
591 2803 641 2830 seu
651 2799 849 2831 eremiticam
862 2810 870 2834 ·,
891 2809 991 2839 neque
1002 2800 1033 2830 id
1043 2801 1170 2839 permit-

183 2844 313 2874 tendum
325 2843 383 2873 esse
393 2853 410 2873 a
419 2841 585 2883 Superiore
597 2864 606 2877 ,
633 2853 664 2873 ut
675 2841 724 2873 hic
735 2852 786 2882 per
797 2842 881 2873 Butr.
891 2852 953 2881 n.3.

226 2885 372 2916 Secundo
384 2894 460 2916 nota
481 2884 664 2926 Episcopum
686 2896 752 2917 non
770 2885 851 2926 posse
861 2895 968 2916 curam
990 2884 1169 2924 pastoralem

185 2928 400 2968 derelinquere
411 2939 447 2959 ex
460 2929 517 2960 hac
538 2928 601 2960 sola
614 2928 720 2965 causa,
743 2939 775 2960 ut
789 2928 842 2960 fiat
855 2928 1031 2958 Monachus
1042 2951 1049 2958 .
1069 2928 1168 2970 Qiorl

185 2970 348 3010 colligitur
358 2981 392 3002 ex
406 2971 510 3003 littera
521 2976 707 3012 exponendo
718 2974 846 3003 verbum
856 2970 931 3003 illud
944 2993 953 3007 ‚
964 2971 1148 3003 Solitariam
1157 2994 1168 3008 ,

184 3013 214 3044 id
227 3014 286 3048 cll,
310 3014 532 3046 monasticam:
555 3025 627 3046 nam
639 3015 817 3046 Monachus
826 3014 947 3046 dicitur
965 3014 1050 3054 quasi
1062 3014 1168 3046 solita-

184 3056 250 3087 rius
262 3078 272 3091 ‚
295 3066 327 3087 ut
341 3057 661 3096 legitur,&*notatur
675 3058 705 3089 in
718 3059 929 3098 capJJlezcmt‘,
951 3058 976 3088 il
990 3057 1165 3098 2.16.‹1uaest.

187 3101 245 3130 1.&
259 3104 433 3131 consonant
445 3102 537 3132 verba
547 3123 556 3135 ,
569 3112 636 3141 qur
648 3102 799 3132 habentur
812 3100 890 3131 infixi
903 3101 935 3131 in
949 3100 1098 3137 §.Verum
1111 3102 1166 3137 ibi,

183 3140 325 3174 Facilius
335 3140 516 3181 indulgetur,
527 3153 558 3174 ut
564 3145 705 3184 ascendat
719 3147 888 3176 Monachus
899 3142 941 3174 ad
951 3142 1146 3184 Praesulatum
1154 3166 1165 3181 ,

182 3195 268 3223 quam
283 3184 392 3224 Praesul
402 3185 443 3216 ad
455 3187 679 3219 Monaclmtum
689 3188 909 3228 descettdnt.Ad
923 3189 1005 3218 idern
1017 3196 1118 3218 textus
1131 3197 1164 3218 in

182 3238 248 3268 cap.
262 3231 427 3263 Proximo,
455 3229 539 3270 infra'
555 3231 618 3262 eod.
642 3231 694 3262 ubi
717 3241 800 3272 patet
819 3232 899 3271 posse
910 3229 1092 3271 Episcopum
1111 3240 1163 3270 per

179 3271 354 3311 buperioris
364 3273 587 3305 authoritatem
598 3277 634 3305 ad
646 3274 851 3306 monasticam
862 3274 958 3305 vitam
969 3273 1172 3315 descendere,

180 3315 253 3345 cum
266 3314 413 3354 proficere
425 3315 534 3354 nequit
554 3315 587 3346 in
599 3317 753 3356 regimine
771 3317 914 3357 pastorali
926 3318 966 3347 ob
977 3315 1163 3357 persecutio-

182 3358 246 3392 nis,
270 3367 314 3387 rei
336 3357 532 3395 :egritudinis
564 3359 846 3399 impedimentum.
868 3360 951 3400 Ergo
969 3360 1016 3391 his
1037 3359 1164 3400 impedi-

180 3401 294 3431 mentis
306 3400 491 3432 cessantibus
511 3400 574 3432 sola
593 3406 683 3433 causa
704 3403 882 3435 transeundi
903 3408 939 3434 ad
958 3402 1162 3434 monasticam

180 3443 278 3475 vitain
297 3454 363 3475 non
382 3443 423 3475 est
442 3443 603 3484 legitima.
628 3445 713 3478 Idem
730 3447 864 3488 apertius
873 3449 1022 3489 probatur
1042 3446 1076 3478 in
1094 3454 1158 3488 cap.

1238 120 1410 161 suggestum
1421 142 1433 157 ‚
1456 132 1483 159 >-
1494 121 1680 163 'finanum
1689 121 1771 155 serio
1780 123 1997 166 corripiuntur
2008 125 2025 157 ὸ,
2036 125 2166 166 Liberio
2177 128 2232 161 Pa-

1239 173 1278 203 pa
1287 185 1297 200 ‚
1317 164 1402 204 quia
1420 165 1578 211 laboribus
1597 164 1800 207 Episcopatus
1810 168 1914 208 quieti
1932 170 2192 205 monasteriorum
2201 172 2230 205 se

1239 208 1389 245 tradunt,
1408 209 1442 239 &
1464 217 1499 239 ut
1515 207 1625 249 seipsos
1644 207 1765 242 solvant
1775 232 1786 247 ,
1816 211 1900 244 filios
1920 214 2076 255 orphanos
2095 214 2231 247 derelin-

1238 259 1341 290 quunt
1352 273 1360 281 .

1280 291 1430 325 Praeterea
1439 293 1522 325 nulli
1539 294 1615 326 licet
1626 295 1664 326 dc
1681 295 1761 328 statu
1776 296 1956 338 perfectiori
1967 301 2005 332 ad
2016 299 2122 332 minus
2132 300 2230 342 perfe—
2250 306 2287 335 6-

1236 333 1323 382 tstum
1333 335 1445 368 statum
1456 338 1585 369 transire
1595 359 1605 373 ,
1624 340 1777 380 quamdiu
1787 340 1884 381 potest
1895 353 1948 380 ea,
1969 354 2038 384 quae
2047 343 2117 376 sunt
2129 344 2228 384 perfe—

1237 377 1346 410 &ioris
1356 379 1449 410 status
1461 401 1471 415 ,
1491 381 1605 422 exequi
1618 391 1629 415 ,-
1651 381 1708 411 hoc
1720 393 1807 414 enim
1818 384 1859 415 est
1870 386 1956 421 retro
1968 387 2101 428 aspicere
2110 409 2121 424 ‚
2141 389 2228 429 quod

1236 421 1278 452 est
1289 422 1467 454 damnabile
1479 423 1649 455 secundum
1662 424 1796 458 Domini
1807 426 1998 461 sententiam
2006 430 2158 467 dicentis,
2168 431 2230 463 Lu—

1236 474 1280 495 cae
1290 465 1424 501 9.Nemo
1433 468 1558 496 mittens
1566 476 1689 498 manum
1700 470 1743 500 ad
1752 480 1892 502 aratrum
1903 494 1913 508 ,
1938 471 1975 505 εἶθ·
1985 472 2137 515 aspiciens
2146 476 2227 507 retrb

1234 516 1323 547 aptus
1333 505 1374 549 est
1383 519 1471 546 regno
1483 510 1542 540 Det
1554 530 1564 545 ,
1583 512 1751 542 eserinam
1761 514 1915 546 animalia
1930 538 1940 552 ,
1961 514 1998 548 de
2007 520 2111 558 poenit.
2121 516 2224 558 diffis-

1235 552 1267 581 δι
1279 548 1335 591 hec
1348 550 1389 582 est
1400 552 1486 598 ratio
1497 573 1507 588 ‚
1516 562 1573 582 cur
1584 562 1648 583 non
1660 553 1753 585 liceat
1764 552 1781 585 ὲ
1792 554 1962 597 Religione
1973 561 2075 592 redire
2086 563 2122 592 ad
2135 561 2227 593 saecu-

1235 594 1312 630 lum,
1323 597 1488 632 asscita&
1498 594 1703 635 cap-Consulti
1713 619 1723 632 ‚
1735 596 1772 628 (9⁹
1782 603 2037 639 cap.Statuimus,
2050 603 2087 635 de
2093 605 2225 644 regular.

1234 648 1298 668 cum
1308 638 1394 669 mult.
1399 639 1496 681 simil.
1509 639 1541 669 ὃ(
1552 647 1608 669 cur
1620 648 1686 670 non
1702 640 1795 672 liceat
1806 643 1823 671 a
1843 642 1990 676 strictiori
2000 645 2124 679 Ordine
2136 650 2174 681 ad
2186 649 2227 680 la·

1233 680 1356 712 xiorem
1366 682 1510 717 transire,
1522 682 1643 718 esame,
1653 687 1691 714 (φ
1699 683 1827 721 c.Lice'’t‚
1837 686 2226 723 cod-tit.Concil.Triden-

1233 723 1349 761 dnum,
1359 735 1437 762 c.19.
1450 725 1582 762 §.Nemo
1591 727 1686 756 etiam
1694 727 1855 765 regularis,
1859 726 1956 769 seſsa
1962 740 1990 769 5.
2001 731 2036 762 de
2047 734 2225 771 regulanfa-

1233 767 1277 798 cit
1290 769 1405 800 text.in
1415 767 1563 809 c.1.supra'
1572 767 1609 799 de
1618 769 1893 812 transl.Episc.iibi
1904 771 2112 808 Innocentius
2123 777 2227 809 111.re-

1232 811 1387 851 darguens
1398 810 1610 843 Patriarcham
1621 812 1858 846 Antiochenum
1869 836 1880 851 ,
1898 815 1984 856 quod
1997 817 2223 859 Metropolita-

1231 863 1310 886 num
1319 854 1452 886 eledtum
1463 858 1499 886 ad
1513 855 1733 896 Epis‘copatum
1743 858 1942 890 ttanstusiffet
1953 870 1960 890 z
1971 860 2068 891 Novo
2077 862 2202 900 quodam
2212 884 2225 900 ,

1232 896 1337 939 inquit
1347 919 1356 934 ‚
1367 901 1544 929 mutationis
1551 910 1656 938 genere
1665 898 1861 942 parvificasti
1869 901 2027 942 majorem,
2037 903 2074 936 Θ
2084 915 2226 945 magnum

1230 940 1443 986 quodammodo
1454 942 1622 982 minorasti,
1632 943 1798 984 eptjcoparc
1809 944 2078 987 Archieptscopum
2087 970 2097 983 ,
2108 951 2168 980 imi,
2176 959 2227 990 po·

1230 986 1296 1014 tius
1315 982 1352 1014 de
1371 983 1554 1026 archiepisco
1555 995 1630 1026 pure
1639 985 1810 1027 praefitmens
1821 1010 1830 1018 .
1848 988 1907 1020 Sed
1928 989 2022 1021 status
2034 990 2224 1033 Episco'palis

1230 1026 1396 1068 perfectior
1405 1028 1445 1059 est
1456 1050 1465 1065 ,
1489 1039 1584 1070 quam
1604 1028 1696 1060 slatus
1718 1029 1900 1072 Religionis
1910 1054 1919 1062 .
1939 1031 2023 1064 Nam
2034 1056 2044 1070 ,
2064 1044 2098 1065 ut
2117 1035 2223 1076 inquit

1235 1069 1406 1112 Dionysius
1414 1074 1450 1101 de
1460 1070 1574 1113 Eccles.
1588 1071 1797 1114 hi'er.2rch.c.5.
1810 1073 1991 1118 Pontificum
2002 1077 2120 1115 quidem
2132 1079 2219 1111 Ordo

1228 1113 1484 1161 cotfiimnnztivus
1494 1117 1533 1156 est
1543 1137 1553 1152 ,
1574 1113 1611 1147 ὠ
1621 1115 1805 1159 per-festivus
1815 1129 1823 1154 ·,
1833 1118 2030 1151 Sacerdotum
2038 1131 2140 1153 nutem
2148 1123 2220 1154 illu-

1228 1160 1419 1203 minati-vus,
1440 1164 1477 1190 <⁴5⁶
1487 1157 1677 1191 lucidativus
1690 1171 1697 1195 3
1710 1159 2030 1201 ministrantium,on
2039 1168 2222 1204 purgativus

1228 1205 1266 1232 <y
1275 1199 1458 1240 descramus
1468 1224 1476 1233 .
1498 1202 1583 1244 Ergo
1594 1201 1672 1234 sicut
1684 1204 1836 1236 nonlicet
1846 1207 1884 1237 de
1895 1203 1974 1239 statu
1986 1205 2167 1247 Religionis
2175 1220 2222 1241 re-

1226 1243 1294 1275 dire
1306 1246 1342 1275 ad
1351 1243 1496 1277 saeculum
1507 1267 1517 1282 ‚
1537 1255 1590 1278 aut
1601 1248 1617 1277 a
1630 1246 1776 1279 strictiori
1788 1249 1825 1279 ad
1837 1248 1987 1280 laxiorem
1998 1249 2217 1291 Religionem,

1226 1287 1274 1319 ita
1284 1288 1436 1319 nonlicet
1447 1290 1485 1320 de
1495 1289 1573 1321 statu
1584 1288 1760 1330 Episcopali
1770 1293 1807 1322 acl
1823 1289 2029 1332 Religionem
2039 1295 2140 1327 redire
2150 1317 2159 1331 ,
2171 1296 2219 1327 ni—

1227 1330 1248 1363 si
1261 1331 1324 1362 alia
1335 1332 1477 1371 legitima
1488 1332 1580 1364 causa
1589 1331 1679 1364 subsit
1691 1355 1699 1367 ,

1268 1374 1316 1405 Ad
1329 1374 1391 1405 haec
1412 1378 1492 1406 ordo
1502 1375 1610 1416 gratiae
1621 1375 1663 1409 est
1682 1377 1848 1409 decentior
1859 1400 1869 1413 ,
1889 1377 1984 1419 quam
1994 1382 2074 1412 ordo
2082 1390 2200 1413 naturae
2211 1405 2219 1414 .
2239 1392 2261 1422 7

1225 1415 1283 1448 Sed
1297 1418 1467 1449 secundum
1480 1428 1624 1450 naturam
1646 1429 1712 1452 non
1724 1430 1869 1452 movetur
1880 1421 1964 1454 idem
1976 1425 2012 1454 ad
2035 1425 2218 1462 contraria,

1224 1470 1299 1500 puta
1310 1460 1331 1492 si
1343 1461 1418 1501 lapis
1427 1462 1616 1494 naturaliter
1627 1462 1771 1495 deorsum
1783 1474 1929 1497 movetur
1940 1487 1950 1502 ,
1973 1476 2039 1498 non
2050 1468 2148 1508 potest
2163 1479 2219 1500 na-

1224 1503 1369 1537 turaliter
1379 1505 1396 1534 a
1406 1504 1551 1536 deorsum
1563 1505 1664 1537 redire
1677 1507 1710 1537 in
1723 1504 1839 1541 sursum
1850 1530 1858 1538 .
1878 1507 1936 1540 Sed
1948 1508 2121 1543 secundum
2133 1512 2220 1544 ordi-

1223 1556 1297 1593 nem
1307 1548 1410 1588 gratie
1421 1549 1495 1579 licet
1505 1551 1542 1580 de
1555 1548 1632 1580 statu
1645 1548 1828 1590 Religionis
1837 1552 1966 1584 transire
1978 1555 2016 1585 ad
2028 1554 2139 1588 statiun
2151 1555 2220 1596 Epi-

1223 1592 1377 1630 scopalem
1388 1612 1397 1627 ,
1421 1591 1536 1624 c.Unic.
1546 1595 1591 1623 18.
1603 1602 1662 1630 (μ.
1674 1596 1705 1625 &
1717 1603 1801 1633 patet
1813 1593 1894 1625 infra
1906 1595 1939 1627 in
1952 1597 2094 1632 §.Verum
2103 1620 2113 1634 ,
2133 1600 2171 1630 (Τ
2180 1602 2214 1630 in

1222 1635 1447 1666 c.Pr0xim.ubi
1461 1634 1627 1676 Episcopus
1638 1658 1647 1672 ,
1656 1636 1710 1676 qui
1723 1637 1919 1670 renuntiavit
1932 1637 2130 1682 Episcopatui
2141 1653 2210 1682 pro-

1222 1686 1288 1717 pter
1300 1677 1549 1717 persecutionem
1559 1701 1569 1715 ‚
1589 1679 1808 1711 infirmitatem
1820 1702 1830 1717 ,
1840 1680 1997 1714 defectum
2009 1683 2147 1716 scientiae
2157 1707 2167 1722 ‚
2181 1686 2215 1717 si-

1221 1721 1365 1759 moniam
1386 1721 1450 1761 ipso
1473 1722 1640 1761 ignorante
1659 1723 1855 1755 commissam
1864 1745 1875 1760 ‚
1896 1726 1943 1757 vel
1965 1726 2061 1759 aliam
2083 1727 2215 1762 similem

1221 1763 1345 1796 causam
1356 1786 1365 1800 ‚
1387 1768 1419 1795 δε
1440 1769 1477 1796 ad
1499 1764 1706 1805 Religionem
1717 1765 1859 1799 transivit
1868 1789 1878 1804 ,
1899 1769 1995 1809 potest
2009 1770 2125 1803 iterum
2137 1773 2217 1804 reas-

1220 1807 1300 1853 sumi
1312 1810 1348 1838 ad
1362 1806 1581 1848 Episcopatnm
1594 1820 1601 1839 :
1624 1808 1709 1850 Ergo
1720 1820 1786 1842 non
1809 1810 1910 1844 licere
1921 1815 2074 1846 converso
2083 1817 2122 1852 de
2133 1815 2214 1848 statu

1220 1850 1394 1891 Episcopali
1407 1851 1508 1882 redire
1521 1854 1558 1883 ad
1573 1852 1685 1885 statum
1697 1852 1880 1894 Religionis
1891 1878 1899 1886 .

1264 1893 1421 1924 Postremo
1431 1916 1441 1930 ,
1462 1894 1540 1926 nihil
1554 1895 1586 1926 in
1594 1896 1739 1936 operibus
1760 1897 1868 1937 gratiae
1878 1899 1970 1931 debet
1981 1900 2043 1934 esse
2054 1903 2191 1937 otiosum
2203 1915 2214 1941 ;
2235 1909 2259 1940 8

1219 1935 1266 1967 sed
1279 1938 1330 1968 ille
1340 1958 1348 1972 ,
1369 1937 1426 1978 qui
1435 1937 1477 1969 est
1488 1940 1578 1969 semel
1591 1938 1624 1970 in
1634 1939 1818 1981 Episcopum
1830 1942 2030 1981 consecratus
2040 1967 2050 1981 ,
2063 1947 2212 1988 perpetuo

1218 1981 1334 2011 retinet
1346 1990 1417 2020 pote
1423 1980 1529 2013 statem
1540 1982 1789 2018 consecrationis
1799 2006 1810 2021 ,
1823 1985 2018 2025 cap-Humum
2029 1987 2071 2021 ibt
2082 1999 2142 2025 not.
2154 1989 2210 2032 inf:

1216 2024 1253 2054 de
1263 2023 1359 2054 oratu.
1372 2023 1413 2055 ab
1424 2026 1453 2055 E
1454 2024 1528 2064 pise.
1539 2027 1588 2062 qui
1600 2036 1718 2057 renunc.
1727 2028 1758 2058 E
1760 2027 1833 2067 pesc.
1844 2029 2024 2073 capa-vers.
2034 2033 2121 2065 Sicut
2132 2037 2179 2066 eni
2183 2046 2212 2066 m

1217 2065 1493 2107 Episcopus‚supra'
1501 2066 1538 2099 de
1548 2070 1658 2101 transl.
1665 2071 1802 2110 Epist&
1813 2074 1906 2105 docet
1918 2072 2090 2108 &Thomas
2103 2076 2135 2108 in
2148 2089 2208 2109 2.2.

1217 2108 1308 2151 quaest.
1321 2120 1369 2151 39.
1379 2120 1441 2141 art.
1457 2121 1483 2159 33
1492 2122 1568 2158 ergo
1588 2111 1755 2153 Episcopus
1766 2135 1776 2150 ,
1798 2125 1830 2146 ut
1843 2115 1897 2148 fiat
1916 2115 2096 2151 Monachus
2109 2143 2116 2151 .
2141 2131 2208 2153 non

1216 2154 1312 2194 potest
1323 2164 1433 2185 curam
1453 2154 1666 2195 Izpiscopalem
1684 2156 1846 2191 dimittere
1857 2181 1864 2188 .
1887 2161 2041 2200 quamdiu
2062 2164 2160 2203 potest
2173 2164 2209 2196 il-

1216 2198 1277 2227 lam
1288 2206 1432 2229 exercere
1445 2208 1455 2232 ‚-
1476 2198 1553 2239 quia
1563 2199 1706 2240 alioquin
1718 2201 1850 2240 potestas
1861 2202 2112 2241 consecrationis
2123 2229 2132 2243 ‚
2154 2204 2207 2241 seu

1214 2238 1348 2286 Qrdiuis
1360 2240 1548 2281 Episcopalis
1557 2263 1566 2277 ‚
1587 2253 1683 2283 quam
1694 2243 1785 2275 habet
1799 2266 1808 2280 ,
1819 2244 1895 2278 esset
1906 2247 2006 2279 otiosa
2016 2271 2025 2284 ,
2046 2251 2078 2280 &
2092 2249 2153 2283 sine
2163 2250 2206 2283 ef-

1213 2284 1316 2314 sccku:
1339 2286 1424 2324 quod
1435 2284 1497 2316 esse
1519 2295 1586 2317 non
1606 2287 1699 2317 debet
1709 2308 1718 2322 ‚
1740 2286 1815 2319 cum
1825 2288 1991 2328 praesertim
2003 2292 2204 2334 Episcopatus

1213 2326 1251 2359 fit
1264 2337 1380 2358 nomeu
1390 2328 1494 2359 cneris
1505 2351 1514 2365 ,
1537 2339 1603 2360 non
1613 2329 1742 2360 honoris
1752 2351 1761 2366 ‚
1773 2333 1906 2373 calqui
1916 2332 2132 2376 Epistopatum
2142 2358 2151 2373 ‚
2174 2341 2203 2368 8.

1213 2369 1306 2410 quaest.
1316 2380 1339 2401 1.
1352 2372 1385 2402 &
1396 2372 1488 2402 verba
1506 2372 1646 2412 Apostoli
1657 2394 1665 2408 ,
1688 2375 1802 2404 Bonum
1820 2384 1889 2414 opus
1899 2397 1908 2410 ‚
1930 2387 2128 2416 exponantur
2138 2401 2149 2416 ,
2170 2381 2199 2412 id
2222 2394 2242 2421 9

1212 2415 1253 2445 esi
1264 2436 1273 2449 ,
1298 2414 1380 2457 actio
1391 2414 1470 2454 plebi
1481 2415 1569 2446 utilis
1581 2426 1591 2451 ς
1617 2425 1649 2447 ut
1661 2426 1712 2456 per
1724 2415 1764 2446 D.
1777 2416 1890 2449 ¹i‘hom.
1905 2419 1936 2449 in
1951 2430 2010 2451 ια.
2022 2424 2125 2461 q,185.
2136 2433 2201 2456 art.

1216 2466 1277 2490 1.1n
1288 2458 1401 2497 respon.
1411 2457 1619 2497 adsccundum
1631 2481 1638 2489 .

1235 2543 1240 2547 .
1255 2500 1470 2532 Concluditur
1480 2511 1556 2546 ergo
1565 2500 1751 2543 Episcopum
1761 2513 1797 2534 ex
1805 2502 1896 2536 causa
1906 2506 2055 2541 transitus
2065 2511 2102 2542 ad
2117 2509 2200 2542 Resi-

1211 2552 1339 2590 gionem
1353 2553 1418 2574 non
1429 2547 1513 2583 posse
1525 2553 1630 2584 petere
1640 2547 1773 2578 cedendi
1785 2546 1947 2579 licentiam
1958 2570 1968 2585 ,
1989 2557 2047 2581 ne'c
2061 2553 2080 2583 si
2094 2562 2200 2593 petat,

1211 2591 1351 2618 caiiiessc
1361 2589 1598 2618 concedendam
1609 2610 1618 2623 ‚
1638 2589 1697 2619 nisi
1717 2599 1886 2621 concurrat
1896 2591 2003 2632 aliqua
2019 2604 2055 2627 ex
2067 2595 2115 2627 sex
2127 2606 2199 2628 cau-

1211 2630 1247 2661 sis
1258 2629 1308 2660 hic
1320 2629 1511 2660 numeratis:
1532 2633 1617 2672 quod
1629 2641 1715 2665 tenet
1726 2632 1756 2664 S.
1770 2632 1909 2665 Thomas
1920 2634 1953 2666 in
1965 2637 2194 2680 2.2.quaest.185.

1210 2682 1304 2711 art.4.
1316 2674 1348 2703 ἃ
1360 2671 1557 2704 Turrecrem.
1570 2674 1602 2705 in
1614 2684 1682 2716 cap.
1694 2678 1762 2707 Hoc
1771 2686 1954 2714 nequaquam
1963 2701 1973 2715 ,
1992 2691 2071 2712 num.
2086 2693 2115 2713 2..
2127 2691 2155 2717 7.
2167 2692 2194 2721 q.

1214 2726 1238 2747 1.
1252 2716 1335 2747 Idem
1345 2717 1439 2746 docet
1452 2716 1563 2747 Innoc.
1577 2717 1609 2748 in
1619 2728 1644 2749 c.
1658 2718 1726 2758 [²0st
1736 2720 1971 2752 translationem
1981 2744 1991 2758 ‚
2014 2735 2062 2755 nu.
2074 2725 2194 2765 transm*

1209 2758 1270 2790 eod.
1282 2758 1390 2790 diceus
1401 2769 1466 2789 non
1479 2760 1572 2791 licere
1587 2759 1804 2802 Episcoparum
1814 2763 1974 2796 dimittere
1985 2773 2110 2808 propter
2121 2764 2196 2800 Mo·

1209 2802 1380 2833 nachatum
1391 2824 1399 2832 .
1410 2800 1509 2843 Quod
1520 2802 1640 2835 diuum
1651 2804 1822 2845 sequuntur
1833 2806 1877 2837 ibi
1890 2806 2194 2851 Host.n.7.J0.Andr.

1208 2855 1289 2880 nu.9.
1302 2844 1438 2876 Anchar.
1449 2856 1529 2877 num.
1544 2858 1571 2878 2.
1584 2848 1616 2879 &
1628 2848 1682 2879 alii
1694 2849 1908 2881 communiter
1919 2850 1993 2883 DD.
2005 2852 2039 2885 in
2051 2865 2074 2886 c.
2089 2855 2174 2887 Licet
2184 2878 2195 2892 ,

1207 2887 1243 2919 de
1254 2888 1383 2925 regular·

1251 2930 1281 2961 Ν
1286 2941 1328 2961 on
1338 2929 1438 2963 obstat
1450 2940 1526 2963 text.
1539 2932 1572 2964 in
1581 2931 1708 2966 d.c.Hoc
1718 2944 1901 2974 nequaquam
1913 2947 1971 2976 7.q.
1979 2949 2003 2971 1.
2015 2941 2091 2981 quia
2102 2941 2193 2973 intel·

1208 2974 1318 3013 ligitur
1328 2975 1365 3004 de
1377 2973 1528 3015 Episcopo
1537 2997 1548 3012 ,
1568 2978 1623 3017 qui
1634 2977 1799 3009 convictus
1809 2979 1850 3011 est
1860 2983 1897 3012 de
1908 2982 2043 3016 crimine
2054 3006 2063 3019 ,
2082 2986 2114 3016 δε
2125 2995 2192 3024 pro-

1206 3027 1272 3056 pter
1285 3019 1342 3047 hoc
1362 3017 1395 3048 in
1403 3018 1626 3051 monasterium
1645 3021 1842 3059 detruditur,
1862 3034 1896 3056 ut
1907 3024 1952 3057 ibi
1963 3027 2102 3059 declarat
2112 3027 2188 3067 glos.

1205 3061 1238 3091 in
1251 3071 1314 3090 ver.
1327 3060 1465 3092 Ulterius
1475 3086 1481 3090 .
1503 3063 1536 3092 δέ
1547 3063 1674 3094 Archid.
1686 3063 1727 3095 ad
1735 3062 1789 3105 fin.

1248 3102 1325 3150 Non
1346 3103 1465 3150 obstat,
1494 3104 1579 3152 quod
1597 3106 1663 3137 vita
1681 3109 1929 3150 contemplativa
1947 3111 1983 3144 sit
2004 3111 2192 3152 praefercnda
2216 3125 2253 3149 10

1205 3145 1311 3177 :iesivae
1325 3167 1334 3182 ,
1352 3148 1384 3177 δε
1395 3149 1523 3186 quidem
1536 3158 1569 3178 in
1580 3150 1748 3185 duodecim
1759 3173 1769 3187 ‚
1788 3151 1967 3192 saecundum
1979 3155 2188 3195 Augustinum
2222 3166 2226 3170 ·

1204 3191 1338 3220 relatum
1349 3191 1386 3220 ab
1398 3190 1563 3223 Archid.in
1571 3193 1816 3232 c.l’rivilegium,
1825 3197 1927 3237 nt3.de
1937 3196 2017 3229 verb.
2024 3198 2187 3239 fignifilib.

1204 3237 1233 3263 6.
1245 3234 1277 3264 &
1287 3242 1303 3262 a
1314 3230 1484 3264 conectat.
1504 3232 1554 3265 hic
1564 3245 1643 3267 num.
1656 3247 1684 3267 2.
1704 3237 1832 3272 dicente
1850 3238 2011 3275 Domine,
2033 3239 2123 3275 Lucae
2139 3251 2185 3274 io.

1203 3277 1321 3322 Marici
1331 3278 1477 3325 optimam
1493 3285 1611 3316 partem
1629 3280 1721 3318 elegzt
1729 3302 1739 3317 ,
1760 3292 1815 3318 quae
1834 3294 1889 3313 non
1909 3280 2059 3322 auferetur
2069 3281 2113 3315 ab*
2128 3295 2185 3317 ea⁴

1202 3319 1382 3359 Qomam,
1394 3328 1426 3349 ut
1437 3320 1489 3350 hic
1498 3320 1628 3358 dicitur,
1639 3321 1715 3355 licet
1728 3325 1792 3355 vita
1803 3325 2058 3363 comtemplativa
2075 3326 2110 3358 sit
2122 3337 2185 3360 ma-

1203 3363 1250 3401 gis
1262 3362 1384 3408 secura,
1404 3371 1510 3409 tamen
1520 3363 1621 3396 activa
1638 3365 1678 3397 est
1691 3368 1789 3406 magis
1799 3366 1957 3398 fructifera
1968 3379 1976 3404 3
1996 3369 2028 3400 &
2039 3367 2116 3401 licet
2127 3370 2181 3402 illa

1202 3406 1237 3436 sit
1250 3414 1350 3444 magis
1361 3406 1459 3436 suavis
1470 3427 1480 3442 ,
1501 3407 1563 3438 liaec
1577 3418 1682 3440 tamen
1695 3410 1793 3449 magis
1804 3410 1889 3440 utilis
1904 3421 1911 3446 3
1932 3413 1964 3441 ὅ(
1976 3421 2009 3443 ut
2021 3413 2136 3452 legitur
2147 3413 2181 3444 in

1201 3448 1230 3480 d.
1240 3446 1353 3481 c-Ltcet
1362 3469 1371 3485 ,
1384 3449 1450 3487 §.St
1462 3453 1542 3488 verb,
1552 3449 1589 3483 de
1598 3452 1727 3492 regular.
1742 3453 1759 3482 si
1765 3464 1779 3483 ι·
1785 3462 1817 3483 ut
1827 3452 1887 3492 maj
1892 3463 1925 3486 us
1937 3454 2054 3487 bonum
2065 3455 2182 3486 mium-i

2055 3498 2141 3528 bono
