2397 3664
276 214 342 244 ione
351 209 452 240 nullus
466 213 579 245 poterit
589 215 621 236 in
627 205 766 236 coelorum
775 212 864 239 regno
877 208 1028 240 percipere
1044 209 1212 239 portionem
1221 221 1229 230 .

306 265 322 285 c
333 254 383 284 ibi.
396 251 450 282 Per
457 246 633 293 Symbolum
643 255 746 280 autem
759 245 831 276 fidei
842 244 980 284 intellige
989 243 1135 286 Symbolt't
1147 244 1231 284 Apo·

339 305 390 327 um
401 315 410 328 ‚
427 295 463 324 ad
473 293 556 333 quod
565 293 673 322 omnia
683 290 741 321 alia
749 287 894 327 Symbola
904 297 1065 328 tamquam
1082 286 1231 319 Catholi-

356 337 503 371 ositiones
519 335 708 366 reducuntur
717 351 726 364 ‚
747 332 779 362 &
798 331 882 370 quod
901 330 1054 371 implicite
1068 332 1211 363 continet
1222 350 1231 363 ‚

345 382 396 413 uid
406 381 443 411 ab
452 379 521 410 aliis
532 374 673 417 explicite
683 373 832 414 digestum
842 372 939 414 postea
949 373 1008 406 fuit
1016 394 1026 408 ‚
1034 373 1184 405 S.Thoin.
1198 375 1230 404 in

246 435 274 467 3.
285 424 333 464 dil
347 431 406 462 ‚25.
418 433 443 460 q.
452 431 476 453 1.
485 429 578 452 αντη.
588 427 645 457 43.
654 415 695 448 ad
705 427 731 449 2.
741 414 827 449 Cum
835 418 921 450 enim
931 418 969 450 ad
981 417 1040 449 hoc
1049 418 1232 450 memoriter

245 469 416 500 tenendum
425 465 565 506 Synodus
574 461 691 501 obliget
697 469 827 491 omnem
839 469 961 491 aetatem
970 480 980 494 ‚
990 459 1107 494 sexum,
1117 460 1231 491 condi-

247 514 369 545 tionem
380 531 390 544 ,
412 510 534 540 videtur
552 502 648 536 solum
665 503 844 537 intellexisse
858 505 897 535 de
907 503 1054 545 Symbolo
1069 503 1231 544 Apostolo-

244 565 315 588 rum
323 574 333 588 ‚
354 553 436 592 quod
445 546 567 580 facilius
583 545 751 579 addiscitur
760 567 770 581 ‚
791 546 883 588 quam
900 546 1085 589 Symbolum
1105 545 1232 578 Parrum

248 597 386 629 Nicaenae
394 593 511 633 Synodi
521 611 532 625 ,
551 590 634 632 quod
652 591 704 623 vix
715 592 867 623 memoria
884 591 1035 623 retinetur
1045 591 1083 621 ab
1092 589 1232 621 homini-

247 641 300 673 bus
310 635 464 680 provectis
475 657 483 666 .
499 633 545 666 Ac
556 642 715 675 propterea
732 632 805 664 cum
814 633 847 665 in
858 633 1006 675 Symboio
1013 633 1233 674 Apostolorum

246 682 469 714 contineantur
477 677 590 710 omnia
607 686 645 707 ne
651 675 773 709 cessaria
783 686 838 717 pro
851 677 998 708 omnibus
1008 697 1018 712 ‚
1034 687 1099 707 non
1110 678 1232 707 videtur

244 724 432 756 Concilium
440 743 450 756 ‚
461 722 590 762 loquens
599 721 635 750 dc
645 720 791 750 omnibus
802 720 982 751 hominibus
993 740 1002 754 ‚
1019 720 1143 751 voluisse
1153 719 1234 750 obli-

243 778 316 809 gare
334 765 414 808 ipsos
422 767 460 799 ad
477 763 658 806 Symbolum
675 765 842 794 continens
858 763 1022 796 neceffaria
1032 764 1070 793 ad
1088 759 1233 802 explicite

244 811 435 844 credendum
452 805 646 840 solummodo
662 805 679 837 a
688 805 855 845 majoribus
865 827 872 835 .
893 805 980 839 Adde
997 806 1082 846 quod
1092 805 1233 846 Synodus

244 855 382 894 loquitur
390 849 600 884 adversative,
620 850 661 880 ibi
672 869 682 883 2
700 846 880 893 Symbolum
889 850 962 881 vero
970 869 980 884 ,
1001 858 1094 889 atque
1103 850 1147 881 ita
1157 857 1234 880 con-

244 895 457 937 tradislinguit
467 893 646 935 Symbolum
656 891 781 925 Patrum
791 912 800 927 ,
817 893 855 923 de
863 902 927 933 quo
944 891 1028 932 prius
1038 893 1234 923 mentionem

242 940 359 974 fecerat
369 960 379 973 ‚
388 940 425 970 ab
435 939 497 974 alio
506 936 654 979 Symbolo
662 955 672 970 ‚
682 936 851 976 obligando
860 937 898 967 ad
909 935 985 967 illud
997 936 1178 967 memoriter
1187 943 1234 965 re-

241 982 616 1018 tinendumSacerdotes,
638 979 791 1019 &gradus
801 977 942 1009 Ecclefiae
956 977 1098 1013 tantum3
1119 979 1157 1008 ad
1173 976 1234 1008 hoc

243 1026 320 1057 vero
331 1024 543 1057 indifferenter
560 1031 669 1054 omnes
678 1043 686 1050 .
708 1020 793 1062 Qlae
809 1019 969 1052 distinctio
979 1020 1086 1061 inepta
1100 1021 1172 1052 esset
1180 1040 1190 1054 ‚
1213 1019 1232 1051 fi

243 1072 350 1101 omnis
358 1078 430 1099 :ctas
440 1088 450 1102 ,
466 1066 570 1099 omnis
582 1064 666 1094 sexus
676 1084 686 1098 ‚
702 1065 806 1095 omnis
815 1063 959 1096 conditio
977 1073 1134 1096 teneretur
1144 1063 1234 1105 Sym-

242 1113 348 1144 bolum
359 1111 485 1142 Patrum
495 1107 756 1146 addiscerentque
766 1108 810 1138 ita
818 1105 886 1139 usus
895 1106 1075 1139 universalis
1084 1108 1234 1140 obtinuit,

242 1158 318 1197 quia
335 1154 472 1187 minores
489 1153 521 1183 &
540 1150 629 1181 Laici
647 1148 802 1181 addiscere
823 1159 888 1181 non
907 1149 1153 1184 consueverunt,
1176 1149 1232 1182 nisi

239 1198 422 1240 Symbolum
431 1191 617 1235 Apostolort't
627 1215 635 1222 .
645 1191 745 1233 Qiod
755 1194 982 1228 advertendum
991 1193 1078 1228 duxi,
1089 1203 1127 1226 ne
1138 1194 1235 1226 alicui

241 1242 414 1276 suboriatur
425 1238 582 1280 scrupulus
592 1256 602 1272 ‚
617 1236 783 1277 quodcum
797 1236 1045 1277 Synodusinitio
1061 1237 1234 1277 expresserit

241 1287 278 1316 dc
288 1283 435 1324 Symbolo
444 1281 570 1313 Pattum
579 1300 588 1315 ,
608 1278 707 1320 postea
717 1280 898 1320 simpliciter
918 1281 1087 1320 repetendo
1104 1281 1234 1311 verbum

239 1324 418 1373 Symbolum
426 1346 436 1360 ,
456 1326 600 1356 videatur
608 1325 644 1354 de
654 1325 767 1354 eodem
777 1322 922 1363 Symbolo
931 1322 1058 1354 Parrum
1066 1322 1234 1355 intellexis-

240 1372 268 1405 sc
278 1393 285 1400 .
308 1371 345 1401 ln
356 1367 627 1401 Concilioitidem
638 1366 850 1407 Moguntiaco
861 1366 883 1396 Ι.
895 1367 1048 1399 celebrato
1057 1378 1135 1397 anno
1145 1366 1234 1407 salu-

238 1417 280 1447 tis
289 1416 359 1453 813.
369 1421 509 1452 tempore
520 1410 634 1442 Leonis
643 1409 730 1450 Papa:
740 1409 830 1441 HL&
841 1407 950 1444 Caroli
961 1410 1074 1450 Magni
1086 1410 1232 1450 Imperat.

237 1465 315 1497 c.45.
325 1466 348 1488 t.
362 1465 387 1496 3.
399 1455 518 1487 Concil.
527 1462 594 1494 par.
603 1451 936 1493 t.set‘}.2.p.201.col.z.
951 1452 991 1485 sic
1002 1454 1115 1494 legitur
1124 1464 1130 1484 :
1139 1456 1233 1497 Sym-

236 1499 333 1534 bolum
341 1520 351 1534 ³
363 1499 437 1537 quod
447 1497 681 1541 estfignaculum
691 1495 782 1536 fidei,
794 1493 830 1528 (5²
840 1497 1023 1528 Orationem
1034 1494 1233 1528 Dominicam

235 1538 473 1585 dsscercsempcr
481 1541 661 1573 admoneant
670 1538 849 1573 Sacerdotes
856 1539 1002 1579 Populum
1012 1538 1233 1581 Christianum3

234 1587 338 1619 volum
350 1586 435 1628 ufi1ue
443 1594 475 1616 ut
484 1583 678 1625 disciplinam
687 1582 867 1622 condignam
885 1581 1015 1615 habeant
1025 1604 1035 1618 ‚
1057 1585 1106 1621 qui
1114 1581 1170 1615 haec
1184 1582 1233 1614 di-

229 1632 315 1675 Jcere
331 1629 488 1668 negligunt
496 1649 506 1662 ,
518 1627 588 1670 five
604 1629 638 1659 in
658 1625 773 1666 jejunio
783 1647 793 1661 ,
808 1626 882 1669 five
899 1628 932 1658 in
948 1627 1014 1658 alia
1034 1625 1233 1667 castigatione

235 1671 433 1706 emendentur
443 1694 451 1702 .
473 1669 640 1710 Propterea·
651 1668 777 1708 dignum
788 1667 848 1711 est,
869 1668 992 1711 utfilios
1005 1669 1077 1710 fisos
1086 1668 1232 1702 mandent

236 1717 278 1749 ad
278 1715 416 1758 scholam
426 1736 436 1750 ,
448 1715 480 1758 fi
486 1725 521 1746 ve
529 1712 570 1747 ad
577 1712 760 1754 monasteria
768 1734 778 1748 ,
788 1712 861 1755 five
863 1710 953 1756 foras
962 1710 1158 1756 Presbyteris
1167 1733 1177 1748 ‚
1199 1722 1232 1745 ut

226 1759 258 1804 fi
259 1759 326 1791 dem
335 1757 527 1791 Catholicam
538 1754 615 1790 νεὲἶὲ
625 1755 748 1797 discant
758 1776 768 1790 ,
779 1756 817 1788 (ῥ’
827 1757 1009 1788 Orationem
1022 1757 1232 1790 Dominis-am,

233 1813 268 1837 ut
275 1803 357 1834 domi
367 1802 446 1835 alios
454 1799 575 1835 edocere
584 1800 713 1832 valeant
721 1820 731 1834 ‚
752 1797 790 1832 ό·
801 1800 850 1838 qui
860 1798 957 1831 aliter
965 1810 1024 1831 non
1029 1801 1147 1842 poterit
1156 1819 1166 1835 ‚
1178 1799 1232 1832 vel

232 1849 265 1879 in
268 1846 325 1888 sua
335 1846 441 1883 lingua
451 1844 502 1876 hoc
511 1841 610 1884 discas
620 1866 629 1875 .

276 1889 313 1920 Et
326 1889 359 1920 in
368 1887 521 1919 Concilio
532 1885 702 1918 Rhemensi
715 1884 824 1916 habito
832 1886 944 1918 eodem
955 1895 1041 1918 anno
1057 1884 1109 1917 sub
1122 1887 1233 1918 eodem

231 1931 383 1967 Pontifice
394 1934 426 1963 &
437 1931 646 1971 Imperatore,
656 1938 712 1960 c.1.
721 1926 823 1961 eodem
833 1928 1232 1970 tom-3.par.1.fi·6}.2.pag.

232 1985 302 2015 203.
314 1975 370 2007 col.
385 1984 396 2006 1
404 1997 411 2004 .
422 1975 451 2009 E
450 1972 482 2014 st
492 1971 611 2015 defidei
621 1975 739 2004 ratione
749 1993 758 2006 ,
767 1980 799 2003 ut
809 1971 1002 2012 unusqutssque
1011 1970 1102 2009 juxta
1111 1972 1233 2005 intelle-

230 2018 372 2059 Humfiiae
382 2018 565 2057 capacitatis
573 2017 708 2047 Domino
716 2015 867 2053 largiente
875 2013 1016 2055 disceret,
1026 2012 1065 2046 &⁴
1074 2015 1168 2047 intell
1170 2017 1234 2053 ige-

230 2071 290 2097 ret,
300 2071 387 2100 atque
397 2057 533 2101 operibus
540 2059 674 2099 pleniter
681 2056 909 2100 observarem&
915 2069 971 2089 c-z.
981 2057 1025 2094 Ut
1035 2059 1231 2092 Orationem,

229 2116 318 2144 qnam
326 2107 480 2137 Dominus
489 2101 681 2146 nosterJesus
688 2105 717 2134 C
717 2100 828 2143 hristus
836 2100 912 2142 disci
912 2101 963 2140 pul
966 2112 997 2131 os
999 2101 1071 2142 suos
1081 2112 1170 2134 orare
1179 2100 1233 2131 cio-

228 2151 291 2183 cuit
301 2169 311 2183 ,
332 2145 436 2184 verbis
446 2145 614 2189 discerent,
633 2144 762 2189 &sensu
773 2143 845 2178 bene
855 2144 1066 2182 intelligerent
1076 2164 1086 2178 ,
1108 2146 1180 2181 quia
1191 2144 1232 2175 il-

231 2193 295 2226 lam
304 2194 447 2231 ignorare
456 2190 535 2222 nulli
546 2187 722 2230 Christiano
732 2188 805 2220 licet
814 2210 822 2220 .
835 2188 915 2219 Item
924 2186 1030 2218 Isidor-
1040 2187 1126 2218 lib.2.
1137 2185 1175 2217 de
1186 2185 1233 2229 of-

225 2234 279 2278 fic.
291 2246 316 2271 c.
324 2245 335 2266 1
346 2245 370 2268 1.
379 2244 473 2277 quem
484 2233 576 2265 refert
586 2233 642 2265 Ivo
649 2240 747 2272 par-t.
759 2233 796 2263 de
805 2233 974 2271 Bapt.c.88.
987 2231 997 2270 (
1009 2229 1233 2271 Competenti—

233 2280 288 2310 bus
306 2278 435 2310 salutare
446 2277 629 2320 Symbolum
644 2277 777 2308 traditur
792 2273 878 2315 quafi
899 2274 1185 2306 commonitorium
1197 2273 1233 2304 fi-

233 2321 283 2353 dei
294 2342 304 2357 ‚
326 2323 359 2354 &
371 2320 482 2352 fausta:
492 2319 692 2352 confessionis
703 2318 862 2350 indicium
874 2337 884 2352 ,
905 2327 970 2357 quo
979 2316 1123 2349 instructi
1133 2326 1233 2356 agno-

233 2365 319 2396 scant
330 2386 339 2400 ,
350 2365 457 2406 quales
469 2364 532 2406 jam
541 2365 579 2395 ad
591 2363 726 2404 gratiam
734 2360 853 2393 Christi
862 2360 1007 2391 exhibere
1020 2359 1048 2390 se
1059 2360 1207 2391 debeant.
1221 2358 1232 2398 )

231 2405 565 2448 EtAugt1stinuslib.1.
576 2405 613 2438 de
623 2403 759 2451 Symbol.
768 2416 793 2436 c.
801 2414 825 2436 1.
841 2404 953 2435 relatus
964 2403 1076 2435 itidem
1085 2403 1122 2433 ab
1135 2402 1233 2433 Ivone

232 2451 539 2490 par-1.c.8.Accipire
549 2449 685 2488 regulam
694 2446 782 2489 fidei,
792 2446 869 2486 quod
879 2444 1057 2491 Symbolum
1067 2443 1232 2479 dicium&

235 2505 299 2525 cum
308 2495 485 2534 acceperitis
495 2513 504 2526 ,
526 2495 558 2523 in
568 2491 657 2524 corde
667 2489 797 2533 scribite
807 2511 817 2525 ,
839 2489 1019 2527 &quotidie
1035 2487 1142 2530 discite
1153 2487 1233 2528 apud

170 2544 211 2578 47
234 2549 288 2568 vos
298 2549 308 2569 ,·
319 2546 478 2574 antequam
490 2536 653 2567 dormiatis
664 2555 674 2568 ,
683 2531 829 2577 Symbolo
840 2531 940 2574 vestro
949 2544 1004 2564 vos
1012 2535 1128 2564 munite
1136 2554 1144 2562 .
1154 2533 1232 2564 Am-

237 2579 316 2621 plius
327 2580 359 2611 in
370 2579 522 2611 Concilio
537 2577 768 2609 Mediolanenfi
780 2577 817 2606 V.
827 2578 861 2607 in
882 2578 934 2608 tit.
944 2575 1028 2616 Quae
1038 2577 1076 2608 ad
1086 2575 1233 2616 praedica-

234 2623 359 2655 tionem
369 2624 451 2655 verbi
465 2622 547 2656 Dei,
567 2622 601 2653 δι
611 2617 804 2652 Doctrinam
820 2617 1032 2650 ChristIanam
1055 2620 1211 2657 pertinent
1223 2638 1232 2650 ‚

238 2666 386 2698 statutum
396 2666 435 2696 est
446 2666 493 2697 his
504 2665 606 2696 verbis
624 2675 631 2695 ε
649 2663 709 2694 Aa
718 2661 851 2702 salutem
859 2671 927 2693 cnm
937 2658 1072 2693 omnibus
1087 2658 1233 2701 fidelibus

238 2720 306 2741 nece
312 2706 402 2747 sarii?
406 2708 450 2751 fit
461 2706 640 2749 Christian-e
643 2704 723 2748 fidei
733 2703 908 2737 rudimenta
910 2702 1006 2744 scire,
1017 2701 1232 2746 omnibus,fin-

236 2750 370 2792 gulisque
380 2753 550 2783 animarum
558 2746 744 2783 curatoribus
754 2769 763 2783 ,
779 2750 816 2780 &⁶
823 2749 937 2779 caeter'is
947 2745 1148 2789 Confeffartis
1159 2746 1232 2789 five

240 2791 518 2836 Saectilaribuufive
528 2790 724 2834 Regularibus
734 2794 768 2825 in
778 2793 896 2823 virtute
897 2790 1007 2832 santia
1016 2787 1189 2822 obedientie
1198 2789 1233 2821 id

241 2839 327 2878 proci
329 2839 426 2877 pimus
436 2856 445 2872 ,
455 2835 610 2879 utfaciam
619 2858 629 2873 ,
637 2844 799 2874 antequam
808 2833 997 2877 confeffiones
1006 2831 1134 2864 audiant
1144 2853 1154 2868 ,
1165 2843 1233 2864 ora-

242 2884 356 2914 tionem
365 2881 563 2913 Dominicam
572 2900 582 2913 ‚
604 2879 788 2918 Angelicam
792 2877 1013 2919 salutationem
1024 2896 1033 2911 a
1054 2873 1234 2920 Symbolum

236 2923 317 2968 fidei
326 2944 336 2958 ‚
345 2927 382 2955 <⁷9⁴
393 2922 492 2957 decem
498 2930 640 2964 praecepta
651 2924 714 2956 Dei
723 2942 733 2957 ,
748 2931 805 2960 quae
813 2923 848 2952 in
857 2920 1011 2958 Decalogo
1020 2920 1213 2950 continentur
1224 2938 1233 2952 ‚

242 2977 274 3001 ut
282 2969 461 3007 prenitentes
470 2968 598 2998 recitent
607 2986 618 3000 ‚
639 2978 672 2997 ac
681 2968 692 2997 i
693 2974 712 3005 p
708 2965 755 3010 fis
764 2964 956 2996 audientibus
972 2961 1111 3006 referant
1121 2984 1129 2991 .
1146 2962 1235 3005 Qa-

242 3010 456 3061 rumserumfi
467 3020 536 3046 quos
545 3010 666 3047 ignaros
676 3007 818 3049 rudesque
826 3004 1006 3051 offenderint
1017 3026 1027 3041 ‚
1048 3004 1124 3037 hanc
1134 3014 1234 3036 corum

238 3054 433 3095 spiritualem
443 3053 619 3094 socordiam
636 3054 748 3083 acriter
761 3048 980 3092 reprehendant
990 3069 1001 3084 ‚
1023 3046 1235 3089 ostendantque

246 3096 333 3134 titiam
340 3097 449 3135 gravis
467 3093 522 3136 effe
532 3091 637 3126 debeat
646 3094 766 3126 illorum
776 3094 956 3136 conscientie
966 3093 1118 3132 ignoratio
1134 3101 1235 3123 rerum

245 3140 288 3171 ad
298 3140 429 3180 salutem
443 3149 499 3177 quae
515 3134 672 3178 tantopere
689 3136 849 3177 neceffariae
861 3136 935 3178 sunt
945 3158 952 3168 .
974 3138 1002 3168 C
1003 3133 1055 3168 itm
1070 3144 1169 3166 autem
1188 3145 1235 3165 eos

245 3179 405 3222 absolvunt
415 3202 425 3217 ,
444 3190 551 3223 preter
559 3181 640 3213 alias
648 3181 842 3219 poenitentias
851 3202 861 3216 ‚
871 3179 904 3213 id
915 3181 1007 3212 etiam
1016 3180 1173 3218 imponant
1182 3198 1192 3212 ,
1203 3185 1235 3208 ut

246 3234 372 3263 quatuor
382 3223 435 3256 haec
446 3224 561 3265 saltem
570 3223 717 3265 potissima
726 3221 862 3255 doc‘lrinae
873 3221 1049 3265 Christianae
1064 3224 1167 3261 capita
1175 3223 1234 3251 im-

245 3266 393 3313 posterum
403 3265 540 3301 accurate
548 3266 685 3310 ediscant
693 3286 704 3301 ‚
724 3273 804 3297 certo
814 3266 879 3297 illis
887 3275 941 3305 pro
949 3263 1099 3298 arbitratu
1100 3264 1155 3306 suo
1162 3271 1234 3304 pra:—

242 3310 340 3356 finito
348 3321 472 3348 congruo
482 3319 614 3352 tempore
623 3330 632 3345 ,
643 3306 719 3348 quod
727 3307 849 3341 tantum
859 3306 891 3340 ob
901 3306 1093 3350 necessariam
1099 3307 1234 3345 aliquam

250 3352 533 3394 caufizmsemel‚aut
541 3353 582 3386 ad
585 3353 736 3394 summum
745 3350 861 3382 iterum
870 3354 1027 3390 prorogari
1037 3352 1173 3384 ticcam-eo
1183 3361 1235 3380 au-

249 3407 311 3430 tem
320 3398 463 3435 temporis
466 3396 566 3436 spatio
575 3395 697 3439 cofeflm
719 3408 728 3427 ι
739 3393 843 3426 eadem
852 3392 947 3425 adhuc
957 3395 1027 3425 illos
1035 3398 1176 3434 ignorare
1184 3394 1236 3424 vi—

249 3438 365 3474 derint,
373 3448 442 3470 tunc
451 3450 488 3470 ne
497 3439 618 3471 illorum
627 3451 679 3471 con
696 3438 829 3481 effionem
836 3436 976 3471 audiant,
985 3438 1046 3481 nisi
1054 3437 1190 3479 confilio,
1199 3437 1237 3468 (θ’

250 3483 360 3526 affensu
369 3503 378 3518 ,
387 3491 439 3514 ant
449 3481 694 3525 Vacariiforanei
705 3482 750 3525 ‚st
758 3479 1004 3522 Dioecesanisunt
1014 3500 1024 3516 ‚
1033 3489 1085 3513 aut
1093 3481 1216 3512 illorum
1227 3498 1236 3513 s

227 0 494 196 Ἦ
649 75 829 149 Prosp.
852 75 1086 148 Fagnan.
1105 73 1162 129 in
1182 72 1224 130 Ι.
1249 71 1386 130 Part.
1407 70 1568 144 primi
1589 71 1867 129 Decretal.

306 169 312 174 '
403 165 410 172 ”
476 163 806 212 ἰῑξὲιῐῒξνῐήηῑψῑά(Ιηεμη
814 161 888 191 cll-25
899 158 1038 207 ‘1¹¹¹*fss7'e
1049 155 1102 188 hac
1110 156 1230 208 lfencdi-
1273 165 1339 192 quos
1349 153 1415 186 huic
1422 164 1493 185 cura:
1503 156 1536 184 in
1545 156 1573 185 ci
1579 156 1677 185 vitate
1686 153 1849 193 Episcopus
1856 152 2023 193 μαῖα-σῆς
2032 176 2041 189 ‚
2048 156 2080 199 fi
2088 159 2120 188 gn
2130 159 2260 189 cim-mre

1272 199 1437 230 vivunt-Si
1447 198 1496 234 qui
1504 196 1575 228 vero
1577 194 1673 237 semel
1681 198 1728 229 itu
1738 196 1859 238 admiffi
1866 195 1907 227 ad
1913 198 2146 231 Sacramentum
2154 202 2241 233 Poem·
2247 219 2256 223 -

1272 241 1371 272 tentia
1382 260 1391 274 ,
1409 250 1456 270 eos
1463 238 1563 280 postea
1569 241 1603 271 in
1612 238 1683 271 rudi
1692 238 1746 271 hac
1754 239 1903 280 craſjaque
1918 241 2095 277 ignorantia
2100 241 2259 286 perfistere

1271 290 1451 322 compertum
1461 284 1522 312 erit
1532 302 1542 316 ‚
1552 280 1589 314 de
1599 284 1639 313 iis
1647 281 1689 314 ad
1699 282 1879 323 Episcopum
1887 283 1982 324 ipsum
1991 282 2145 327 referatur
2154 305 2164 320 ,
2172 294 2259 318 ante-

1271 337 1359 364 quam
1368 323 1501 365 amplius
1510 324 1779 364 admittantur-‚qui
1786 327 1913 358 illorum
1918 324 2015 366 saluti
2024 326 2263 366 diligentium&

1273 367 1423 411 efficacius
1432 367 1578 407 consulat,
1587 377 1620 399 ut
1629 367 1749 400 viderit
1758 371 1790 401 in
1799 371 1931 402 Domino
1941 370 2099 411 expedire.
2112 370 2186 402 Haec
2197 371 2254 402 ibi.

1316 413 1395 445 Item
1414 413 1447 443 in
1463 410 1614 443 Concilio
1628 410 1818 443 Provinciali
1835 412 2061 445 Mediolanensi
2079 414 2117 445 11.
2128 415 2260 446 Decreto

1276 465 1287 486 1
1295 467 1323 487 0.
1335 455 1483 486 statutum
1492 454 1533 487 est
1542 473 1552 488 ‚
1573 464 1609 486 ut
1618 464 1654 485 ea
1669 464 1744 486 cura
1754 454 1789 486 sit
1801 452 1946 486 parochis
1957 475 1967 489 ‚
1989 466 2022 488 ut
2029 467 2108 498 quos
2118 456 2258 497 compa-

1271 508 1332 531 tres
1352 500 1395 529 ita
1407 498 1567 538 imperitos
1585 498 1732 529 noverint
1741 517 1750 532 ,
1772 507 1806 529 ut
1814 497 1996 540 Symbolum
2017 500 2108 535 fidei,
2129 500 2190 531 sive
2202 509 2237 531 ea
2246 520 2258 535 ‚

1294 551 1338 572 ure
1349 544 1381 572 in
1391 540 1536 582 Symbolo
1545 541 1748 572 continentur
1756 560 1765 575 ,
1789 542 1935 581 ignorent
1945 560 1954 574 ‚
1969 541 2037 574 illos
2045 553 2084 574 eo
2094 542 2200 575 officio
2211 543 2257 574 su-

1270 552 1421 624 scipiendi
1432 586 1469 615 de
1479 583 1630 624 baptismo
1640 583 1774 616 infantes
1786 582 1874 624 fungi
1890 593 1929 613 nc
1939 586 2095 623 patiantur
2105 608 2112 616 .
2135 586 2174 619 Et
2184 584 2257 617 cum

1273 627 1380 658 astum
1390 626 1461 658 esl'et
1470 629 1503 659 in
1511 626 1604 659 Sacra
1612 625 1868 667 Congregatione
1885 624 2025 659 Concilii
2035 630 2071 660 de
2088 628 2259 661 correctio-

1274 680 1311 701 ne
1321 670 1411 710 hujus
1422 669 1550 701 Decreti
1560 690 1570 704 ‚
1580 669 1682 701 Patres
1693 668 1876 701 censuerunt
1885 670 2074 706 addendum,
2084 673 2211 713 quando
2224 674 2255 704 in

1273 713 1338 753 ipso
1347 712 1420 744 actu
1430 712 1529 753 baptis
1528 715 1571 745 nii
1580 712 1746 745 commode
1756 712 1859 744 habeti
1870 711 1962 753 posset
1971 715 2060 752 copia
2071 717 2257 754 peritorum:

1274 756 1322 798 his
1338 757 1510 787 rationibus
1518 777 1527 790 ,
1548 758 1622 797 quia
1639 755 1825 796 Compatres
1835 757 1945 787 docete
1963 763 2108 788 tenentur
2123 758 2259 791 infantes

1274 799 1347 832 fidei
1364 799 1541 830 rudimenta
1551 810 1559 835 ·‚
1581 798 1786 839 unusquisque
1795 801 1882 829 enim
1903 798 2059 839 obligatus
2068 799 2108 830 est
2127 810 2239 832 munus
2247 821 2258 835 ,

1273 844 1311 873 ad
1320 844 1403 882 quod
1412 842 1567 882 obligatur
1577 862 1586 877 ‚
1602 852 1742 873 exercere
1752 862 1761 876 ,
1778 853 1801 873 c.
1811 844 1870 873 Vos
1879 850 1951 873 ante
1966 843 2066 873 omnia
2075 841 2113 874 de
2131 843 2257 881 consecr.

1273 884 1342 927 d1fl=
1354 897 1383 925 4.
1394 885 1484 926 hujus
1500 887 1586 918 enim
1598 883 1685 917 sacrae
1694 885 1795 916 tutelae
1816 884 2041 917 administratio
2052 895 2115 917 non
2124 885 2165 916 est
2174 896 2260 918 com-

1273 930 1492 963 mittendaiis,
1512 930 1645 969 quieam
1655 938 1760 969 gerere
1775 937 1829 960 aut
1837 927 1968 960 fideliter
1977 938 2042 959 non
2065 929 2168 960 valent
2178 949 2187 964 ,
2207 939 2261 961 aut

1275 971 1377 1003 sedulo
1387 992 1398 1006 ,
1420 971 1471 1003 seu
1485 971 1629 1004 accurate
1639 982 1703 1003 non
1719 981 1861 1012 quaerunt
1874 993 1882 1001 .
1906 970 2036 1003 Levatio
2049 974 2135 1004 enim
2157 971 2178 1004 sl
2196 982 2261 1003 non

1274 1015 1314 1046 est
1323 1017 1360 1048 de
1378 1014 1554 1048 necessitate
1563 1014 1758 1048 Sacramenti
1767 1035 1777 1049 ‚
1799 1014 1839 1046 est
1848 1024 1953 1047 tamen
1961 1015 1997 1046 de
2013 1014 2195 1047 rationabili
2205 1017 2260 1048 ad-

1274 1058 1404 1092 modum
1414 1058 1640 1091 convenientia
1648 1080 1655 1088 .
1677 1058 1735 1090 Sed
1747 1057 1819 1090 cum
1830 1058 1977 1099 baptizati
1988 1060 2167 1091 nutriantur
2177 1060 2260 1090 inter

1274 1102 1376 1134 fideles
1385 1122 1395 1137 ,
1417 1102 1469 1135 ubi
1481 1101 1674 1143 hujusmodi,
1694 1112 1762 1143 quae
1772 1101 1928 1142 pertinent
1945 1102 1982 1133 ad
1991 1099 2204 1133 Christianam
2222 1102 2260 1134 fi-

1274 1147 1357 1179 dem,
1368 1143 1506 1186 publice,
1516 1147 1548 1177 ὃς
1558 1146 1705 1178 omnibus
1715 1155 1789 1176 nota
1800 1144 1878 1181 sunr,
1886 1143 1959 1177 ideo
1967 1143 2150 1177 excusantur
2159 1143 2262 1176 Com-

1276 1198 1376 1230 patres
1385 1209 1394 1223 ‚
1409 1188 1484 1230 quia
1495 1198 1635 1229 parentes
1646 1188 1869 1229 praesumuntur
1878 1188 1942 1220 haec
1959 1187 2141 1229 diligentius
2149 1189 2261 1219 docere

1274 1242 1384 1272 pueros
1395 1231 1464 1263 suos
1473 1252 1483 1267 ,
1493 1233 1526 1264 &
1536 1231 1607 1264 ideo
1616 1230 1790 1271 hujusmodi
1802 1233 1980 1273 paedagogia
1990 1241 2055 1263 non
2064 1228 2243 1274 indige'rnus
2250 1252 2260 1267 ‚

1273 1274 1472 1306 Turrecrem.
1484 1277 1517 1307 in
1527 1274 1557 1306 a'.
1568 1286 1592 1306 c.
1605 1277 1665 1308 Vos
1673 1285 1774 1308 autem
1784 1275 1820 1306 de
1828 1275 1955 1317 consecr.
1966 1272 2034 1315 dist.
2045 1285 2075 1315 4.

1315 1316 1397 1359 Qlo
1412 1318 1482 1350 loco
1491 1320 1704 1351 omittendum
1720 1329 1785 1350 non
1802 1319 1862 1354 est,
1885 1317 2034 1351 Concilia
2056 1317 2265 1350 Provincialia
2284 1320 2325 1358 48

1274 1361 1522 1395 Mediolanensia
1543 1361 1735 1393 consuevisse
1749 1363 1911 1403 approbati
1927 1361 1944 1392 a
1958 1361 2088 1394 Summo
2109 1360 2263 1393 Pontifice

1274 1414 1325 1445 per
1334 1405 1451 1437 litteras
1461 1406 1495 1437 in
1506 1404 1606 1436 forma
1616 1405 1739 1440 Brevis,
1762 1405 1837 1438 cum
1860 1415 1965 1437 tamen
1975 1405 2034 1436 alia
2049 1403 2262 1438 provincialia

1272 1446 1421 1480 Concilia
1429 1458 1493 1479 non
1504 1448 1741 1484 confirmentur,
1752 1448 1798 1480 sed
1807 1447 2027 1482 tantummodo
2037 1447 2263 1488 recognoscan-

1273 1501 1333 1526 tur,
1343 1492 1376 1523 &
1387 1493 1592 1523 emendentur
1601 1491 1618 1523 a
1627 1492 1656 1523 S.
1667 1490 1825 1533 Congreg.
1837 1491 1978 1524 Concilii
1987 1512 1996 1526 ‚
2005 1493 2041 1523 ad
2052 1491 2262 1533 praescriptum

1270 1533 1441 1567 Constitut.
1452 1534 1533 1566 Sixti
1543 1535 1581 1565 V.
1593 1534 1678 1576 super
1688 1535 1884 1569 inslttutione
1893 1534 2028 1576 ejusdem
2039 1534 2110 1566 Con
2113 1544 2198 1575 greg.

1314 1577 1360 1612 Ex
1367 1577 1480 1620 quibus
1488 1577 1623 1611 dilucide
1633 1575 1759 1619 apparet
1768 1599 1777 1613 ‚
1790 1589 1899 1611 omnes
1911 1577 2107 1610 Christianos
2118 1577 2207 1609 usum
2214 1586 2263 1608 ra-

1272 1622 1370 1652 tionis
1391 1621 1539 1653 habentes
1560 1624 1660 1653 teneri
1681 1620 1825 1662 explicite
1848 1621 1922 1653 scire
1953 1621 2061 1652 saltem
2081 1620 2264 1661 Symbolum

1271 1664 1491 1705 Apostolorum
1500 1685 1509 1699 ‚
1524 1666 1557 1696 &
1566 1664 1754 1697 Orationem
1765 1665 1918 1696 Dominic
1924 1675 1974 1696 am
1984 1675 2018 1695 ex
2032 1663 2206 1695 necessitate
2218 1662 2264 1694 sa-

1272 1708 1345 1741 lutis
1354 1727 1364 1742 ,
1382 1708 1414 1739 &
1423 1709 1525 1748 quoad
1535 1708 1593 1740 hoc
1604 1709 1720 1740 nullam
1729 1710 1783 1740 esse
1794 1708 2042 1740 constituendam
2052 1706 2264 1737 differentiam

1271 1752 1352 1782 inter
1362 1749 1504 1784 Clericos
1513 1771 1524 1787 ,
1544 1753 1577 1783 δε
1587 1750 1698 1785 Laicos
1709 1773 1717 1786 ,
1741 1754 1822 1784 inter
1831 1752 1982 1783 litteratos
1992 1771 2001 1786 ,
2023 1762 2058 1784 ac
2066 1752 2156 1781 rudes
2166 1770 2174 1779 .
2195 1749 2264 1781 Ha-

1272 1792 1382 1826 crenus
1394 1795 1433 1825 de
1443 1795 1583 1826 articulis
1599 1795 1700 1828 stricte
1711 1794 1840 1836 sumptis
1849 1817 1857 1825 .

1313 1835 1415 1878 Qibd
1425 1836 1445 1868 si
1455 1838 1529 1869 fidei
1539 1837 1663 1869 articuli
1672 1838 1867 1879 accipiantur
1875 1837 2010 1870 secundo
2021 1837 2117 1871 modo
2125 1855 2135 1870 ‚
2156 1835 2190 1868 id
2199 1835 2240 1867 est
2250 1855 2260 1870 ,
2282 1845 2324 1877 49

1271 1879 1389 1920 largius
1397 1900 1407 1914 ,
1416 1890 1506 1921 prout
1516 1880 1784 1921 comprehendunt
1792 1884 1900 1913 omnia
1910 1903 1918 1915 ,
1927 1892 1994 1922 quae
2002 1881 2019 1912 a
2029 1880 2180 1913 Pontifice
2191 1878 2264 1911 Ma-

1271 1924 1359 1954 ximo
1368 1943 1378 1957 ‚
1387 1924 1435 1955 vel
1445 1924 1639 1965 generalibus
1648 1923 1806 1958 Conciliis
1816 1925 1885 1956 sunt
1894 1924 2045 1959 diffinita3
2063 1922 2183 1956 Praelati
2193 1924 2264 1963 qui—

1272 1967 1354 2001 dem,
1364 1967 1398 2000 &
1408 1966 1462 1999 alii
1473 1977 1582 1999 cutam
1590 1967 1766 2001 animatum
1775 1989 1784 2004 ,
1795 1969 1842 2000 vel
1851 1967 1992 2000 officium
2002 1968 2138 2000 docendi
2149 1965 2265 1997 haben·

1272 2018 1478 2043 tes,tenentur
1488 2009 1819 2051 hujusmodiarticulos
1829 2011 1973 2052 explicite
1986 2011 2071 2046 scire,
2080 2008 2154 2042 cum
2163 2009 2265 2049 legem

1272 2051 1349 2084 scire
1357 2053 1490 2083 debeant
1498 2062 1563 2085 non
1575 2053 1784 2093 perfunctorie
1793 2075 1803 2089 ‚
1812 2054 1860 2086 sed
1871 2054 2093 2087 scrutabiliter,
2115 2063 2138 2085 c·
2148 2052 2264 2084 Omnes

1274 2097 1322 2135 38.
1331 2092 1462 2134 distinet.
1480 2106 1504 2126 c.
1514 2096 1581 2140 Qui
1601 2097 1766 2137 Episcopus
1782 2101 1830 2129 28.
1841 2095 1972 2139 distinsl.
1984 2094 2152 2130 secundum
2169 2096 2265 2126 Inno-

1273 2138 1432 2170 centium,
1448 2138 1482 2168 δε
1492 2138 1569 2169 alios
1581 2138 1664 2180 supra
1674 2142 1787 2172 relatos
1797 2143 1830 2172 in
1843 2149 1869 2178 5.
1880 2141 2007 2180 conclus
2016 2151 2045 2170 n.
2057 2148 2104 2177 23·
2114 2141 2146 2170 &
2159 2140 2192 2170 in
2203 2138 2262 2169 hoc

1272 2179 1470 2211 conveniunt
1478 2189 1589 2211 omnes
1599 2190 1663 2211 tam
1679 2180 1856 2212 Canonistae
1867 2201 1876 2215 ‚
1897 2180 1992 2222 quam
2002 2181 2160 2221 Theologi
2169 2201 2176 2208 .

1315 2222 1462 2263 Reliquis
1471 2221 1546 2253 vero
1557 2221 1667 2254 sufficit
1676 2224 1751 2254 fides
1762 2225 1914 2264 implicita
1922 2245 1933 2259 ,
1954 2224 2128 2256 dummodo
2139 2226 2172 2255 in
2190 2233 2266 2254 con·

1272 2268 1405 2298 trarium
1426 2265 1597 2306 specialiter
1619 2276 1683 2298 non
1706 2266 1873 2302 sentiatur,
1895 2266 2065 2301 secundun]
2086 2267 2213 2298 Archid.
2231 2269 2264 2298 in

1271 2320 1295 2340 c.
1305 2311 1444 2341 Canones
1454 2320 1533 2341 num.
1545 2318 1574 2347 7.
1589 2317 1634 2348 15.
1643 2307 1776 2350 distin&
1786 2312 1819 2342 &
1840 2310 1997 2342 consentit
2005 2311 2097 2352 glossa
2105 2312 2137 2342 in
2147 2321 2171 2341 c.
2182 2312 2210 2341 C
2211 2308 2265 2342 um

1272 2350 1430 2392 Christus,
1451 2354 1485 2384 in
1504 2362 1566 2384 ver.
1574 2350 1638 2385 Sub
1653 2351 1847 2386 mathemate
1867 2354 1955 2397 infra
1973 2353 2011 2385 de
2032 2353 2264 2393 Haeret.1taque

1272 2395 1400 2428 Archid·
1413 2395 1610 2436 simpliciter,
1632 2398 1665 2429 &
1674 2396 1808 2428 absolute
1819 2407 1905 2429 tenet
1915 2418 1924 2432 ‚
1936 2396 2006 2430 satis
2015 2398 2071 2431 effe
2083 2397 2138 2428 hos
2148 2398 2265 2428 atticu-

1272 2439 1318 2470 los
1337 2438 1519 2470 abEcclesia
1536 2438 1851 2480 diffinitosimplicite
1868 2442 1992 2473 credere
2003 2461 2013 2475 ‚
2035 2441 2118 2472 nulla
2128 2439 2209 2472 faeta
2217 2442 2266 2470 di-

1272 2480 1439 2513 stimetione
1450 2483 1532 2514 inter
1542 2482 1654 2514 Laicos
1662 2503 1672 2517 ‚
1693 2485 1727 2515 &
1738 2482 1880 2515 Clericos
1894 2506 1901 2514 .
1923 2486 1965 2516 At
1975 2485 2180 2516 Innocentius
2188 2493 2266 2514 con-

1272 2525 1363 2557 sentit
1371 2526 1475 2566 quoad
1485 2525 1595 2557 Laicos
1606 2546 1617 2560 a
1638 2534 1673 2559 ut
1682 2536 1747 2559 non
1758 2536 1923 2559 teneantur
1931 2527 2091 2568 explicite:
2103 2526 2149 2557 sed
2160 2527 2265 2568 quoad

1271 2567 1415 2601 Clericos
1427 2568 1505 2599 dicit
1517 2588 1527 2602 ,
1536 2568 1557 2599 si
1567 2568 1626 2600 sint
1637 2579 1783 2610 pauperes
1793 2571 1827 2602 δε
1837 2572 1925 2602 rudes
1934 2591 1943 2605 ,
1954 2571 2024 2603 satis
2033 2571 2089 2602 css'e
2098 2590 2107 2604 ,
2124 2579 2157 2601 ut
2166 2569 2264 2601 sciant

1272 2611 1342 2644 fidei
1353 2612 1502 2643 articulos
1511 2611 1760 2654 sicuti‘simplices
1771 2613 1857 2646 Laici
1868 2634 1878 2647 ,
1899 2616 1931 2647 &
1939 2613 2169 2656 aliquantulum
2179 2613 2244 2654 plus
2255 2622 2264 2649 ς

1271 2657 1304 2687 ὃς
1325 2655 1533 2695 exemplificat
1542 2657 1576 2686 in
1593 2657 1727 2688 articulo
1736 2658 1775 2689 de
1784 2656 1983 2689 Sanctiffinto
2004 2655 2201 2688 Eucharistiae
2210 2655 2264 2686 Sa-

1271 2707 1434 2730 cramento
1443 2717 1452 2733 ,
1463 2700 1518 2738 qui
1529 2698 1674 2738 explicite
1685 2709 1748 2730 non
1761 2700 1890 2732 babetur
1899 2702 1933 2731 in
1943 2699 2092 2743 Symbolo
2101 2698 2264 2741 Apostolo-

1271 2750 1358 2775 rum,
1381 2739 1428 2772 sed
1440 2740 1515 2783 infr.
1529 2743 1563 2772 in
1583 2742 1691 2778 §.Una
1711 2744 1800 2775 vero.
1822 2743 1855 2774 Si
1864 2742 1938 2774 vero
1949 2741 2262 2784 habeantMagislros

1271 2785 1304 2816 δε
1314 2783 1459 2824 expensas
1470 2805 1480 2819 ,
1503 2784 1581 2816 dicit
1589 2795 1641 2816 eos
1652 2796 1779 2826 peccare
1789 2806 1799 2820 ,
1816 2785 1873 2817 nisi
1885 2788 1984 2827 magis
1996 2786 2161 2826 proficiant
2169 2783 2264 2826 quam

1272 2826 1361 2858 Laici
1372 2828 1404 2857 in
1418 2827 1565 2868 explicita
1575 2830 1759 2869 cognitione
1778 2829 1866 2862 fidei.
1891 2828 2062 2860 Distinctio
2080 2829 2259 2860 innocentii

1273 2869 1382 2910 absque
1396 2870 1496 2902 'dubio
1505 2870 1546 2901 est
1563 2874 1680 2907 tutior,
1701 2873 1736 2904 δε
1756 2873 1856 2912 magis
1872 2875 1968 2904 ctiam
1988 2871 2139 2904 consonat
2161 2872 2262 2903 verbis

1272 2911 1413 2945 Concilii
1430 2913 1662 2955 Foroffjulienfis
1671 2913 1763 2954 paulo
1785 2915 1920 2956 superius
1931 2916 2033 2946 relatis
2051 2921 2265 2955 num-45.quat

1273 2956 1414 2997 obligant
1431 2967 1495 2989 non
1513 2955 1639 2988 tantum
1657 2957 1719 2988 Dei
1735 2957 1936 2992 Sacerdotes,
1958 2958 2006 2989 sed
2024 2968 2134 2989 omnes
2150 2959 2262 2997 gradus

1275 2998 1415 3031 Ecclesiae
1430 2999 1656 3032 addiscendum
1674 3000 1837 3036 distinete,
1858 2999 2065 3035 &sensatum
2088 3012 2124 3032 ac
2142 3010 2262 3032 memo-

1275 3044 1327 3073 riae
1345 3043 1546 3075 retinendum
1560 3042 1743 3084 Symbolum
1761 3043 1905 3079 Parrum,
1927 3044 2112 3085 Mysterium
2129 3043 2264 3076 Sanctis-

1276 3086 1356 3117 simae
1373 3084 1563 3120 Trinitatis,
1584 3087 1618 3118 δε
1640 3087 1718 3118 alios
1727 3088 1874 3120 articulos
1891 3089 1935 3119 ibi
1949 3089 2138 3120 declaratos.
2162 3087 2264 3119 Verba

1276 3130 1361 3160 enim
1379 3127 1431 3160 illa
1447 3139 1454 3160 ε
1472 3130 1587 3161 Omnes
1601 3129 1717 3169 gradus
1736 3130 1894 3175 Ecclefiae‚
1915 3132 2182 3172 comprehendunt
2199 3141 2263 3162 non

1276 3171 1401 3203 tantum
1418 3171 1600 3207 Diaconos,
1622 3173 1654 3205 ὃ(
1672 3173 1887 3207 Subdiaconos
1902 3195 1912 3209 ‚
1935 3173 1982 3206 scd
2004 3177 2100 3206 ctiam
2121 3173 2263 3205 Clericos

1277 3213 1439 3247 inferiores
1451 3235 1461 3249 ‚
1482 3226 1505 3246 c.
1517 3215 1621 3247 Cleros
1640 3215 1766 3257 21·dtst.
1781 3228 1804 3248 c.
1815 3220 1853 3249 Si
1861 3218 1980 3258 officia,
2002 3216 2040 3249 ῥ’
2060 3216 2264 3249 c-Ordfnatos

1279 3265 1326 3296 59.
1334 3255 1403 3297 dist.
1412 3267 1486 3291 cum
1497 3260 1602 3293 multis
1612 3258 1760 3292 similibus
1771 3282 1779 3290 .
1801 3260 1839 3291 Et
1848 3263 1959 3293 eodem
1975 3263 2072 3293 modo
2082 3260 2264 3292 Concilium

1278 3299 1453 3331 Rhemense
1471 3312 1495 3332 c.
1511 3311 1536 3332 1.
1546 3303 1584 3333 dc
1605 3312 1668 3343 quo
1678 3301 1909 3345 suptanum.46.
1921 3303 2002 3344 vers
2015 3306 2057 3336 Et
2065 3308 2099 3338 iu
2109 3303 2262 3335 Concilio.

1277 3343 1391 3389 pet-illa
1402 3344 1494 3376 verba
1511 3355 1518 3375 :
1527 3345 1892 3389 Juxtas’nrellelflumsuae
1901 3351 2101 3387 capacitati-ts
2122 3345 2260 3386 designat

1277 3387 1485 3418 differentiam
1497 3389 1578 3418 inter
1593 3388 1724 3430 majores
1735 3409 1744 3425 ‚
1766 3391 1947 3422 &minores
1957 3413 1964 3421 .

1321 3429 1460 3461 Dcmum
1471 3430 1490 3461 si
1504 3431 1573 3461 fidei
1585 3432 1708 3462 articuli
1730 3435 2128 3473 accipianturtcttiomodo
2137 3453 2147 3467 φ
2169 3431 2248 3464 idest
2258 3452 2266 3465 ‚

1280 3471 1460 3514 lai-gislime,
1482 3473 1650 3506 secundum
1664 3474 1748 3516 qnbd
1772 3477 2038 3518 comprehendunt
2052 3475 2180 3510 'omnem
2198 3480 2263 3505 len-

2156 3527 2224 3551 ten-

2290 2232 2329 2263 50

2290 3443 2321 3472 51
