2397 3664
640 31 1010 102 DeResctipt.
1040 45 1086 85 c»
1110 25 1202 83 Ad
1222 25 1535 84 audientiam
1552 21 1591 84 il
1610 42 1664 92 ᾗ*

132 122 246 153 littera:
259 122 294 153 ad
306 121 461 154 beneficia
480 122 624 155 tribuunt
641 123 710 165 jus.
731 122 774 165 Af.
799 121 911 153 litterae
924 121 961 152 ad
984 119 1054 150 lites
1070 126 1126 165 tri-

129 165 231 195 buunt
240 164 380 206 judicem
392 188 402 202 ,
411 164 460 197 sed
473 176 537 197 non
550 163 712 207 jus-Unde
724 164 798 196 cum
808 164 908 205 prime
922 163 981 195 sint
991 163 1122 210 majoris

129 207 324 249 praejudicii,
353 207 512 250 propterezi
531 207 656 240 facilius
672 206 862 239 inficiuntur
892 229 899 238 .
929 205 1125 254 Cogitabam

129 250 212 291 pofl'e
224 249 277 282 assi
279 252 372 292 gnari
383 252 476 284 aliam
487 252 644 284 rationem
654 249 847 283 diversitatis
857 272 867 287 ,
886 248 1038 282 videlicet
1048 258 1124 296 quia

132 294 168 324 in
194 293 308 329 litteris
330 292 473 336 gratiosis
492 292 565 326 cuni
587 303 654 325 non
665 292 702 324 sit
711 303 780 333 pars
791 315 803 329 ‚
821 301 890 335 quae
901 291 992 334 possit
1000 300 1124 338 excipe-

131 345 164 367 re
174 338 212 368 de
221 336 419 380 subreptione
430 359 440 374 ‚
451 337 632 377 *impetrans
651 335 864 368 verisimiliter
871 336 926 368 diii
937 344 1079 376 pergeret
1089 344 1123 365 in

131 380 318 414 detentione
331 380 476 413 beneficii
487 378 601 421 injuste
609 378 758 419 occupati
768 401 776 410 .
797 377 895 411 Unde
907 379 1042 424 cessante
1056 387 1124 418 pro-

131 422 252 456 visione
263 424 400 457 hominis
412 446 422 460 ,
431 422 551 454 necesse
562 421 621 454 fuit
634 444 645 458 ‚
654 431 690 454 ut
701 423 747 465 lex
759 421 938 462 provideret
949 421 1125 465 inliciendo

141 466 276 506 gratiam
288 490 299 505 ,
318 477 352 499 ut
364 466 404 497 sic
417 465 506 497 falsus
516 475 662 507 precator
671 464 848 497 consuleret
857 464 1054 503 conscientie
1064 470 1126 503 lue,

132 519 186 540 aut
202 512 254 550 per
264 509 400 552 gratiam
408 507 533 549 perinde
546 508 650 540 valere
660 530 670 544 ,
691 518 746 540 aut
753 518 807 549 per
817 507 988 540 cessionem
1009 506 1126 538 benefi-

136 553 180 583 cii
192 575 202 588 ,
213 550 386 585 secundum
399 562 436 584 ea
446 575 456 589 ‚
466 562 534 593 quae
544 554 582 584 de
593 551 718 583 intrufis
729 573 739 587 ,
751 553 783 583 ὃς
795 551 927 582 titulum
938 560 1004 581 non
1013 550 1128 580 liaben-

135 596 219 627 tibus
229 598 376 637 leguntur
387 616 396 631 ‚
405 596 437 626 δε
446 605 601 627 notantur
612 597 643 625 in
656 605 680 627 c.
693 594 743 627 Ni
760 608 771 626 ι
781 604 847 626 cum
855 592 975 636 pridem
985 614 994 628 ‚
1017 595 1044 629 §.
1055 595 1128 624 Pro-

131 647 199 680 pter
209 637 421 680 conscientiam
432 661 442 675 ,
463 638 498 670 in
508 640 549 680 gl.
562 640 594 670 in
604 649 667 670 ver.
679 639 860 671 Dumtaxat
870 633 954 676 infra
963 635 1000 666 de
1007 645 1127 682 renunt.

102 687 109 694 ‘
131 688 169 714 O*
179 684 208 712 iti
220 693 245 714 c.
256 678 501 723 Exfi‘equentius
514 704 524 718 ,
544 681 579 712 de
589 679 719 721 institut.
729 681 770 712 At
783 679 903 711 veroin
915 679 1029 710 litteris
1042 677 1128 724 justi-

133 725 184 757 tiae
195 725 275 756 adest
286 728 353 765 pars
365 726 453 769 cujus
466 724 593 757 interest
601 747 612 762 ‚
620 735 688 765 quie
697 723 795 765 potest
805 732 961 764 opponere
972 731 1129 768 exceptio—

133 774 208 799 ¹nem
218 767 425 810 subreptionis
436 791 446 805 ,
467 770 499 800 &
521 769 673 809 appellare
685 791 692 799 .
718 765 814 798 Unde
833 767 930 798 stante
952 768 1128 813 provisione

131 811 271 843 hominis
282 823 349 844 nori
358 812 499 853 oportuit
510 834 520 848 ,
541 821 576 842 ut
587 811 635 844 lex
646 810 826 849 provideret
837 819 889 852 per
911 817 1129 840 irritationem

126 854 312 892 ‚litterarum
321 877 332 892 ‚
354 858 391 888 ad
413 865 534 888 textum
545 857 577 886 in
586 855 608 886 l.
627 853 782 903 Qamdiu
794 875 804 889 ,
826 854 858 885 la
870 851 1000 893 seconda
1012 874 1022 888 ,
1039 849 1075 891 ff.
1093 848 1130 881 de

133 900 284 935 acqussren.
295 898 398 930 haered.
411 900 443 930 &
455 899 496 938 gl.
507 907 624 939 magna
631 901 663 930 in
671 895 725 929 lib.
737 909 767 929 ι.
777 899 810 929 δε
821 896 867 928 ibi
876 905 928 937 per
937 893 1067 937 Cynum
1077 915 1087 930 ‚
1097 894 1130 925 ὃς

134 941 297 974 Bartolum
307 964 316 978 ‚
337 945 373 975 C.
384 942 420 973 de
430 941 494 979 jure
503 940 635 985 emphyt.

175 984 268 1017 Hanc
280 985 447 1017 materiam
467 984 676 1025 subreptionis
693 984 870 1015 litteratum
892 1004 901 1017 ,
920 982 953 1013 δε
974 979 1128 1028 processus

131 1028 259 1070 desuper
270 1027 370 1060 habiti
380 1027 599 1068 magistraliter
610 1026 770 1059 examinat
790 1024 991 1072 Compollell.
1010 1036 1042 1054 m
1063 1035 1097 1055 ca
1100 1032 1129 1063 p.

134 1073 229 1112 Super
240 1072 356 1104 litteris·
365 1093 376 1107 ,
396 1071 416 1102 ιὶ
426 1081 506 1102 num.
517 1075 546 1102 6.
558 1070 639 1111 vers.
652 1071 804 1115 Queri-‘tur
822 1071 918 1109 primo
929 1090 938 1103 ‚
952 1065 1048 1114 fiipra
1068 1066 1130 1098 eod.

131 1113 312 1148 Constituit
331 1115 419 1146 enim
439 1115 502 1145 duo
521 1116 663 1146 membra
677 1111 864 1155 principalia
879 1134 886 1142 .
907 1109 1070 1158 Primum,
1092 1120 1130 1140 an

134 1158 169 1188 ὃς
197 1158 326 1199 quando
346 1157 447 1190 valeat
470 1158 625 1198 processus
644 1156 767 1188 habitus
786 1155 872 1195 super
892 1155 1008 1200 litteris
1029 1153 1130 1199 subre-

133 1199 236 1243 ptitiis
246 1223 254 1231 .
276 1199 458 1232 Secundum
466 1222 478 1237 2
487 1203 616 1241 quaudo
625 1198 802 1239 hujusmodi
813 1207 1015 1237 exceptiones
1027 1199 1064 1227 de
1078 1198 1132 1244 tal-

137 1242 226 1275 fitate
238 1243 397 1284 suggesta,
416 1244 464 1275 vel
483 1244 617 1276 veritate
629 1241 779 1285 suppressa
797 1241 953 1288 debeant,
975 1242 1005 1272 &
1018 1241 1132 1287 possint

135 1285 287 1327 proponi.
311 1286 350 1319 Et
370 1286 457 1319 circa
476 1286 613 1328 primum
623 1286 802 1318 membrum
820 1284 1027 1331 distinguitur
1050 1292 1132 1330 inter

141 1329 263 1361 litteras
275 1329 398 1371 justitie
418 1332 455 1362 ad
469 1331 539 1362 lites
550 1331 647 1362 etiam
658 1329 743 1371 super
756 1328 932 1375 beneficiis,
943 1330 973 1359 ὃ(
987 1336 1071 1358 inter
1080 1331 1134 1373 .¹¹P'

132 1381 214 1404 teras
226 1372 407 1413 impetratas
429 1375 464 1405 ad
478 1373 635 1406 beneficia
645 1373 840 1407 obtinend23
855 1381 931 1403 item
947 1380 1029 1418 inter
1041 1380 1134 1410 privi-

134 1414 218 1455 legia
229 1438 236 1446 .
257 1415 358 1456 Cujus
368 1415 452 1448 dicta
461 1417 531 1450 sunt
544 1417 654 1457 magni
674 1414 800 1448 effectus
812 1437 822 1450 ‚
842 1416 875 1446 δε
895 1412 1042 1455 quotidie
1064 1413 1134 1460 alle-

138 1467 254 1500 gantur
264 1481 274 1495 ‚
295 1470 329 1492 ut
342 1459 448 1501 inquit
461 1459 540 1491 Abb.
551 1460 601 1492 liic
612 1472 660 1490 nu.
673 1470 720 1490 io.
730 1456 809 1498 vers.
823 1459 866 1489 Et
878 1455 1046 1505 circffihunc
1056 1466 1135 1487 arti-

74 1504 116 1544 38
136 1502 234 1533 culum
245 1524 255 1539 ,
274 1502 330 1543 qui
340 1513 508 1544 utrumque
520 1504 696 1536 membrum
707 1501 921 1546 tlistinfflonis
940 1499 1135 1546 Lompostel-

125 1544 213 1576 'lanae
226 1544 288 1577 lati}
310 1546 507 1587 prosequitur
518 1570 526 1578 .
547 1547 701 1588 Qiorum
718 1544 801 1576 diCta
824 1546 857 1576 in
876 1543 987 1575 effectu
1008 1544 1136 1575 resolVit

134 1598 224 1620 more
237 1587 291 1620 suo
304 1589 339 1622 in
349 1590 583 1630 ampliationes,
594 1591 625 1621 St
638 1589 795 1621 fallentias
806 1588 902 1620 Felin.
915 1596 999 1625 71.i7.
1011 1585 1135 1627 &fieqffi

133 1630 268 1663 Pulchre*
280 1632 378 1665 etiam
389 1634 423 1664 in
435 1633 492 1665 liae
504 1633 638 1665 materia
651 1632 792 1673 loquitur
805 1631 880 1663 Bald
894 1628 943 1661 liic
952 1642 1000 1661 nu.
1013 1634 1042 1662 8.
1053 1641 1136 1672 qux-

135 1673 180 1706 rit
191 1674 276 1706 enim
288 1686 362 1708 cum
372 1676 470 1716 glossa
481 1687 598 1718 magna
608 1699 617 1713 ‚
629 1675 783 1716 numquid
794 1685 845 1715 per
857 1674 978 1706 litteras
990 1674 1135 1716 subrepti-

139 1717 202 1749 tias
213 1718 514 1758 deturjuriidietio.
539 1719 755 1760 Etdislinguit
776 1719 858 1749 inter
877 1718 999 1749 litteras
1020 1718 1139 1758 gratio-

137 1760 195 1796 sas,
205 1761 474 1794 &conumioffis
486 1763 521 1796 In
533 1763 676 1804 gratiosis
685 1762 766 1794 dicit
777 1762 902 1797 referre,
914 1772 951 1792 an
964 1760 1140 1804 jurisdifflo

137 1806 229 1834 detur
241 1807 279 1836 de
292 1804 414 1837 virtute
436 1807 547 1838 litterae
559 1807 700 1848 giatiosae
711 1831 719 1837 .
741 1806 861 1837 scilicet
873 1815 946 1835 cum
959 1806 1083 1841 littera3
1098 1816 1138 1837 an

131 1846 267 1878 seorsum
279 1877 286 1884 ,
302 1847 339 1879 Iri
350 1848 534 1889 primocasu
546 1850 626 1882 uicit
650 1851 772 1881 nullam
791 1849 849 1880 else
871 1848 1138 1890 jurisdictionem,

137 1890 214 1930 quia
225 1901 297 1922 cuin
309 1892 482 1933 principale
495 1893 530 1925 sit
544 1895 667 1925 nullum
678 1915 689 1930 ,
711 1902 786 1933 ergo
797 1895 829 1924 ἃ
840 1891 970 1933 potestas
991 1902 1027 1923 ex
1047 1903 1084 1923 eo
1096 1895 1140 1924 al-

141 1933 227 1974 legat
238 1934 350 1965 Innoc.
361 1937 393 1966 in
402 1947 427 1967 c.
440 1938 497 1967 Aa
507 1948 594 1967 aures
603 1959 613 1973 ,
634 1934 670 1969 (ῥ’
679 1948 704 1968 c.
716 1939 859 1968 Caeterum
870 1958 879 1971 ,
893 1934 960 1975 sup.
968 1934 1031 1966 eod.
1052 1935 1088 1966 In
1097 1936 1139 1967 se-

140 1978 249 2008 cundo
264 1987 369 2009 autem
381 1979 541 2010 casubene
558 1981 650 2011 datur
673 1978 848 2022 jurisdictio
868 1978 1037 2009 secundum
1047 1989 1137 2015 eum,

139 2019 189 2051 sed
198 2019 275 2051 elidi
285 2020 382 2061 potest
394 2031 452 2063 ope
462 2023 661 2064 exceptionis
672 2044 684 2058 ,
704 2023 817 2062 allegat
829 2024 974 2053 eumdem
984 2022 1137 2054 innocen.

139 2065 172 2093 in
184 2074 208 2094 c.
219 2062 299 2095 Cicm
312 2063 444 2101 dilefsa,
457 2065 555 2107 supra
575 2065 673 2096 codem
684 2087 694 2101 ,
714 2065 791 2106 quia
807 2065 983 2105 principale
1001 2064 1041 2096 est
1064 2066 1139 2097 vali-

141 2108 217 2137 dum
229 2128 239 2142 ,
248 2108 282 2138 ὃ(
293 2106 356 2139 fine
368 2107 449 2139 vitio
461 2131 471 2145 ,
482 2108 558 2141 licet
571 2108 777 2140 accessorium
788 2118 853 2139 non
865 2107 900 2139 sit
912 2107 1023 2148 absque
1036 2107 1119 2140 vitio
1128 2132 1136 2139 .

141 2147 277 2181 Litteras
286 2160 393 2182 autem
403 2151 619 2184 contentiosas
633 2151 798 2186 concludit
807 2161 873 2182 non
893 2151 951 2182 eil'e
964 2152 1066 2183 nullas
1076 2174 1085 2188 ‚
1107 2155 1138 2184 δέ

141 2191 199 2224 nisi
209 2192 386 2233 excipiatur
395 2196 432 2226 de
443 2194 642 2235 subreptione
654 2217 664 2230 ‚
675 2205 788 2235 pereas
799 2194 867 2225 dari
878 2193 1036 2225 efficacem
1049 2195 1138 2236 juris-

82 2248 122 2281 39
142 2235 320 2268 eletionem
330 2259 337 2266 .
359 2235 432 2269 Hoc
454 2247 560 2270 tamen
581 2238 725 2278 intellige
735 2259 745 2274 ,
764 2237 785 2268 si
797 2237 909 2268 litter-e
922 2237 980 2268 sint
991 2237 1139 2279 subrepti·-

144 2279 213 2314 tiae‚
236 2289 328 2320 prout
341 2281 483 2321 loquitur
494 2281 578 2312 Bald.
592 2285 624 2312 ἅ
637 2280 691 2312 alii
706 2280 916 2322 pi·.rallegati;
940 2280 1024 2312 secus
1045 2282 1066 2312 si
1080 2286 1136 2313 lint

141 2321 220 2355 fali‘ae
231 2328 244 2357 ’,
262 2323 339 2364 quia
349 2323 428 2355 tales
440 2334 548 2355 revera
560 2335 625 2356 non
638 2325 705 2355 i'iint
721 2325 830 2355 litterar
841 2346 850 2359 ,
873 2324 949 2355 sicut
961 2324 1051 2356 talliis
1070 2336 1138 2365 pro-

145 2375 274 2398 curator
288 2376 298 2399 ,·
321 2376 387 2397 non
399 2367 439 2399 est
452 2378 636 2407 procurator
651 2378 659 2401 ,·
681 2370 712 2400 dc
724 2367 796 2398 ideo
816 2366 995 2398 indistinete
1017 2369 1137 2400 nullam

138 2407 312 2441 conferunt
337 2409 584 2452 jurisditflionem
595 2433 605 2447 ‚
628 2409 692 2442 imo
703 2411 774 2442 sunt
793 2410 890 2442 irrita·
912 2410 975 2450 ipso
993 2411 1060 2452 jure
1071 2434 1080 2447 ‚
1103 2421 1137 2443 ιιι

143 2452 339 2484 determinat
349 2452 458 2484 Innoc.
469 2456 501 2484 in
513 2457 542 2485 d.
553 2463 620 2495 caf-
631 2457 725 2494 Super
735 2455 849 2485 litteris
859 2476 869 2490 ,
892 2453 926 2484 in
938 2454 1034 2492 „gloi's
1044 2457 1136 2496 incip.

139 2493 397 2538 Imofinefhrsan.
408 2506 486 2527 num.
498 2501 527 2527 6.
538 2496 618 2537 vers.
627 2500 652 2528 S
655 2501 689 2527 ed
701 2497 771 2534 quid
775 2497 806 2540 fi
823 2498 931 2528 littere
938 2496 1023 2537 fiilsae
1035 2496 1138 2529 dicun-

141 2548 207 2574 tur,
237 2548 302 2569 cum
313 2536 393 2578 vers
398 2537 518 2578 sequen.
528 2538 614 2578 ufiffue
623 2538 666 2570 ad
674 2538 765 2579 finem
775 2541 860 2571 illius
867 2539 1021 2580 gloJILatL*
1032 2541 1135 2582 AEg'id.

141 2581 274 2613 Bellam-
284 2579 348 2612 dec.
357 2585 407 2621 84.
418 2584 510 2622 incip.
524 2584 711 2614 Executoria
724 2605 736 2618 ,
755 2583 807 2614 ubi
822 2584 854 2614 in
865 2584 925 2615 fine
937 2583 1032 2615 refert
1054 2585 1134 2616 lianc

141 2623 378 2656 distinctionem
388 2625 519 2667 posuisse
529 2624 661 2666 Cynum
669 2626 735 2657 inl.
744 2626 969 2666 prescriptione
979 2649 988 2662 ,
998 2639 1030 2658 in
1041 2638 1071 2667 4.
1082 2629 1136 2659 col.

142 2669 179 2700 C.
189 2669 227 2699 Si
236 2677 338 2698 comm
350 2667 394 2704 jus
405 2691 417 2703 ‚
436 2670 468 2700 δε
480 2667 617 2710 sequitur
627 2666 677 2699 liic
689 2668 787 2699 Felin.
797 2680 846 2699 κω
856 2679 880 2700 i.
893 2669 970 2710 vers.
983 2670 1137 2711 Frzllctse-

140 2711 236 2752 ptimb
246 2733 253 2740 .
279 2711 317 2742 Et
328 2711 416 2742 circa
425 2712 504 2743 lianc
516 2711 766 2744 declarationem
778 2710 847 2742 vide
857 2715 943 2752 quod
952 2715 989 2744 de
999 2718 1136 2755 quodam

144 2754 320 2794 Regulari,
339 2755 393 2795 qui
406 2755 439 2786 in
459 2754 611 2796 Hispania
629 2755 751 2786 litteras
769 2753 964 2795 Apostolicas
986 2757 1138 2797 dispensa-

142 2797 266 2830 tionem
277 2798 562 2830 matrimonialium
575 2797 749 2830 fallificavit
760 2819 772 2834 ,
791 2796 879 2838 plene
892 2797 993 2838 scripsi
1004 2802 1036 2831 in
1046 2811 1071 2831 c.
1082 2804 1139 2832 Su-

143 2850 195 2882 per
206 2851 237 2870 eo
247 2862 259 2876 2
268 2838 351 2881 infra
362 2840 398 2872 de
408 2843 534 2872 crimine
545 2840 618 2884 fizlfi'
628 2865 639 2873 .

77 2895 120 2924 40
183 2881 365 2922 QUAERO
377 2907 390 2920 ,
410 2885 564 2926 numquid
578 2883 799 2925 annuapensio
816 2883 852 2914 sit
874 2883 1085 2922 beneficium,
1105 2888 1138 2918 &

150 2926 257 2957 veniat
271 2927 418 2959 beneficii
430 2928 639 2968 appellatione
649 2950 656 2957 .

82 2981 119 3011 41
186 2968 425 3002 Observandum
437 2971 477 3002 est
490 2982 545 3012 pro
557 2969 688 3002 clariori
708 2970 865 3001 solutione
883 2970 1060 3010 quaestioiiis
1072 2982 1140 3011 pro—

149 3010 273 3053 positae,
292 3014 368 3044 duas
387 3014 444 3045 eise
467 3013 580 3055 species
599 3013 806 3055 pensionum:
820 3012 975 3053 Qiaedam
994 3013 1081 3044 enim
1097 3014 1139 3045 est

146 3054 333 3096 penfiO,qu.e
345 3056 516 3096 assignatur
530 3057 562 3088 in
576 3057 705 3090 titulum
718 3056 863 3087 beneficii
875 3056 1095 3093 Ecclesiastici,
1105 3067 1139 3089 ut

149 3097 385 3138 contigit,cum
397 3098 534 3131 Ecclesia
553 3099 728 3131 redditibus
746 3101 903 3135 abundat,
925 3101 957 3131 δι’
976 3109 1061 3131 caret
1083 3099 1141 3131 sus-

151 3140 255 3181 fragio
266 3140 412 3179 ministri,
423 3144 454 3174 ὃ(
466 3142 653 3175 auetoritate
665 3142 828 3182 superioris
837 3141 992 3178 statuitur,
1004 3153 1037 3173 ut
1049 3142 1093 3174 ibi
1104 3144 1140 3174 sit

149 3184 643 3233 unumbeneficiumproclerico
654 3208 663 3221 ,
684 3186 736 3216 cui
757 3185 925 3224 affiguntur
946 3184 1050 3225 penfio
1060 3207 1069 3221 ,
1091 3185 1141 3217 seu

149 3226 256 3267 portio
269 3225 423 3258 fructuum
435 3228 569 3268 ejusdem
583 3228 726 3260 Ecclesire
739 3228 903 3261 annuatim
923 3229 1139 3268 percipienda.

150 3270 187 3301 In
197 3270 310 3310 quibus
322 3270 466 3301 terminis
476 3271 620 3311 loquitur
633 3282 737 3303 teitus
748 3274 780 3302 in
792 3282 816 3302 c.
828 3273 1028 3309 conquerente
1038 3293 1047 3306 ,
1068 3271 1142 3314 infr.

83 3323 123 3353 42
144 3313 181 3344 de
190 3313 272 3345 Clcr.
283 3324 340 3344 non
349 3311 476 3354 restden.
496 3324 529 3344 ut
542 3314 585 3344 ibi
603 3315 741 3346 declarat
753 3314 870 3345 Ablm.
885 3323 911 3353 5.
951 3313 1037 3345 Nam
1056 3314 1142 3355 super

153 3355 306 3388 fruCtibus
331 3357 424 3387 unius
445 3355 585 3387 Ecclesia:
604 3357 753 3388 constitui
774 3357 869 3397 potest
888 3367 1009 3388 certum
1029 3358 1144 3389 benefi-

149 3399 247 3434 cium,
259 3399 443 3439 assignando
453 3408 572 3430 certam
583 3400 760 3437 pensionem
769 3411 805 3431 ex
818 3401 989 3432 redditibus
1001 3399 1142 3432 Ecclefiae

148 3451 204 3482 pro
215 3442 447 3482 temporalitate
459 3442 604 3473 beneficii
615 3443 739 3474 noviter
746 3444 845 3475 creati
853 3465 864 3482 ,
877 3454 911 3478 ut
921 3443 1006 3478 idem
1016 3444 1142 3487 colligit

235 3484 339 3527 Prosp.
359 3487 387 3519 F
387 3496 502 3527 agn-m.
521 3488 554 3518 in
567 3487 600 3530 Vl.
611 3484 682 3520 Lib.
692 3487 846 3521 Decretal.

1998 37 2110 86 -11577

1167 128 1203 150 ex
1214 129 1253 149 eo
1266 127 1443 150 textunum.
1461 121 1529 150 uin
1543 129 1569 150 1.
1589 116 1688 150 notab.
1708 116 1883 150 dummodo
1910 118 1944 150 ixi
1964 127 2028 149 non
2040 119 2096 150 fiat
2118 118 2153 150 iu

1167 159 1310 193 fraudem
1321 183 1332 198 ,
1353 172 1418 202 quo
1437 161 1557 193 casuest
1568 162 1657 193 locus
1678 160 1890 203 prohibitioni
1907 160 2054 194 Concilii
2076 163 2167 202 genc-

1166 204 1240 236 ralis
1249 227 1260 242 ,
1280 208 1317 236 de
1327 215 1390 246 qua
1397 207 1429 235 in
1439 216 1464 236 c.
1475 203 1680 247 Exti'rpandae
1689 227 1701 242 ,
1714 207 1740 241 §.
1752 205 1817 250 Qi
1830 205 1902 236 veri,
1911 227 1922 242 ,
1943 208 1977 236 in
1984 202 2045 246 fine
2058 204 2095 236 de
2103 213 2172 246 pra-

1166 244 1252 281 bendss
1265 247 1312 279 ibi
1323 269 1332 284 ‚
1352 248 1406 278 Ne
1416 250 1481 285 quis
1499 250 1532 280 in
1537 245 1682 291 fraudem
1693 248 1730 280 de
1747 246 2074 292 redditiburiEci-lefie
2084 271 2095 286 ,
2112 258 2170 286 quae

1166 302 1269 323 curam
1289 288 1396 322 habere
1407 290 1493 322 debet
1510 293 1625 332 proprii
1638 291 1830 331 sacerdotis,
1850 292 2017 334 pensionem
2027 292 2088 324 iulii
2098 301 2171 329 qua-

1161 335 1194 377 st
1213 343 1266 375 pro
1289 331 1427 376 beneficio
1448 333 1582 375 conferre
1603 334 1760 375 presumat
1771 357 1781 372 ‚
1805 333 1943 368 urstisius
1960 335 2096 376 explicat
2106 334 2167 375 ipse

1166 375 1319 408 Abbamd.
1330 389 1360 409 n.
1373 386 1400 416 5.
1422 377 1676 417 ltaqueceffante
1696 377 1824 416 fraude,
1845 378 1932 420 super
1949 378 2100 411 fruistibus
2109 377 2171 410 Ec-

1166 420 1542 460 clesi.1:·potestconstitui
1559 430 1645 452 certa
1663 421 1768 461 pensio
1784 422 1916 454 nomine
1940 422 2088 454 beneficii
2101 444 2112 458 ‚
2134 430 2170 453 iit

1168 465 1200 493 in
1211 462 1242 494 d.
1252 472 1316 502 cap.
1326 465 1526 502 Conquerente
1552 473 1668 495 notant
1680 465 1753 495 Ant.
1765 467 1802 496 de
1815 465 1901 502 Burr,
1911 468 1944 497 in
1959 476 1984 497 1.
1995 475 2054 497 not.
2077 464 2160 497 Petr.
2185 474 2224 506 43

1167 507 1205 538 de
1216 506 1353 537 Aiicliar.
1364 518 1393 538 n.
1405 517 1433 537 ε.
1454 508 1486 538 ὃς
1497 506 1544 546 Jo.
1556 510 1594 541 de
1604 507 1694 538 Imol.
1705 509 1738 539 in
1752 518 1777 539 1.
1789 518 1847 541 not..
1862 509 1915 540 ubi
1923 519 1960 540 ex
1971 520 2011 541 eo
2021 511 2170 541 textude-

1167 548 1256 580 ducit
1267 548 1354 590 super
1363 559 1427 580 uno
1438 549 1595 581 beneficio
1606 550 1686 590 posse
1698 551 1782 582 aliud
1793 552 1983 584 beneficium
1995 553 2108 589 creari,
2119 552 2167 583 vi-

1168 592 1284 626 delicet
1296 603 1329 624 ιιι
1341 602 1428 623 certa
1437 593 1598 633 quantitas
1605 593 1749 633 pecuniae
1759 594 1924 626 annuatim
1935 606 1991 636 pro
2003 596 2066 626 alio
2078 596 2170 627 bene·
2186 623 2188 625 ,
2207 604 2218 634 ,2

1169 636 1246 667 ficio
1255 635 1464 677 percipiatur.
1486 635 1586 676 Qiod
1599 646 1707 667 verum
1718 636 1871 678 intelligit
1882 659 1891 673 ‚
1913 638 1934 668 si
1944 638 1975 670 id
1988 639 2041 670 fiat
2059 638 2172 680 absque

1169 679 1252 710 vitio
1273 678 1411 710 simonia:
1424 702 1432 716 ,
1454 682 1486 710 oc
1511 678 1622 719 absque
1639 679 1764 711 scissura
1783 680 1931 712 beneficii
1943 703 1953 717 ‚
1978 682 2059 724 justa
2077 682 2173 714 causa

1170 723 1320 754 madente
1331 744 1340 758 ,
1361 721 1530 754 secundum
1541 732 1578 753 ea
1590 732 1657 762 quae
1669 722 1823 755 habentur
1836 726 1868 755 in
1879 735 1905 755 c.
1918 726 2056 755 Vacante
2067 747 2077 760 ,
2097 729 2134 757 (9⁶
2144 736 2169 757 c.

1169 764 1348 803 Majoribus
1361 788 1370 802 ,
1393 765 1429 799 de
1439 763 1582 812 praebend.
1603 766 1785 807 &sequitur
1799 766 1845 798 ibi
1856 766 1947 799 Ale-x.
1956 769 1993 799 de
2013 767 2115 799 Naevo
2138 770 2172 800 in

1170 817 1268 849 prr-mo
1279 818 1340 840 not.
1351 820 1380 840 π.
1400 820 1427 840 2.
1437 815 1473 841 (J
1486 819 1513 850 3.
1821 825 1847 850 ιι,
1916 834 1922 840 s

1213 851 1251 883 Et
1263 855 1300 884 de
1311 853 1368 883 hac
1380 852 1534 893 pensionis
1546 852 1645 892 specie
1655 863 1722 884 non
1734 852 1906 894 ambigitur
1915 875 1926 891 ,
1936 854 2017 894 quin
2029 852 2101 886 vere
2119 876 2129 891 ,
2140 855 2175 886 &
2196 865 2240 896 44

1170 894 1294 936 proprie
1308 894 1343 926 sit
1353 897 1542 928 beneficium
1552 895 1803 933 Ecclesiasticum
1813 918 1824 933 ,
1845 907 1880 928 ιιι
1892 899 2041 938 probatur
2058 897 2091 929 in
2103 907 2173 938 prae-

1171 938 1257 976 dich
1265 939 1415 970 decretali
1426 943 1626 977 Conquereme
1636 963 1643 969 .
1665 939 1735 974 Nec
1755 939 1850 972 refert
1861 962 1870 977 ‚
1891 940 1976 982 quod
2000 941 2175 982 appelletur
2193 948 2234 981 45

1172 983 1278 1023 pensio
1287 1004 1297 1017 ,
1317 982 1393 1022 quia
1403 993 1468 1014 non
1481 982 1521 1014 est
1532 982 1578 1023 vis
1590 982 1623 1013 in
1632 983 1763 1015 nomine
1772 1006 1780 1020 ,
1805 986 1838 1015 ὃς
1850 994 1922 1015 cum
1934 983 1972 1015 sit
1985 984 2098 1015 titulus
2120 984 2173 1016 be—

1171 1025 1278 1056 neficii
1290 1047 1299 1060 ,
1323 1025 1476 1058 diffinitur
1487 1025 1566 1057 sicut
1577 1026 1766 1059 beneficium
1779 1049 1787 1058 .
1812 1027 1859 1059 Ita
1869 1026 2011 1059 Card.in
2028 1028 2126 1059 Clem.
2143 1037 2169 1059 1.

1174 1070 1323 1104 §.Eadem
1335 1090 1346 1104 ‚
1365 1080 1412 1099 nu.
1427 1081 1456 1109 4.
1469 1067 1547 1108 vers]
1558 1068 1622 1102 Sed
1631 1079 1774 1107 quatenus
1793 1069 1834 1110 est
1845 1069 2036 1109 beneficium,
2057 1069 2172 1111 deficp-

1171 1112 1247 1150 plen.
1259 1111 1365 1150 neglig.
1379 1114 1533 1143 Praelator.
1555 1111 1638 1144 Petr.
1649 1116 1686 1145 de
1698 1113 1833 1144 Ancliar.
1845 1116 1878 1144 in
1890 1125 1914 1145 c.
1932 1124 1958 1145 1.
1968 1124 2048 1146 num.
2062 1113 2173 1154 5.vers.

1171 1158 1195 1187 S
1197 1168 1207 1185 ι
1220 1157 1315 1192 igitur
1325 1154 1468 1195 prediffae
1480 1152 1664 1187 conditiones
1675 1156 1711 1187 de
1729 1157 1821 1194 regul,
1834 1156 1888 1193 jur.
1899 1159 1931 1187 in
1943 1161 1972 1188 6.
1996 1158 2076 1189 Abb.
2093 1156 2174 1197 confi

1171 1201 1224 1238 46.
1233 1200 1325 1237 incip.
1336 1199 1419 1230 Illud
1428 1197 1463 1229 de
1474 1198 1536 1236 jure
1547 1201 1701 1236 queritur,
1711 1198 1790 1239 verfi
1803 1199 1956 1244 Qartum
1967 1199 2173 1242 consideratur

1173 1240 1258 1274 lib.2.
1268 1239 1492 1281 Caccialup.de
1499 1242 1656 1284 penfion.q.
1673 1253 1720 1274 12.
1731 1243 1830 1282 Gigas
1842 1244 1876 1274 in
1887 1242 1947 1274 eod.
1958 1244 2050 1275 trafl:
2062 1254 2089 1281 q.
2106 1254 2131 1275 1.
2141 1254 2172 1275 n.

1178 1295 1204 1317 1.
1215 1283 1251 1317 (ῥ’
1263 1288 1430 1322 ‹1.28.n.20.
1441 1282 1478 1317 cfr
1489 1290 1569 1322 496.
1579 1297 1608 1316 n.
1623 1297 1638 1319 2.
1648 1296 1674 1327 3.
1688 1285 1832 1317 Redoan.
1842 1286 1992 1328 defimon.
2006 1297 2034 1317 2.
2047 1298 2075 1328 p.
2087 1299 2111 1318 c.
2127 1296 2173 1327 14.

1173 1340 1222 1359 nu.
1240 1331 1285 1359 18.
1298 1327 1471 1360 &Covarr-
1482 1327 1579 1368 praet.
1598 1328 1690 1371 quaest.
1711 1339 1736 1361 c.
1751 1333 1799 1370 36.
1810 1341 1857 1360 nu.
1884 1340 1931 1361 10.
1951 1328 2032 1369 verfi
2051 1330 2173 1375 Qartb

1196 1381 1288 1402 uoties
1302 1395 1309 1404 =

1174 1381 1190 1410 q
1219 1414 1255 1446 I-Lt
1270 1415 1343 1447 hinc
1356 1415 1402 1451 fir,
1413 1414 1448 1446 iit
1458 1415 1495 1445 de
1507 1414 1653 1455 pensione
1664 1415 1840 1455 hujusmodi
1852 1415 1996 1447 facienda
2008 1415 2043 1447 sit
2055 1417 2178 1449 mentio
2199 1419 2244 1458 46

1176 1457 1209 1490 in
1222 1458 1336 1489 litteris
1345 1480 1355 1494 ‚
1377 1457 1504 1498 perinde
1515 1468 1551 1488 ac
1562 1460 1599 1489 de
1612 1459 1769 1490 beneficio
1779 1481 1788 1495 ‚
1809 1468 1843 1490 ut
1856 1468 1947 1492 notat
1959 1458 2085 1491 Caldei·.
2096 1459 2175 1500 cons.
2226 1460 2229 1464 '

1179 1511 1227 1542 30.
1239 1502 1450 1542 incipiemAn
1464 1498 1651 1544 fifiicristae,
1669 1504 1702 1533 in
1721 1500 1800 1541 fine,
1821 1500 1900 1542 verfi
1912 1503 1982 1534 Nec
1999 1500 2114 1544 obstat,
2138 1502 2177 1535 de

1176 1542 1260 1585 praeb.
1274 1545 1360 1575 Butr.
1371 1547 1403 1575 in
1413 1555 1438 1575 c.
1451 1542 1611 1585 postulasti
1622 1567 1632 1581 ,
1642 1545 1696 1576 col.
1713 1555 1739 1576 1.
1750 1556 1798 1576 nu.
1808 1550 1837 1577 6.
1849 1544 1929 1586 verfi
1941 1546 2095 1589 Qaeritur
2110 1547 2179 1579 ali-

1177 1591 1242 1626 quis
1253 1610 1263 1624 ‚
1274 1589 1306 1619 &
1318 1588 1361 1619 ibi
1373 1587 1471 1619 etiam
1481 1585 1578 1620 card.
1588 1590 1630 1621 col
1637 1611 1644 1620 .
1654 1588 1767 1628 penult.
1778 1587 1857 1628 vcrfi
1871 1591 1895 1621 S
1897 1592 2005 1626 ecundo
2014 1599 2105 1627 quaero
2115 1613 2125 1627 ,
2145 1592 2181 1623 δε

1178 1631 1326 1664 iuml-col.
1339 1643 1368 1663 2.
1379 1629 1460 1671 vers.
1473 1628 1572 1672 Potest
1581 1634 1668 1670 quaera'
1671 1630 1709 1673 su
1711 1641 1768 1674 pra
1779 1631 1842 1664 eod.
1853 1635 1884 1665 ὅ(
1896 1632 1996 1673 Gigas
2003 1632 2040 1665 de
2048 1634 2177 1678 pension-

1178 1686 1205 1714 ς.
1218 1680 1270 1711 67.
1280 1687 1308 1706 n.
1326 1686 1350 1707 i.

1222 1719 1309 1750 Hinc
1322 1720 1420 1750 etiam
1431 1719 1477 1756 fit,
1489 1728 1523 1751 ut
1535 1721 1801 1760 quemadmodum
1813 1723 1852 1754 de
1863 1721 2019 1754 beneficio
2031 1721 2180 1755 Ecclesia-
2199 1728 2245 1763 47,

1179 1762 1257 1793 ilico
1269 1763 1425 1802 provideri
1437 1764 1529 1794 debet
1542 1762 1629 1804 pure,
1641 1764 1674 1795 &
1686 1764 1748 1795 fine
1759 1764 1859 1806 pasto,
1870 1768 1917 1797 vel
1931 1765 2132 1803 conditione,
2143 1768 2178 1798 &

1180 1816 1246 1837 non
1260 1816 1315 1846 pro
1326 1806 1393 1837 ullo
1403 1812 1574 1837 commodo
1586 1807 1773 1849 temporali,
1786 1807 1861 1841 alias
1871 1809 2129 1842 committeretur
2142 1809 2178 1841 si-

1178 1850 1308 1880 monia:
1328 1850 1460 1893 c.Qam
1478 1852 1525 1891 pio
1538 1850 1711 1890 1.q.2.c.fi71.
1722 1849 1758 1883 de
1768 1852 1850 1892 pae'b.
1863 1863 1888 1884 c.
1898 1855 1925 1885 C
1926 1852 2057 1892 onsulere
2068 1875 2078 1890 ,
2089 1853 2126 1885 de
2134 1854 2177 1895 fi-

1178 1903 1256 1923 mon.
1269 1892 1386 1923 Eodem
1398 1895 1495 1924 inodo
1506 1893 1714 1926 simoniacum
1724 1894 1766 1926 est
1776 1895 1944 1936 pecuniam
1954 1898 2027 1928 dare
2049 1907 2104 1936 pro
2125 1897 2180 1928 hu-

1178 1936 1313 1977 jusmodi
1325 1936 1470 1976 pensione
1482 1937 1657 1969 obtinenda
1667 1960 1676 1974 ,
1691 1947 1725 1969 ut
1736 1939 1902 1971 concludit
1912 1938 2018 1970 Abbas
2029 1939 2063 1971 in
2075 1940 2181 1981 praeal-

1178 1980 1234 2017 teg.
1246 1980 1321 2019 cons.
1332 1989 1384 2019 47.
1396 1982 1428 2019 {st
1440 1980 1538 2020 Gigas
1551 1979 1582 2011 d.
1593 1991 1620 2018 q.
1633 1992 1684 2018 99·
1875 1990 1879 1995 ’

1221 2022 1308 2054 Hinc
1320 2024 1447 2055 demum
1457 2024 1519 2055 alia
1529 2024 1618 2064 plura
1627 2025 1743 2056 deduci
1753 2025 1876 2066 possunt
1887 2047 1896 2062 ‚
1907 2027 1946 2058 de
1959 2026 2074 2067 qulbus
2088 2025 2180 2068 plene
2225 2042 2227 2044 ·

1179 2065 1223 2096 ibi
1235 2076 1287 2106 per
1297 2066 1471 2106 Gigantcm
1481 2078 1510 2097 n.
1527 2076 1552 2098 1.
1564 2065 1625 2107 usq.
1636 2066 1680 2098 ild
1689 2079 1717 2099 n.
1729 2073 1759 2099 6.

1220 2109 1377 2150 Qaedam
1389 2109 1462 2140 vero
1481 2109 1523 2141 est
1534 2110 1658 2150 pensio,
1678 2122 1748 2153 qux
1769 2111 1950 2153 simpliciter
1967 2112 2172 2146 constituitur
2200 2115 2243 2155 48

1179 2152 1216 2182 :id
1236 2162 1356 2192 tempus
1375 2152 1462 2193 super
1482 2152 1632 2185 fructibus
1654 2154 1795 2186 Ecclesia:
1806 2177 1815 2190 ‚
1835 2157 1868 2187 &
1890 2156 1987 2187 alicui
2008 2155 2181 2198 assignatur

1179 2195 1371 2227 authoritate
1381 2196 1560 2236 Superioris
1570 2220 1580 2227 .
1598 2196 1708 2239 Qiain
1719 2199 1806 2230 Guil.
1818 2201 1856 2231 de
1868 2199 1984 2232 Monte
1994 2199 2177 2233 randum&

1177 2238 1241 2278 post
1251 2249 1323 2270 eum
1332 2238 1472 2270 Card.1'n
1483 2238 1514 2270 d.
1525 2241 1673 2272 Clement.
1688 2251 1714 2272 1.
1728 2241 1878 2277 §.Eadem
1887 2265 1896 2279 ‚
1916 2254 1945 2273 n.
1957 2254 1988 2282 4.
1998 2242 2175 2284 desirpplen.

1177 2282 1284 2320 neglig.
1295 2284 1416 2314 Praelat.
1430 2282 1470 2314 sic
1482 2283 1643 2315 diffiniunt
1654 2285 1802 2317 videlicet
1814 2297 1823 2315 .·
1835 2285 1945 2318 Pensio
1954 2285 1997 2318 est
2008 2296 2094 2317 certa
2105 2297 2173 2326 por-

1178 2325 1224 2355 tio
1235 2336 1271 2356 ex
1283 2326 1389 2366 aliqua
1400 2326 1506 2357 mensa
1515 2349 1525 2362 ,
1537 2328 1583 2358 vel
1599 2328 1754 2359 beneficio
1764 2339 1801 2360 ex
1811 2328 1901 2360 causa
1914 2331 1949 2359 ad
1963 2337 2094 2370 tempus,
2109 2340 2176 2361 non

1178 2368 1210 2398 in
1222 2378 1404 2408 perpetuum
1415 2369 1552 2409 separata
1561 2392 1571 2405 ‚
1581 2372 1612 2402 &
1625 2371 1763 2411 sequitur
1775 2372 1892 2402 ibidem
1905 2371 1994 2402 Imol.
2005 2370 2175 2412 col.3.vers.

1176 2411 1438 2452 Cercasecundam
1448 2422 1566 2453 partem
1577 2436 1586 2449 ,
1608 2415 1640 2444 &
1651 2415 1749 2454 Gigas
1766 2413 1839 2445 dist.
1851 2425 1901 2451 qu.
1913 2423 1942 2445 ι.
1952 2425 2032 2445 num.
2048 2424 2072 2445 1.
2092 2414 2178 2455 Qiae

1175 2454 1327 2486 diffinitio
1337 2454 1508 2487 secundum
1532 2455 1628 2488 Card.
1638 2457 1791 2488 convenit
1802 2456 1943 2497 pensioni
1954 2467 2108 2497 quatenus
2126 2458 2169 2490 est

1176 2501 1381 2529 commodum
1413 2499 1583 2538 temporale
1612 2498 1737 2531 tantum
1753 2522 1763 2536 ‚
1794 2502 1828 2530 ὃ(
1857 2510 1923 2531 non
1942 2511 2099 2541 quatenus
2131 2500 2175 2534 est

1176 2542 1288 2572 titulus
1306 2541 1497 2572 beneficialis
1509 2564 1519 2572 .
1547 2541 1585 2572 Et
1606 2541 1726 2573 dicitur
1760 2543 1865 2584 pensio
1885 2544 1901 2573 a
1931 2545 2051 2584 pendeo
2063 2566 2072 2580 ,
2101 2545 2178 2585 quia
2196 2557 2239 2588 49

1175 2586 1327 2624 dependet
1340 2583 1515 2615 formaliter
1536 2583 1553 2614 a
1573 2585 1728 2616 beneficio
1751 2586 1768 2616 a
1787 2597 1852 2627 quo
1872 2586 2069 2623 detrahitur,
2092 2587 2171 2620 ficut

1176 2626 1364 2658 iisiissruchis
1375 2628 1391 2657 a
1400 2627 1588 2668 proprietate
1599 2650 1608 2664 ,
1630 2640 1664 2660 ca
1667 2637 1696 2669 p.
1702 2627 1732 2670 fi
1734 2641 1761 2660 n.
1773 2628 1809 2660 de
1820 2631 1932 2670 pignor.
1945 2640 1968 2660 c.
1981 2628 2174 2672 Posseffiwes,

1181 2675 1229 2702 16.
1239 2680 1267 2708 q.
1282 2680 1382 2745 ibcap.
1393 2673 1600 2717 Qiicnmque,
1614 2681 1700 2710 12.q.
1713 2684 1743 2704 z.
1753 2675 1865 2713 (ἴση.
1877 2672 2130 2716 Qamvis,il1.
2141 2673 2179 2705 de

1176 2713 1295 2754 praebAt
1317 2737 1324 2744 .
1337 2718 1366 2745 6.

1219 2757 1257 2787 Et
1270 2759 1306 2787 de
1319 2757 1374 2788 bac
1386 2755 1520 2788 secunda
1539 2756 1694 2798 pensionis
1717 2758 1816 2800 specie
1833 2759 1966 2791 celebris
1987 2759 2028 2792 est
2047 2769 2177 2793 contro·
2198 2770 2238 2802 50

1177 2799 1274 2831 versia
1294 2799 1376 2830 inter
1398 2799 1551 2831 Doctores
1561 2823 1571 2837 ‚
1592 2811 1668 2832 num
1688 2801 1724 2833 fit
1744 2802 1952 2839 beneficium,
1972 2805 2006 2836 ὅ(
2025 2804 2173 2837 beneficii

1176 2843 1307 2874 nomine
1337 2844 1534 2883 intelligatur
1545 2865 1558 2880 ,
1586 2844 1665 2876 Abb.
1687 2845 1822 2886 Antiqii.,
1840 2845 1890 2877 bic
1911 2848 1943 2877 in
1960 2849 2088 2887 princip.
2109 2848 2174 2888 post

1177 2885 1315 2917 Vincen.
1325 2895 1420 2926 quem
1432 2887 1509 2918 citat
1520 2908 1529 2922 ‚
1551 2897 1603 2927 per
1612 2888 1692 2919 lianc
1705 2889 1894 2920 decretalem
1903 2898 1991 2921 tenet
2005 2901 2079 2931 eum
2088 2913 2099 2927 ‚
2117 2891 2173 2931 qui

1178 2928 1290 2969 recipit
1310 2939 1447 2960 annuam
1467 2929 1645 2969 pensionem
1665 2931 1856 2963 authoritate
1878 2932 2077 2974 Apostolica‚
2109 2944 2174 2966 non

1177 2972 1257 3011 porse
1271 2973 1435 3012 impetrare
1447 2973 1568 3004 litteras
1588 2976 1624 3004 ad
1636 2974 1789 3006 beneficia
1802 2997 1812 3011 ‚
1834 2975 1893 3006 nisi
1911 2979 1948 3007 de
1959 2976 2105 3017 pensione
2116 2977 2174 3017 spe-

1178 3014 1291 3051 cialem
1300 3015 1497 3046 mentionem
1509 3014 1555 3046 fac
1562 3016 1604 3047 iat
1617 3039 1623 3046 .
1645 3016 1745 3057 Qiod
1757 3017 1855 3050 etiam
1874 3029 1985 3052 tenent
2005 3020 2051 3060 Jo.
2073 3019 2168 3050 Andr.

1178 3068 1259 3088 num.
1270 3067 1302 3096 4.
1322 3058 1378 3097 qui
1390 3059 1520 3089 verbum
1531 3081 1540 3094 ‚
1562 3061 1611 3090 De
1630 3060 1699 3090 illis
1713 3082 1723 3097 ‚
1735 3060 1851 3102 supplet
1861 3084 1872 3099 ,
1892 3064 1937 3094 Et
1947 3062 1984 3094 de
1994 3074 2093 3094 annua
2102 3072 2173 3102 pen-

1170 3101 1253 3142 sione
1273 3110 1324 3139 pro
1341 3101 1409 3131 illis
1428 3104 1547 3132 obtenta
1559 3113 1570 3137 ;
1594 3101 1696 3134 Abbas
1723 3103 1822 3136 Siciil.
1853 3116 1965 3137 numer.
1978 3116 2007 3145 4.
2027 3104 2108 3144 vers.
2128 3107 2173 3136 Et

1180 3143 1258 3174 dicit
1269 3140 1370 3184 hic-10.
1383 3142 1529 3174 Andreas
1541 3166 1550 3179 ,
1561 3146 1592 3176 &
1606 3145 1704 3177 felin.
1714 3158 1746 3178 n.
1760 3157 1785 3179 1.
1795 3150 1828 3179 in
1836 3147 1900 3179 eod.
1913 3148 1989 3191 vers..
2000 3148 2173 3179 Rationem

1179 3186 1281 3217 reddit
1292 3187 1397 3217 Abbas
1408 3186 1568 3227 Antiquus
1579 3209 1592 3223 2
1618 3189 1693 3228 quia
1715 3191 1844 3222 nomine
1866 3191 2009 3222 beneficii
2030 3190 2173 3222 Ecclefiae

1179 3229 1365 3261 continetur
1375 3228 1526 3269 pensi0‚&
1535 3230 1686 3272 quicquid
1699 3233 1782 3265 aliud
1794 3235 1962 3274 percipitur
1973 3234 2010 3264 ab
2020 3232 2169 3269 Ecclesia,

1179 3273 1265 3304 c.Ex
1276 3272 1380 3303 multis
1392 3294 1401 3308 ,
1415 3282 1470 3309 1.q.
1486 3282 1514 3312 3.
1523 3284 1547 3304 c.
1560 3273 1742 3315 Poſjeffiones
1752 3299 1762 3312 ,
1778 3282 1823 3308 16.
1834 3287 1861 3313 q.
1877 3287 1902 3307 1.
1917 3275 2013 3306 Unde
2022 3279 2170 3316 quemad-

1180 3318 1309 3347 modum
1320 3324 1444 3346 tenetur
1456 3316 1626 3356 impetrans
1637 3317 1738 3350 facere
1749 3319 1945 3351 mentionem
1954 3320 1992 3349 de
2004 3318 2171 3356 beneficio,

1180 3370 1204 3390 c.
1216 3356 1376 3398 postulasti
1384 3379 1393 3394 ‚
1406 3357 1490 3399 supr.
1500 3359 1560 3391 eod.
1571 3359 1617 3392 ita
1626 3363 1658 3393 ὃ(
1668 3363 1706 3392 de
1716 3362 1875 3402 pensione.
1897 3361 1935 3392 Et
1946 3360 2005 3393 fuit
2015 3362 2170 3395 sententia

1181 3402 1384 3433 Innocent.in
1393 3399 1629 3443 d.c.P0stulastr‚
1639 3403 1741 3445 infime
1751 3426 1760 3440 ‚
1772 3404 1814 3435 ait
1825 3405 1912 3436 enim
1923 3415 1932 3440 ·,
1944 3404 1983 3437 Et
1992 3407 2076 3445 quod
2087 3405 2168 3436 dicit

1182 3448 1223 3478 cle
1233 3444 1362 3478 Vicaria
1372 3466 1382 3482 2
1400 3445 1434 3477 id
1445 3445 1484 3487 est
1496 3455 1528 3478 tat
1538 3446 1573 3479 de
1583 3447 1844 3521 illasttjsszciepiia
1868 3449 1978 3480 mentio
1996 3451 2028 3480 in
2037 3449 2150 3494 litteris
2160 3469 2170 3484 ‚

1777 3505 1787 3522 i
2048 3494 2131 3522 idern

2197 2942 2232 2973 51
