2397 3664
322 71 387 124 14
603 46 785 120 Prosp.
804 45 1038 119 Fagnan.
1064 46 1122 101 in
1140 45 1386 105 Primum
1408 47 1639 107 Librum
1663 47 1946 110 Decretal.

278 142 314 178 38
336 139 431 176 Leges
439 135 549 168 civiles
556 136 589 166 in
606 135 762 166 volumine
772 134 899 164 Decreta
909 130 1025 171 insertae
1033 151 1043 166 ,
1059 132 1091 174 st
1121 141 1168 164 ,ης
1178 143 1248 164 con-

380 181 483 212 trariae
500 175 673 211 Canonibus
682 198 692 212 ‚
713 187 771 208 non
781 175 857 216 sunt
872 172 1033 214 servanda
1040 176 1074 205 in
1110 185 1161 205 oro
1183 177 1246 208 Ec-

379 223 471 265 clefiae
482 243 492 256 ‚
514 221 552 254 (θ’
568 235 597 255 n·
607 229 658 261 45·

273 277 312 308 39
335 267 406 298 Nec
416 265 574 306 censentur
583 265 770 296 canonizata
780 280 791 295 ‚
813 259 874 304 m'fi
882 270 939 299 quae
946 260 966 292 a
976 262 1064 301 Papa
1072 260 1246 294 Canonibus

382 309 556 351 inseruntur
567 330 575 337 .

272 364 314 394 40
335 350 468 386 Rubricae
480 351 609 385 Decreti
623 358 682 381 non
695 346 771 389 fiant
778 344 970 384 authentice,
990 355 1116 390 excepta
1121 349 1246 392 prima.

383 395 421 428 Φ
438 405 518 427 num.
520 394 603 436 seqq.

273 449 311 480 41
336 439 394 470 An
411 438 539 470 illarum
549 433 655 466 author
664 432 768 478 fuerit
777 436 951 466 Gratianus
960 455 968 464 .

273 493 314 523 42
337 480 469 514 Rubrica
473 481 576 519 prima
585 478 714 510 Decreti
723 487 776 516 quo
778 472 869 519 senfin
879 476 1003 510 dicatur
1009 475 1184 511 authentica
1193 500 1202 508 .

273 535 313 566 43
335 525 432 558 Palea
445 533 503 553 non
511 518 622 553 habent
638 522 773 553 Canonis
794 519 1011 553 authoritatem
1023 541 1033 556 ‚
1055 519 1134 558 unde
1141 519 1224 553 dieta
1234 542 1244 556 ‚

377 565 415 598 (ῤ’
425 567 489 603 quis
489 564 591 608 fuerit
601 564 726 596 illarum
735 562 842 597 author
851 587 858 595 .

271 621 313 652 44
333 611 519 644 Gratianae.
525 607 600 648 auid
605 609 706 647 egerit
725 618 826 640 coram
834 606 985 651 Pontifice
994 627 1004 643 2
1025 616 1059 640 ut
1073 607 1110 649 se
1116 608 1246 649 Decseti

379 650 533 685 authorem
548 648 714 693 ostenderet
724 672 732 681 .

270 704 308 738 45
332 697 428 735 Leges
437 695 562 727 Civiles
577 692 750 727 Canonibus
767 706 826 727 non
835 696 993 727 contraria
1001 694 1131 736 servari
1139 691 1246 726 debent

379 741 472 771 etiam
481 741 514 770 in
517 736 590 781 foro
602 738 739 781 Ecclesia
750 759 757 767 .

269 787 310 827 46
332 784 461 815 Decreti
477 779 556 814 liber
566 783 599 813 in
618 779 720 819 quibus
727 778 816 813 hodie
832 781 1028 820 intelligatur
1047 778 1228 821 approbatus
1237 800 1246 812 .

272 835 315 870 47
336 828 476 859 Canones
485 835 586 857 omnes
600 823 675 865 fiant
685 826 718 855 in
724 831 866 864 praecepto
875 850 883 862 ,

272 872 313 911 48
335 872 363 902 C
363 880 493 902 ananum
501 878 573 900 tran
570 865 732 909 ſsgreffores
740 879 780 898 ex
791 874 972 907 contemptu,
983 866 1036 898 vel
1045 865 1189 905 neglet‘bu,
1195 874 1248 897 aut

381 911 618 953 concupiscentia
628 931 637 945 ‚
647 912 778 949 qualiter
781 918 903 950 peccent
912 931 922 945 ,
933 909 970 942 (ῥ’
977 911 1145 949 puniantur
1153 930 1161 939 .

271 967 313 999 49
334 959 362 990 C
363 955 435 997 11!ssae
445 957 472 986 E
475 955 534 987 ccle
529 953 657 998 siasticae
668 952 834 985 decidenda
833 954 910 997 sunt
911 950 1080 993 secundnm
1088 955 1229 985 Canones
1236 971 1248 988 ,

381 999 418 1032 (θ’
428 1010 487 1030 non
498 995 665 1038 secundum
678 997 758 1035 leges
767 1018 774 1026 .

274 1051 313 1087 50
333 1043 434 1084 Causa
445 1043 537 1073 etiam
546 1043 579 1072 in
588 1039 661 1083 foro
668 1039 807 1080 seculari
815 1036 983 1078 secundum
990 1040 1130 1070 Canones
1145 1036 1187 1080 est
1195 1038 1247 1070 de-

380 1083 512 1118 cidenda
520 1103 531 1118 ‚
546 1083 578 1125 st
598 1081 636 1114 de
645 1092 679 1114 re
685 1081 885 1124 ecclestastica
906 1090 1017 1121 agatur
1026 1081 1141 1114 actione
1149 1082 1227 1114 reali
1237 1102 1247 1116 ,

377 1126 498 1170 secitsfi
505 1126 620 1158 actione
627 1125 781 1165 personali
790 1147 798 1155 .

273 1181 309 1214 51
332 1170 398 1205 Sed
406 1173 439 1202 in
451 1170 679 1210 preparatoriis
696 1167 804 1207 judicii
813 1167 986 1210 indistinile
994 1165 1158 1210 servanda
1171 1167 1247 1210 sunt

379 1215 457 1254 leges
471 1211 540 1257 fori
550 1233 560 1248 ‚
581 1209 631 1244 ubi
647 1212 736 1254 causa
754 1212 928 1244 ventilatur
938 1234 945 1241 .

272 1266 309 1299 52
322 1257 435 1302 judex
444 1269 484 1289 an
503 1253 608 1289 debeat
616 1254 755 1295 judicare
770 1253 937 1298 secundum
952 1253 1166 1294 conscientiam
1175 1275 1186 1290 ,
1205 1265 1248 1288 an

380 1301 453 1334 verb
457 1298 627 1342 secundum
635 1301 702 1332 afta
712 1321 724 1342 ι
744 1302 780 1333 (¹7⁴
786 1297 916 1344 probata
924 1319 934 1334 ‚
951 1303 989 1332 G*
998 1299 1126 1346 n.seqc1.-

270 1354 307 1387 53
321 1344 449 1389 Judicis
457 1343 639 1386 conscientia
659 1343 777 1384 triplex
788 1366 795 1374 .

269 1397 310 1430 54
330 1391 477 1427 Princeps
486 1386 623 1426 judicare
629 1384 895 1428 potesisecundicm
904 1385 1117 1428 conscientiam
1127 1406 1138 1422 ‚
1159 1383 1247 1419 adhi-

249 1442 252 1447 ·
380 1430 447 1464 bita
456 1441 558 1463 tamen
566 1431 684 1463 cautela
694 1429 743 1462 ht‘c
757 1430 858 1474 posita
865 1452 873 1460 .
1167 1464 1169 1466 ,

269 1484 305 1515 55
328 1473 565 1518 Constitutiones
573 1476 728 1506 Canonica
737 1475 836 1513 ligant
847 1484 961 1505 omnem
970 1482 1141 1505 creaturam
1151 1496 1158 1503 .

335 1521 380 1552 Et
390 1530 430 1550 an
439 1517 491 1550 hoc
501 1518 541 1560 fit
549 1514 790 1559 restringendum
799 1515 842 1549 ad
853 1514 993 1557 subditos
1002 1537 1012 1552 ‚
1033 1515 1107 1550 ibid.
1119 1514 1157 1549 (θ’
1165 1526 1258 1550 num·-

1114 1559 1117 1563 ’
1252 1573 1256 1576 ’
1307 1572 1345 1600 91
1360 1561 1466 1606 Judaei
1486 1564 1520 1593 in
1541 1558 1763 1605 suecefflonibus
1785 1570 1909 1594 utuntur
1938 1562 2002 1602 lege
2022 1564 2138 1596 veteris
2168 1561 2282 1604 Testa-

369 1563 452 1603 seqq.
466 1561 552 1603 usque
566 1562 608 1612 ad
616 1570 707 1610 n.'93.
769 1606 775 1611 .
837 1606 842 1611 .
1005 1606 1011 1611 .
1123 1602 1128 1607 .

266 1610 304 1649 56
327 1609 484 1641 Canonum
501 1603 671 1643 conditori,
693 1603 858 1637 &vicario
866 1607 1044 1638 Creatoris‚
1058 1600 1193 1646 sublec‘ba
1204 1601 1246 1645 est

377 1651 476 1681 omnis
484 1657 624 1681 creatura
635 1671 643 1679 .

267 1701 283 1736 5
287 1702 306 1732 7
327 1695 474 1733 Princeps
484 1704 541 1723 non
549 1689 589 1723 ad
585 1690 752 1733 stringitur
761 1682 874 1730 legibus
878 1692 945 1732 suis
955 1712 965 1727 ,
989 1691 1041 1723 vel
1050 1689 1245 1732 Praedeceffo-

373 1735 462 1771 risui
471 1735 623 1771 coafflivas
634 1732 836 1775 adstringitur
846 1735 935 1766 tam?
940 1737 974 1766 vi
984 1733 1138 1766 diret‘iiva
1148 1737 1213 1766 rati
1216 1746 1247 1764 o-

373 1782 422 1811 nis
431 1778 493 1817 iure
502 1779 652 1812 naturali,
664 1777 701 1810 (ῥ’
708 1777 830 1813 divino,
843 1776 880 1810 (ἴθ’
888 1789 917 1809 n.
922 1776 1006 1818 seqq.
1016 1776 1151 1817 usquead
1161 1781 1245 1816 n.64.

267 1826 304 1863 58
326 1820 570 1863 Praedecessorum
575 1820 699 1861 suorum
700 1819 820 1862 statuta
828 1819 976 1861 custodiat
985 1841 996 1855 ,
1018 1823 1068 1859 qui
1082 1818 1245 1862 suaafitc-

271 1863 275 1866 ⁴
374 1877 405 1898 ce
403 1863 529 1907 ffitribus
538 1862 575 1895 de
570 1863 694 1907 fiderat
704 1862 852 1895 mandata
859 1861 988 1904 servari
998 1888 1006 1896 .

264 1917 303 1950 59
325 1911 400 1994 Les}
410 1905 565 1945 nonhabet
579 1909 647 1940 vim
656 1907 845 1942 coactivam,
869 1906 930 1954 nist
949 1904 970 1938 ei
986 1908 1145 1947 Principis
1158 1915 1245 1947 pote-

400 1961 451 1984 ate
460 1975 467 1982 .

261 2000 303 2030 60
325 1998 414 2037 Papa
424 1997 564 2035 quamvis
574 2005 634 2026 non
642 1991 866 2036 constringatur
887 1994 950 2033 lege
955 2001 992 2034 po
988 1993 1092 2037 fitiva
1102 2014 1112 2029 ‚
1130 1991 1244 2035 astrin-

368 2041 454 2079 gitur
465 2048 569 2070 tamen
579 2047 678 2070 mente
687 2039 764 2078 legis
775 2058 785 2073 ,
799 2037 837 2069 Θ·
845 2039 982 2075 «equitate
991 2037 1130 2070 naturali
1140 2035 1243 2068 deter-

369 2085 509 2115 minante
521 2079 642 2120 aliquid
662 2083 744 2113 circa
751 2089 903 2122 peccatum
913 2102 920 2110 .

261 2130 280 2159 6
287 2136 300 2158 1
325 2128 413 2166 Papa
421 2138 461 2158 an
470 2126 582 2165 ligetur
591 2136 617 2157 c.
628 2125 741 2157 Omnis
749 2122 901 2163 utriufiiue
910 2144 921 2158 2
929 2122 1077 2164 depoenit.
1087 2121 1125 2155 ὠ
1133 2119 1242 2163 remiffi

262 2174 302 2203 62
326 2171 430 2246 Nih-”⁰
445 2167 591 2245 gogiturd
603 2167 722 2210 seipso,
736 2165 796 2210 Jed
812 2165 945 2200 tamena
958 2166 1059 2211 seipso
1075 2164 1243 2205 dirigitur,

428 2224 443 2244 o
464 2213 598 2252 ligatur.

264 2260 303 2299 63
326 2256 432 2289 Nulla
453 2254 623 2289 authoritas
632 2275 642 2291 ‚
664 2255 720 2287 vel
740 2256 873 2287 Senatus
892 2251 986 2295 potest
999 2251 1107 2296 facere
1128 2272 1139 2287 ‚
1172 2252 1244 2290 quin

372 2302 519 2376 Pzinceps
531 2299 705 2343 fitanimal
714 2298 888 2334 rationale,
910 2298 962 2331 vel
970 2306 1003 2329 ut
1012 2296 1060 2343 fit
1072 2295 1192 2338 solutus
1200 2295 1245 2326 le-

390 2356 400 2376 t
422 2355 454 2375 us
471 2352 601 2375 nature.

264 2390 305 2428 64
325 2354 447 2426 Pa{ani
456 2407 466 2422 ,
487 2384 524 2418 (9⁵
540 2384 682 2428 infideles
690 2397 750 2422 an,
774 2384 813 2419 ῥ’
829 2388 862 2418 in
871 2382 971 2425 quibus
982 2380 1104 2427 subsint
1117 2381 1244 2423 jurisdi-

374 2430 467 2461 {sioni
478 2430 636 2472 Ecclefiae,
653 2427 815 2472 &mseqffi
825 2429 911 2472 usque
921 2427 963 2460 ad
981 2439 1011 2459 n.
1021 2436 1071 2467 93.

263 2477 282 2507 6
287 2481 302 2514 5
326 2475 415 2507 Oves
435 2470 552 2513 Christi
565 2473 640 2514 sunt
648 2484 748 2505 omnes
769 2483 835 2505 tam
850 2471 981 2516 fideles,
1005 2471 1094 2509 quam
1105 2465 1245 2510 infideles

371 2524 426 2557 per
435 2517 620 2547 creationem
629 2536 640 2551 ‚
657 2515 732 2549 licet
739 2527 798 2547 non
811 2516 880 2559 fine
889 2514 925 2546 de
933 2514 1012 2546 ovili
1023 2512 1162 2555 Ecclefiae
1173 2533 1181 2541 .

267 2564 307 2594 66
330 2563 418 2601 Papa
428 2571 486 2592 non
487 2557 592 2600 solum
596 2557 689 2597 super
692 2558 803 2600 fideles
812 2578 822 2592 ‚
834 2556 894 2599 sed
905 2559 1000 2589 etiam
1003 2555 1094 2597 super
1104 2553 1246 2597 infideles

375 2602 614 2646 jurisdil'lioncm
623 2598 711 2633 habet
720 2600 758 2633 de
768 2610 832 2638 sure
840 2620 850 2634 ‚
867 2601 940 2632 licet
948 2611 1006 2631 non
1016 2597 1142 2641 defac‘lo
1150 2620 1158 2628 .

268 2649 310 2685 67
332 2647 470 2678 Gentilis
484 2643 579 2687 potest
588 2643 674 2677 licite
689 2646 797 2686 puniri
804 2651 859 2683 per
872 2645 1009 2682 Papam,
1025 2641 1057 2684 st
1076 2649 1183 2672 contra
1203 2641 1247 2672 le-

377 2698 560 2727 gemnaturae
570 2686 694 2732 faciat,
715 2696 746 2719 ut
762 2686 794 2730 st
813 2685 893 2718 colat
902 2684 987 2717 idola
998 2706 1006 2714 .

264 2733 308 2766 ⁶8
322 2732 424 2774 judai
437 2732 550 2771 poſjunt
568 2740 622 2772 per
632 2732 749 2772 Papam
757 2728 888 2769 maican·
897 2749 907 2764 ‚
923 2728 955 2770 fi
970 2737 1075 2759 contra
1099 2728 1247 2766 Evange-

377 2775 451 2806 lium
467 2774 590 2817 faciant
596 2778 630 2808 in
652 2773 816 2807 moralibus
826 2793 837 2808 ,
858 2772 909 2803 vel
930 2769 1049 2810 hereses
1058 2772 1140 2802 circa
1154 2770 1247 2812 suam

382 2818 476 2856 legem
492 2820 675 2854 inveniant,
697 2816 735 2850 Θ
751 2829 780 2849 n·
791 2819 840 2856 83·

271 2865 312 2899 69
335 2858 495 2893 Thalmud
503 2861 677 2902 Judaeorum
697 2859 807 2893 librum
822 2859 923 2901 plures
940 2858 1070 2891 Romani
1081 2854 1247 2899 Pontifices

381 2902 523 2945 iusserunt
532 2906 735 2937 concremari.

273 2957 315 2987 70
336 2945 514 2991 Infidelibus
523 2947 726 2981 detinentibus
743 2956 861 2980 terram
872 2967 882 2981 ,
897 2947 930 2977 in
941 2955 997 2984 qua
1005 2941 1246 2985 jurisdiae‘tionem

381 2988 455 3023 habu
460 2999 546 3022 erunt
555 2990 727 3031 Christiani
737 2992 908 3030 Principes,
916 2991 1003 3027 Papa
1011 2983 1245 3028 potestprohibe-

381 3045 415 3065 re
424 3055 433 3069 ‚
456 3045 492 3065 ne
502 3031 610 3075 injuste
631 3034 782 3067 divexent
802 3030 992 3074 Christianos
1002 3051 1011 3065 ‚
1032 3029 1069 3063 (ῥ’
1090 3027 1246 3073 contrafa—

384 3079 495 3110 cientes
518 3076 721 3117 jurisdiflione
742 3078 780 3110 ά
797 3077 929 3110 dominio
947 3083 1078 3115 privare
1088 3095 1096 3103 .

275 3129 313 3159 71
337 3122 414 3153 Item
421 3118 517 3161 potest
537 3116 709 3160 infidelibus
719 3123 873 3162 precipere
881 3140 892 3155 ‚
911 3127 943 3151 ut
951 3116 1122 3150 admittant
1130 3114 1246 3148 Praedi-

384 3173 499 3196 catores
514 3162 686 3203 Evangelii
695 3164 726 3194 in
744 3167 837 3196 terris
846 3173 943 3195 eorum
960 3159 1166 3202 iurisdiilioni
1173 3157 1246 3201 sub-

385 3206 469 3245 jectis
478 3229 486 3237 .

277 3257 319 3287 72
339 3251 425 3289 Papa
434 3259 540 3283 contra
548 3247 691 3293 infideles
702 3248 855 3281 mandatis
865 3249 925 3290 ejus
942 3244 1142 3281 inobedientes
1150 3242 1245 3287 potest

389 3292 460 3332 juste
467 3292 576 3326 bellum
585 3291 719 3325 indicere
729 3313 737 3323 .

277 3343 317 3375 73
339 3335 425 3374 Papa
443 3339 475 3366 in
484 3335 663 3369 criminibus
681 3335 757 3368 eccle
772 3333 887 3375 iasticis
896 3346 1036 3368 exercere
1050 3330 1145 3375 potest
1154 3330 1246 3372 juris-

387 3378 544 3410 dictionem
554 3389 659 3412 contra
675 3377 732 3421 infi
755 3378 829 3412 elas,
843 3377 923 3420 ficut
933 3387 1037 3410 contra
1047 3375 1177 3421 fideles.

277 3430 320 3462 74
340 3421 376 3454 In
392 3423 505 3453 mixtis
514 3425 585 3455 vero
601 3425 679 3457 locus
689 3419 730 3465 eli
746 3422 944 3462 preventioni·
952 3423 1035 3455 inter
1052 3423 1189 3462 Papam,
1209 3415 1246 3452 (ῥ’

387 3465 604 3506 Imperatorem
615 3489 622 3497 .

1311 142 1354 175 74
1373 134 1546 180 bisiactium
1558 138 1723 167 dominium
1732 156 1743 172 ‚
1755 135 1809 177 seu
1818 137 1955 176 praelatio
1964 136 2057 178 super
2069 138 2183 182 fideles
2185 144 2283 185 potest

1420 176 1494 218 justi·
1502 179 1573 209 tolli
1583 186 1634 217 per
1637 180 1822 221 sententiam
1832 200 1842 213 ι,
1853 177 1889 211 &⁴
1899 179 2121 216 ordinationem
2132 185 2280 230 Ecclesia.

1310 223 1350 258 76
1373 221 1403 251 E
1405 219 1466 252 ccle
1461 221 1513 262 fia
1522 219 1740 253 authoritatem
1750 223 1813 254 Dei
1822 220 1910 254 habet
1916 223 2009 264 super
2019 233 2128 264 regna.

1310 271 1351 302 77
1372 261 1519 306 Infideles
1527 262 1664 304 nonsunt
1672 263 1784 299 dircite
1792 264 1903 316 desoro
1913 267 1943 298 E
1945 267 2053 310 cclefiae
2063 287 2073 303 ‚
2086 268 2146 309 sed
2152 271 2249 303 alieni
2258 270 2278 303 a*

1418 304 1536 347 Christo
1544 328 1554 342 ,
1575 307 1612 339 Θ
1622 308 1712 349 servi
1720 306 1834 340 diaboli
1843 330 1851 340 .

1311 351 1351 387 78
1374 347 1520 390 Infideles
1532 350 1671 393 Ecclesta
1680 362 1738 382 non
1747 355 1988 385 excommunicat
1995 375 2003 384 .

1308 400 1351 430 79
1373 393 1399 424 F
1400 402 1483 424 orum
1484 392 1598 434 sortiri
1607 413 1617 428 ‚
1637 396 1674 425 (θ’
1675 391 1805 434 statutis
1814 395 1911 433 ligari
1917 416 1927 431 2
1943 395 1964 431 α’
1970 399 2044 436 pari
2051 395 2217 437 procedunt
2226 421 2235 430 .

1309 438 1351 467 80
1371 437 1397 466 S
1398 435 1537 467 tatuendi
1544 434 1672 476 potestas
1680 434 1700 468 ιὶ
1708 435 1914 476 jurisditflione
1923 438 2068 479 dependet
2076 463 2084 471 .

1308 481 1346 510 81
1361 478 1455 521 juris
1463 480 1613 510 Canonici
1623 476 1744 520 statuta
1753 479 1853 518 ligant
1863 490 1977 513 omnem
1986 492 2158 517 creaturam
2168 487 2203 518 in
2211 496 2279 518 ma-

1418 523 1497 553 teria
1509 520 1607 553 eidem
1624 520 1795 562 adaptabili
1804 544 1812 552 .

1308 566 1348 598 82
1368 563 1570 605 Praescribens
1584 575 1690 597 contra
1699 564 1934 607 iuri'sdifbionem
1951 569 2150 609 Imperatoris
2162 583 2221 604 non
2231 583 2279 604 re-

1417 616 1519 640 manet
1539 606 1711 650 acephalus,
1731 607 1783 646 sea
1792 605 1892 649 subest
1900 611 1986 648 Papae
1995 632 2002 641 .

1309 653 1349 691 83
1361 649 1467 694 judai
1487 651 1691 689 delinquentes
1701 660 1806 683 contra
1827 651 1922 690 legem
1941 654 2067 699 Moysis
2076 676 2086 692 ,
2107 664 2160 697 per
2168 659 2279 699 Legem

1418 696 1604 726 Canonicam
1609 697 1776 734 puniuntur
1785 716 1793 724 .

1309 739 1352 777 84
1372 738 1451 769 Item
1465 738 1497 780 si
1505 735 1602 777 obsint
1610 735 1776 780 fidelibus,
1797 738 1849 770 vel
1856 734 2033 777 delinquant
2040 741 2073 773 in
2089 741 2279 783 opprobrium

1417 778 1595 822 Christiana
1606 781 1775 820 Religionis
1785 802 1794 812 ,

1374 824 1454 857 Item
1471 824 1502 865 fi
1512 825 1687 857 Dominicis
1696 844 1706 858 ‚
1728 823 1766 856 ῥ’
1802 821 1872 864 estis
1881 821 1981 857 diebus
2000 828 2195 861 mercimonia
2205 841 2281 862 ven—

1416 865 1493 898 dant
1503 869 1573 941 ,εἴθ’
1581 865 1719 909 artificia
1727 887 1738 902 ,
1773 878 1806 899 eu
1816 874 1903 907 opera
1911 867 2085 902 mechanica
2096 880 2258 905 exerceant
2268 895 2278 909 ‚

1419 920 1499 941 num.
1537 917 1564 949 5.

1373 953 1451 985 Item
1486 966 1497 985 ι
1508 954 1541 984 in
1549 950 1599 985 die
1608 951 1799 993 Parasceves
1808 951 1882 995 ostia
1891 974 1901 988 ,
1922 955 1974 986 vel
1987 953 2142 998 fenestras
2157 965 2280 998 apertas

1418 995 1456 1028 ha
1476 1005 1547 1028 eant
1556 1016 1566 1032 ,
1576 1005 1628 1028 aut
1637 998 1670 1027 in
1676 993 1827 1036 publicum
1835 996 1998 1039 prosiliant
2007 1019 2017 1033 ,
2036 1001 2075 1031 (J
2083 1011 2112 1031 n.
2123 1003 2173 1032 86.

1310 1042 1347 1081 85
1371 1040 1568 1072 Palentinum
1576 1041 1745 1072 Concilium
1761 1048 1892 1080 tempore
1900 1039 2017 1074 Urbani
2036 1045 2088 1076 VI.
2098 1043 2281 1077 celebratum

1419 1083 1537 1116 nullam
1549 1080 1637 1115 habet
1645 1081 1859 1115 authoritatem
1868 1105 1876 1113 .

1309 1128 1349 1164 87
1361 1125 1466 1173 Judaei
1481 1137 1540 1211 33]an
1556 1127 1694 1170 ligantur
1708 1137 1733 1158 c.
1743 1128 1855 1159 Omnis
1876 1126 2045 1169 utriusque,
2065 1128 2102 1161 de
2116 1133 2224 1171 poenit.
2242 1130 2281 1165 ά·

1418 1180 1495 1202 remi
1520 1192 1527 1200 .

1308 1215 1348 1246 88
1360 1211 1464 1257 Judaei
1474 1213 1507 1256 st
1515 1215 1743 1246 matrimonium
1750 1213 1931 1247 contrahant
1939 1213 2122 1255 ingradibus
2143 1218 2207 1257 lege
2217 1220 2280 1252 Ca-

1417 1258 1524 1289 nonica
1532 1255 1654 1290 tantum
1663 1255 1826 1297 prohibitis
1836 1279 1846 1293 ‚
1867 1258 1907 1290 ad
1915 1257 2012 1300 fidem
2020 1261 2162 1304 converst
2167 1271 2226 1293 non
2228 1261 2282 1302 se-

1413 1308 1567 1346 parantur
1575 1321 1586 1336 ,
1598 1299 1636 1334 ά*
1645 1312 1742 1336 eorum
1750 1302 1848 1341 proles
1856 1302 1996 1341 legitima
2005 1300 2047 1344 est
2057 1325 2065 1333 .

1308 1345 1350 1382 89
1371 1344 1442 1376 Nec
1452 1353 1592 1376 tenentur
1600 1344 1731 1386 fi’rvare
1745 1343 1881 1388 formam
1889 1346 1910 1377 a*
1929 1347 2067 1378 Concilio
2090 1345 2280 1380 Tridentino

1415 1387 1622 1429 praescriptam
1639 1391 1673 1419 in
1683 1391 1889 1420 matrimoniis
1905 1387 2117 1421 contrahendis
2127 1411 2135 1419 .

1307 1440 1350 1470 90
1370 1433 1614 1466 Matrimonium
1635 1431 1742 1463 valide
1750 1429 1788 1463 ab
1807 1430 1981 1474 infidelibus
1995 1433 2180 1465 contractum
2189 1453 2200 1468 ‚
2216 1430 2283 1474 post

1417 1474 1646 1560 cosqtz'berstomm
1654 1486 1711 1507 non
1728 1473 1949 1516 estiterandum
1956 1486 2057 1508 coram
2066 1474 2203 1509 Parocho
2212 1497 2223 1512 ‚
2244 1475 2283 1509 &-

1416 1528 1445 1550 te
1473 1532 1483 1550 b
1506 1529 1538 1549 us
1548 1539 1557 1548 n

1415 1607 1512 1638 menti
1527 1626 1535 1635 .

1308 1659 1348 1688 92
1369 1650 1461 1682 Laici
1471 1650 1504 1680 in
1521 1647 1604 1680 mere
1619 1645 1834 1688 temporalibus
1853 1646 2060 1688 &prophanis
2068 1659 2127 1680 non
2136 1648 2278 1688 ligantur

1415 1690 1684 1733 Constitutionibus
1698 1693 1881 1726 canonicis,
1902 1693 2003 1735 nisiin
2013 1694 2107 1725 terris
2118 1692 2259 1735 Ecclefiae
2272 1715 2281 1724 .

1307 1745 1346 1777 93
1368 1733 1607 1778 Constitutiones
1618 1732 1829 1777 Ecclefiasticae
1839 1743 1913 1767 ante
1927 1732 2161 1777 publicationem
2169 1746 2228 1767 non
2241 1736 2283 1768 li-

1412 1788 1489 1819 gant
1504 1801 1511 1810 .

1306 1833 1350 1865 94
1369 1821 1603 1864 Constitutiones
1614 1822 1818 1861 particulares
1827 1822 1957 1864 respeilu
1972 1830 2121 1855 certorum
2131 1821 2261 1853 locorum
2271 1841 2283 1856 ,

1313 1868 1319 1873 “
1414 1866 1465 1898 vel
1479 1865 1675 1907 personarum
1685 1885 1696 1899 ‚
1716 1862 1757 1896 ad
1776 1864 1841 1895 alia
1855 1865 1920 1895 loca
1930 1883 1941 1899 ‚
1962 1864 2015 1896 vel
2034 1864 2117 1896 alias
2136 1863 2280 1906 personas

1414 1920 1474 1941 non
1484 1906 1691 1941 extenduntur
1700 1929 1708 1937 .

1305 1962 1325 1991 9
1329 1960 1344 1992 5
1366 1949 1603 1994 Constitutiones
1618 1959 1673 1991 per
1682 1951 1872 1983 contrariam
1892 1950 2005 1990 legem,
2025 1950 2079 1984 vel
2087 1947 2281 1991 confitetudi-

1413 2006 1480 2028 nem
1489 1992 1637 2033 abrogata
1648 2015 1657 2029 ‚
1677 2005 1736 2026 non
1738 1996 1815 2036 sunt
1823 1992 1986 2035 servandae
1995 2015 2005 2024 .

1304 2042 1345 2076 96
1370 2039 1415 2070 Et
1425 2037 1491 2070 illis
1500 2046 1618 2069 utentes
1628 2039 1768 2071 incidunt
1777 2039 1810 2068 in
1817 2045 1937 2076 poenam
1946 2036 2045 2079 falfi.

1305 2089 1346 2118 97
1368 2081 1501 2123 Constlii
1511 2080 1565 2112 lex
1583 2081 1767 2119 regulariter
1777 2091 1835 2111 non
1856 2078 1898 2121 est
1907 2077 2109 2118 obligatoria.

1305 2125 1345 2161 98
1369 2123 1502 2164 Confilii
1513 2123 1611 2161 legem
1622 2134 1681 2154 non
1691 2123 1827 2165 servans
1837 2133 1878 2154 ex
1896 2130 2082 2163 contemptu,
2105 2122 2282 2156 mortaliter

1412 2173 1519 2205 peccat
1538 2186 1546 2194 .

1308 2219 1349 2246 99
1372 2210 1438 2240 Con
1453 2207 1544 2239 ilium
1561 2208 1738 2238 reverentia
1750 2204 1827 2244 quod
1842 2204 1979 2237 dicatur.

1290 2262 1350 2285 100
1370 2253 1431 2285 Ver
1451 2262 1469 2282 a
1478 2249 1649 2282 hortatoria
1655 2250 1916 2289 impropriantur,
1937 2246 2055 2288 quando
2067 2247 2204 2291 fitbjefkq
2215 2262 2282 2284 ma-

1415 2296 1496 2326 teria
1506 2292 1548 2334 est
1566 2292 1604 2324 de
1610 2300 1750 2332 praecepto
1760 2315 1767 2322 .

1291 2347 1348 2372 101
1373 2337 1516 2382 Refidere
1536 2345 1675 2368 tenentur
1695 2334 1836 2377 Episcopi
1855 2334 1936 2375 apud
1949 2334 2041 2376 suam
2061 2334 2282 2371 Cathedralem

1415 2377 1596 2420 temporibus
1606 2378 1773 2411 Adventus
1783 2399 1793 2413 ‚
1803 2376 2051 2423 Qadragestmae
2059 2399 2070 2415 ,
2086 2380 2148 2412 &a
2158 2392 2211 2412 nec
2210 2380 2283 2424 suf-

1410 2423 1501 2468 ficit,
1522 2432 1555 2455 ut
1570 2425 1603 2454 in
1612 2422 1746 2466 Dioecefi
1767 2425 1921 2465 resideant
1932 2443 1939 2452 .

1291 2478 1349 2501 102
1371 2469 1401 2501 E
1404 2467 1511 2509 cclefia
1522 2468 1660 2499 Romana
1671 2464 1889 2497 authoritatem
1901 2463 2073 2499 Canonibus
2082 2467 2260 2507 impertitur
2268 2488 2279 2504 ‚

1408 2509 1467 2552 sed
1480 2521 1540 2542 non
1549 2512 1592 2541 eis
1600 2510 1751 2549 alligatur
1761 2531 1768 2538 .

1373 2554 1562 2587 Declaratur
1570 2573 1580 2588 ,
1601 2563 1680 2585 num.
1701 2556 1768 2584 106·

1292 2607 1349 2640 103
1372 2600 1460 2638 Papa
1470 2608 1510 2628 an
1515 2595 1672 2643 poffitsolo
1682 2593 1772 2628 verbo
1773 2593 1881 2640 facere
1889 2594 2088 2629 Sacerdotem
2096 2616 2106 2631 ‚
2127 2596 2181 2628 vel
2187 2597 2280 2639 Epis-

1417 2649 1518 2680 copum
1529 2661 1540 2676 ‚
1560 2644 1598 2672 &⁹
1606 2651 1636 2671 n.
1641 2638 1724 2680 seqq.
2210 2645 2216 2650 ·

1292 2694 1352 2725 104
1372 2686 1541 2724 Imperator
1550 2685 1634 2715 unico
1644 2680 1733 2715 verbo
1743 2703 1753 2717 ,
1768 2684 1861 2714 etiam
1867 2679 2053 2722 procedendo
2062 2703 2072 2717 ‚
2082 2680 2219 2715 &extra
2229 2694 2278 2714 or-

1416 2727 1518 2759 dinem
1523 2727 1643 2767 prolato
1652 2747 1662 2761 ‚
1679 2724 1774 2768 potest
1783 2724 1891 2768 facere
1901 2734 1983 2763 quem
1990 2725 2152 2758 Donarem
2163 2748 2170 2756 .

1292 2778 1347 2811 105
1371 2772 1432 2804 Pro
1439 2770 1520 2811 vifis
1537 2779 1607 2801 ante
1617 2769 1867 2812 consecrationem
1884 2778 1944 2801 non
1961 2768 2076 2801 dicitur
2092 2769 2278 2813 Episcopus,

1410 2813 1469 2855 sed
1487 2813 1611 2845 elesius.

1291 2861 1351 2895 107
1371 2859 1440 2891 Lex
1449 2855 1490 2898 est
1500 2867 1603 2891 omne,
1627 2855 1704 2894 quod
1715 2857 1747 2887 in
1764 2856 1884 2886 ratione
1893 2852 2045 2901 confistit.

1292 2903 1350 2933 108
1361 2902 1392 2942 J
1393 2901 1474 2932 udex
1486 2911 1527 2932 ex
1540 2910 1649 2938 magna
1657 2899 1744 2940 causa
1751 2896 1844 2939 potest
1851 2897 2027 2938 transgredi
2039 2901 2179 2931 Canones
2188 2921 2197 2930 .

1372 2945 1589 2977 Contrarium,
1609 2954 1638 2973 n.
1653 2951 1720 2982 114.
1732 2941 1860 2983 usquein
1876 2939 1935 2984 fin.

1291 2997 1349 3024 109
1372 2989 1468 3018 Poena
1477 2988 1585 3017 mortis
1592 2996 1632 3017 ex
1643 2982 1759 3025 statuto
1767 2985 1910 3027 impofita
1924 2988 2102 3017 commutari
2112 2983 2207 3027 potest
2223 2996 2275 3017 ra-

1416 3032 1502 3078 tionae
1512 3031 1610 3060 aetatis
1617 3030 1651 3059 in
1656 3028 1771 3068 pupillo
1781 3048 1791 3063 ‚
1812 3030 1862 3066 qui
1870 3026 2062 3060 homicidium
2068 3037 2210 3069 perpetra
2215 3031 2275 3065 vit,

1416 3079 1454 3105 (9⁹
1470 3083 1549 3105 num.
1571 3081 1581 3103 1
1593 3080 1639 3110 17.

1292 3126 1351 3150 110
1372 3117 1484 3150 Poenas
1505 3116 1602 3155 legum
1609 3116 1680 3148 licet
1696 3111 1879 3147 exacerbare
1899 3122 2021 3154 propter
2029 3115 2129 3157 casum
2151 3113 2276 3148 terribi-

1417 3160 1476 3192 lem
1485 3181 1493 3189 .

1292 3213 1304 3235 1
1314 3213 1325 3235 1
1335 3214 1347 3236 1
1371 3200 1553 3243 Degradari
1562 3214 1602 3234 an
1618 3202 1702 3244 poffit
1710 3202 1845 3234 Clericus
1855 3221 1864 3235 ‚
1887 3198 1925 3232 ὠ
1945 3200 2031 3233 tradi
2040 3204 2124 3233 curia
2138 3202 2276 3244 jaculari

1412 3256 1468 3286 pro
1476 3248 1602 3278 crimine
1615 3244 1793 3284 parricidii,
1809 3246 1841 3288 si
1851 3255 1910 3276 non
1923 3245 1969 3288 sit
1977 3243 2194 3285 incorrigibilis
2205 3267 2212 3274 .

1293 3299 1304 3322 1
1314 3299 1325 3321 ι
1334 3300 1350 3321 2
1373 3291 1522 3364 Mortutzs
1539 3286 1574 3321 ob
1582 3289 1722 3320 criminis
1741 3290 1970 3320 immanitatem
1978 3286 2072 3330 potest
2080 3289 2166 3321 tradi
2173 3285 2277 3329 bestiis

1416 3345 1449 3364 ΙΙΙ
1465 3344 1491 3364 cl
1514 3343 1561 3363 um
1570 3353 1578 3360 ·

1293 3386 1304 3408 1
1315 3385 1349 3419 ¹3
1372 3375 1558 3416 DiJPensare
1572 3373 1666 3415 potest
1674 3373 1836 3416 Episcopus
1852 3385 1892 3406 ex
1901 3385 2011 3414 magna
2031 3374 2119 3416 causa
2126 3374 2277 3416 neccffita-

1417 3421 1458 3450 tis
1468 3438 1478 3452 ,
1500 3416 1694 3450 &utilitatis
1710 3427 1813 3450 contra
1820 3419 1962 3459 generale
1979 3420 2148 3451 Concilium
2156 3428 2196 3449 ex
2206 3417 2276 3457 scn-

1417 3463 1516 3494 tentia
1534 3462 1611 3494 Rota
1622 3481 1629 3490 .

2153 3507 2234 3535 Con-
