2397 3664
712 76 813 136 De
850 74 1084 135 Constit.
1121 94 1169 136 c.
1203 75 1304 136 Ne
1340 78 1610 138 innitaris.

146 167 228 200 dixit
236 165 428 209 probabilem
437 165 594 198 rationem
603 162 780 195 nonfacere
790 183 800 198 ‚
818 173 851 194 ut
862 162 1038 194 intellectus
1047 161 1145 193 ass‘en-

147 213 244 243 tiatur
261 210 318 242 uni
337 209 416 251 parti
434 208 613 250 simpliciter
629 226 640 241 ‚
662 205 711 237 sed
728 216 803 237 cum
823 205 993 237 formidine
1017 206 1144 236 alterius

145 252 328 286 immediate
338 252 493 294 subjungit
515 263 523 282 ε
545 252 590 282 Et
598 248 650 281 hoc
658 247 700 291 est
716 249 792 288 quod
801 248 879 280 dicit
900 260 910 279 :
932 250 1144 287 Cogitationes

146 298 228 329 enim
236 296 413 328 mortalium
416 294 490 335 sunt
500 291 615 326 timide
625 302 638 329 ,·
659 292 807 334 quiafimt
817 289 949 324 obnoxie
952 290 1123 335 formidini
1132 311 1142 326 ,

149 337 189 373 ά·
204 339 441 381 perconsequens
454 337 530 377 fimt
539 338 658 368 incerte
673 333 874 375 providentie
883 333 1003 377 nostre,
1024 335 1085 377 mfi
1094 335 1144 366 di-

148 385 293 423 rigantur
313 382 389 415 dono
402 380 560 421 fizpientiae
582 378 697 411 divina
715 401 723 409 .
746 379 823 411 Haec
839 379 890 410 ille
899 401 907 408 .
930 377 1070 410 Pondera
1090 378 1144 409 illa

146 428 241 459 verba
250 447 263 462 ,
270 428 316 458 Et
320 433 376 465 per
383 422 560 464 consequens
568 443 578 458 ,
599 433 667 465 quae
677 421 758 455 clare
766 422 979 454 demonstrant
991 421 1144 462 judicium

147 469 305 511 probabile
314 478 350 499 ex
358 477 397 499 eo
406 486 416 501 ,
436 466 522 508 quod
533 465 569 499 sit
577 467 754 499 obnoxium
763 465 928 498 formidini
937 486 947 500 ‚
966 467 1000 497 in
1011 464 1144 497 necessa-

145 515 228 545 riam
237 511 493 552 consequentiam
501 510 557 542 effe
568 511 717 541 timidum
725 529 734 544 ‚
745 511 944 541 &incertum
953 528 963 542 ,
983 509 1016 540 δε
1027 509 1067 540 sic
1078 517 1143 539 nori

145 557 258 588 habere
274 554 425 586 moralem
434 554 658 585 certitudinem
679 551 862 593 requisitam
878 552 917 582 ad
926 549 1053 589 honeste
1070 560 1144 591 ope-

147 600 300 631 randum.
322 596 408 629 Hinc
419 596 503 629 redte
519 596 669 628 Brefl‘erus
677 593 717 626 de
735 593 931 634 Conftientia
938 591 992 625 lib.
1006 602 1105 634 3.cap.
1116 601 1143 633 5.

145 655 176 676 n.
187 645 238 681 64.
248 642 359 674 Omnis
369 642 470 680 opinio
479 661 490 676 ‚
512 640 545 673 in
570 640 616 672 uit
624 660 634 674 ‚
656 641 750 671 etiam
755 635 925 679 probabilis
934 657 944 671 ‚
952 634 995 678 est
1003 639 1123 668 incerta
1133 656 1144 671 ‚

145 693 293 723 quatenus
310 686 458 716 incertum
468 681 511 726 est
531 696 550 715 a
563 681 663 723 solute
683 682 759 721 quod
781 683 939 721 opinamur
949 703 957 710 .
980 679 1144 722 Qinimo

144 729 333 769 opinionem
345 729 534 768 probabilem
541 727 697 759 definiunt
707 726 805 766 aliqui
815 735 851 756 ex
868 725 1028 756 modernis
1038 723 1095 754 effe
1107 723 1144 755 il-

145 771 209 802 lam
219 791 230 806 ,
249 781 318 812 quae
340 780 378 802 ex
387 771 568 803 rationabili
589 771 713 802 motivo
723 767 866 810 procedit
886 769 966 800 citra
981 768 1144 799 certitudi-

145 824 238 849 nem,
260 824 294 846 ut
303 813 466 846 novissime
483 814 667 846 Honoratus
685 813 772 844 Fabri
787 814 825 844 de
834 814 913 852 opin-
921 810 1004 852 prob.
1014 818 1083 851 pag.
1097 819 1143 841 11.

77 864 118 898 73
182 856 312 890 Οέὶτινὸ
323 879 330 887 .
353 857 425 899 Qii
434 857 509 889 facit
521 857 627 890 adium
637 856 836 898 probabiliter
845 856 992 887 illicitum
1003 874 1013 888 ‚
1036 853 1144 885 discri-

145 902 227 932 mini
238 901 265 932 se
275 902 469 936 committit,
490 903 523 934 &
535 901 710 933 mortaliter
718 909 825 941 peccat
834 920 843 934 ,
856 908 890 930 ut
901 898 941 929 est
950 907 1024 929 text.
1036 899 1069 928 in
1078 904 1143 936 cap.

145 944 343 988 lnquisttioni
352 942 389 975 de
400 943 483 985 sent.
496 954 681 976 excommun.
691 945 742 975 ubi
759 943 800 974 est
809 941 979 983 expressum
1002 940 1144 972 mortali-

146 997 195 1019 ter
204 997 331 1029 peccare
341 996 414 1019 eum
424 1007 433 1021 ‚
455 990 510 1029 qui
531 987 607 1020 facit
616 986 724 1019 actum
745 985 896 1018 illicitum
905 995 941 1016 ex
951 983 1145 1016 conscientia

147 1032 344 1063 credulitatis
351 1031 517 1071 probabilis
527 1053 535 1061 .
558 1030 597 1062 Et
608 1029 778 1071 probatura
787 1029 912 1061 fortiori
930 1031 964 1060 in
985 1039 1010 1059 c.
1023 1025 1081 1058 Ad
1091 1037 1145 1057 au-

150 1073 352 1109 dientiamjn
359 1072 577 1116 c-Significasti
586 1074 611 1105 il
623 1076 690 1106 m&
700 1076 733 1105 in
741 1074 886 1105 apetitio
896 1070 933 1103 de
942 1068 1146 1103 homicidsed

148 1120 205 1159 qui
214 1117 288 1149 facit
298 1116 404 1148 actum
413 1119 611 1159 probabiliter
619 1117 758 1150 licitum,
776 1116 851 1148 facit
860 1115 968 1147 astum
978 1113 1144 1155 probabili-

146 1170 194 1192 ter
204 1161 352 1192 illicitum
366 1181 376 1196 ,
398 1161 471 1193 cum
489 1161 688 1202 probabilitas
713 1160 740 1190 se
751 1160 861 1191 habeat
880 1158 1095 1190 indifferenter
1105 1158 1144 1188 ad

146 1213 314 1244 utrumque
325 1214 500 1236 extremum
511 1225 520 1239 ,
531 1207 606 1236 utin
617 1208 646 1235 6.
658 1201 762 1235 Ethic.
772 1214 796 1235 c.
812 1212 838 1243 3.
850 1202 888 1235 (θ’
898 1211 923 1241 5·
934 1203 971 1234 (θ’
980 1203 1014 1232 in
1028 1211 1052 1232 1.
1064 1202 1145 1233 Mi-

142 1257 231 1287 gnor·
242 1247 350 1279 moral.
359 1259 385 1280 c.
398 1257 445 1288 33.
458 1246 495 1280 &¹
518 1250 552 1280 in
572 1257 596 1279 1·
606 1245 722 1288 poster.
741 1256 822 1279 text.
831 1257 883 1286 44.
894 1246 946 1277 ubi
969 1245 1123 1286 probabile
1136 1264 1144 1278 ‚

145 1289 199 1323 seu
218 1291 376 1331 opinabile
386 1291 540 1323 diffinitur
560 1290 617 1323 ess‘e
630 1291 706 1322 illud
717 1311 727 1326 ‚
747 1291 833 1332 quod
855 1290 899 1321 ita
909 1291 1046 1320 creditur
1067 1287 1123 1319 esse
1134 1307 1145 1321 s

144 1333 230 1374 quod
241 1343 348 1366 tamen
369 1335 458 1366 aliter
481 1334 507 1366 se
520 1335 629 1367 habere
650 1333 747 1376 potest
756 1356 764 1364 .
788 1333 872 1376 Ergo
880 1334 935 1374 qui
946 1331 1022 1364 facit
1038 1330 1145 1362 astum

146 1377 347 1417 probabilit'er
358 1378 480 1413 licitum
489 1398 499 1413 ‚
521 1378 697 1410 committit
708 1377 735 1409 se
754 1376 952 1411 discrimini,
974 1376 1007 1407 &
1028 1384 1145 1406 morta-

146 1421 217 1452 liter
228 1430 335 1461 peccat
345 1443 352 1451 .
375 1419 456 1464 Quo
466 1431 653 1463 argumento
661 1424 760 1453 utitur
768 1421 802 1453 in
813 1419 926 1452 effectu
936 1418 1030 1452 Card.
1042 1417 1144 1459 Cajet.

144 1473 180 1495 ut
188 1464 305 1504 patebit
314 1463 396 1497 infra
406 1467 440 1496 in
450 1474 498 1499 21.
507 1463 718 1498 Fundamenta
729 1487 737 1495 .

79 1513 123 1546 74-
176 1506 287 1539 ‘Nono
296 1529 304 1538 .
326 1507 360 1540 Si
375 1510 523 1541 dominus
542 1507 848 1541 administrationem
856 1527 867 1543 2
888 1508 921 1540 δε
944 1506 995 1539 dis
993 1505 1146 1548 pensatio-

144 1553 393 1597 nem-bonorum
404 1551 529 1584 suorum
547 1553 761 1585 committeret
777 1551 864 1584 servo
873 1572 882 1586 ‚
904 1553 1005 1593 quiex
1029 1552 1146 1590 impru-

145 1594 268 1629 dentia,
277 1596 324 1626 vel
335 1596 520 1628 infidelitate
532 1595 638 1627 solitus
646 1595 718 1627 effer
727 1594 805 1629 falli,
814 1597 846 1627 &
858 1595 962 1627 fallere
974 1606 980 1624 :
992 1596 1099 1634 utique
1109 1594 1147 1625 ab

144 1636 294 1670 omnibus
301 1638 493 1680 judicaretur
502 1640 685 1680 imprudens
694 1659 704 1673 ‚
726 1639 852 1680 ejusque
862 1638 999 1670 fatuitati
1011 1639 1146 1678 iniputa-

144 1689 244 1715 retur,
254 1680 274 1712 si
286 1680 389 1713 servus
400 1681 600 1714 substantiam
609 1681 816 1723 diss‘iparet.Et
828 1684 910 1713 idem
921 1683 992 1713 effet
1006 1683 1037 1712 in
1049 1691 1147 1721 aegro-

144 1731 200 1770 ις),
223 1723 244 1755 si
256 1734 312 1764 pro
322 1734 397 1757 cura
414 1724 458 1757 sui
467 1728 607 1766 corporis
625 1735 763 1757 uteretur
771 1736 866 1766 opera
878 1724 1000 1756 Medici
1019 1726 1147 1764 imperi-

145 1775 172 1797 ti
182 1786 192 1801 ,
201 1767 234 1797 ὅ(
245 1767 381 1799 infidelis
390 1779 398 1805 ·‚
407 1770 440 1800 ὃ(
453 1770 486 1800 in
495 1771 666 1809 navigante
675 1789 685 1803 ,
711 1768 732 1800 si
744 1772 834 1801 navis
845 1769 986 1811 regimen
997 1768 1147 1799 commit-

145 1818 225 1841 terer
235 1819 336 1842 nautae
346 1831 356 1846 ‚
377 1814 433 1852 qui
448 1821 484 1843 ex
496 1813 655 1852 imperitia
673 1814 716 1844 rei
733 1814 867 1844 nautica*
876 1832 886 1846 ,
908 1812 956 1842 vel
979 1812 1053 1842 dolo
1062 1810 1148 1842 malo

145 1851 254 1885 solitus
262 1854 333 1886 effer
343 1854 406 1886 falli
417 1875 427 1890 ,
449 1856 482 1887 &
492 1856 570 1887 alios
581 1854 684 1887 fallere
693 1876 702 1890 ‚
716 1857 750 1888 ὃ(
760 1858 950 1896 quandoque
962 1855 1147 1886 mentiendo

144 1898 332 1938 navigantes
344 1898 377 1930 in
387 1900 553 1930 interitum
564 1900 739 1939 perducere:
750 1898 834 1940 Ergo
843 1900 943 1930 multo
955 1900 1055 1938 magis
1067 1897 1147 1938 judi-

145 1942 267 1972 candus
276 1941 317 1973 est
333 1943 514 1983 imprudens
523 1940 741 1977 Christianus,
762 1945 816 1983 qui
833 1941 1091 1983 prodiretstione,
1113 1941 1146 1972 &

144 1983 253 2023 regula
262 1984 460 2016 conscientia:
477 1984 534 2016 sua:
545 1987 644 2018 utitur
666 1988 771 2017 medio
780 1985 942 2026 opinionis
961 1983 1145 2025 probabilis,

144 2034 242 2071 quam
249 2028 377 2059 mentiri
387 2049 396 2062 ,
405 2030 439 2060 ὅ(
451 2027 555 2060 fallere
566 2028 640 2069 saepe
649 2031 809 2069 contingit
820 2049 829 2063 ,
840 2031 872 2060 ὃς
884 2028 948 2059 falli
958 2048 967 2061 ,
990 2037 1023 2058 ut
1033 2027 1146 2067 legitur

145 2070 181 2099 in
191 2072 296 2110 iaepius
307 2071 440 2112 allegato
449 2080 513 2111 cap.
526 2073 562 2102 A
569 2071 654 2103 nobis
664 2074 689 2103 il
702 2071 767 2102 2.de
770 2071 852 2111 sent.
864 2081 1011 2102 excomm.
1025 2068 1062 2101 (ἅ
1072 2072 1104 2100 in
1116 2074 1145 2101 6.

145 2110 252 2144 Ethic.
262 2113 292 2144 d.
303 2123 328 2146 c.
341 2123 367 2154 3.
376 2117 409 2145 in
417 2116 515 2154 princ.
525 2115 599 2146 cum
609 2117 717 2146 anima
726 2125 781 2147 cor
804 2117 867 2146 oris
875 2135 886 2150 ,
895 2124 931 2145 ac
942 2114 1031 2144 rebus
1041 2114 1146 2144 omni-

147 2156 202 2186 bus
212 2155 248 2187 sit
265 2159 493 2196 praeponenda,
514 2168 539 2190 c.
548 2157 662 2190 Sedulo
674 2161 720 2198 38.
739 2156 773 2189 di
802 2156 858 2190 ,ά
873 2157 1086 2191 LSanct'mus,
1107 2158 1144 2188 C.

146 2198 184 2229 de
192 2199 313 2238 Sacros
325 2199 442 2241 Eccleſs

78 2249 116 2281 75
184 2240 342 2273 Decimo.
366 2242 411 2273 Ex
423 2242 576 2275 sementia
584 2253 693 2276 eorum
704 2265 713 2279 ,
730 2242 968 2285 quidefendunt
982 2243 1145 2284 probabili-

145 2293 226 2317 tates
237 2304 248 2320 ‚
268 2286 444 2317 authoritas
462 2288 555 2318 unius
573 2288 676 2328 gravis
702 2287 851 2319 Dec‘koris
864 2287 938 2319 facit
957 2289 1144 2327 opinionem

146 2328 339 2369 probabilem
348 2349 358 2364 ,
368 2330 532 2370 l.Septimo
541 2331 639 2373 mense
647 2329 698 2373 ,ff.
708 2330 824 2372 destiit.
834 2330 946 2362 homin.
959 2341 991 2362 ut
1002 2332 1068 2362 dict
1078 2340 1145 2361 nus

145 2371 226 2403 infra
236 2384 269 2403 m
277 2383 307 2413 4.
318 2371 410 2414 quest.
419 2375 518 2414 princ.
528 2376 561 2406 ὃ(
574 2385 679 2406 tamen
689 2384 762 2407 text.
772 2378 805 2405 in
815 2373 900 2417 l.fin.
911 2377 948 2406 C.
959 2373 997 2406 de
1006 2373 1146 2411 infin&

76 2418 118 2453 76
132 2413 290 2463 fhbstifut.
299 2418 488 2457 opinionem
495 2418 750 2459 graviffimiJuris
759 2418 894 2450 consulti
911 2417 1076 2458 Papiniani
1088 2419 1140 2448 du.

147 2460 335 2490 bitationem
346 2461 493 2500 appellat.
506 2461 709 2503 Ergoopinio
719 2471 889 2502 utcumque
903 2461 1069 2502 probabilis
1079 2470 1143 2491 cer-

145 2503 318 2533 titudinem
329 2505 496 2536 nonhabet
517 2517 524 2535 ι
541 2506 683 2546 alioquin
694 2515 796 2537 textus
813 2507 862 2536 ille
873 2503 1142 2545 incongruedubi-

145 2546 303 2577 tationem
312 2547 478 2587 appellaret
494 2550 679 2589 opinionem
689 2559 769 2580 tanti
789 2549 868 2590 Jutis
878 2549 1030 2582 conlulti,
1055 2548 1144 2588 cujus

78 2595 122 2627 77
142 2597 262 2630 quanta
283 2588 355 2620 effer
376 2590 550 2622 authoritas
567 2611 577 2625 ,
609 2602 692 2633 patet
714 2603 750 2624 ex
772 2591 879 2624 edieto
900 2590 1071 2623 Theodosii
1094 2601 1143 2622 in-

145 2632 242 2664 ferius
252 2633 350 2664 relato
357 2636 462 2665 n-280.
473 2632 512 2665 Et
523 2635 567 2665 ita
578 2635 664 2666 illum
674 2645 796 2667 textum
804 2656 814 2670 ‚
827 2637 864 2667 ad
874 2635 1101 2667 ostendendum
1110 2636 1143 2664 in

144 2677 298 2721 opinio-ne
307 2677 458 2717 probabili
469 2687 533 2708 non
541 2677 637 2709 adeffe
645 2681 870 2711 certitudinem
878 2699 888 2713 ,
899 2680 1048 2719 ponderat
1060 2677 1141 2708 Bald.

145 2720 180 2750 in
187 2719 210 2750 l.
220 2720 301 2751 Cum
309 2722 342 2751 in
352 2718 573 2759 antiquioribus
587 2723 620 2751 in
632 2730 656 2759 3.
668 2730 694 2759 q.
707 2733 735 2752 n.
746 2726 775 2753 6.
783 2725 821 2754 C.
832 2721 870 2754 de
888 2721 946 2760 jur.
956 2719 1080 2753 deliber.
1095 2721 1142 2752 Ad

145 2762 232 2793 idem
243 2772 316 2794 text.
325 2766 358 2794 in
367 2765 623 2796 c.Fraternitatis
633 2762 786 2807 defrigid.
798 2764 835 2797 <5-
845 2763 952 2806 malef.
965 2767 1015 2796 ubi
1026 2767 1142 2795 articu-

148 2806 195 2837 lus
217 2807 333 2838 dicitut
349 2807 529 2839 dubitabilis
552 2817 617 2840 non
632 2807 771 2839 obstante
792 2809 944 2848 opinione
962 2809 1113 2848 probabili
1130 2827 1140 2842 ,

147 2851 351 2890 ponderando
358 2860 430 2882 eum
440 2871 450 2885 ‚
473 2860 506 2882 ut
517 2850 710 2882 dicaminfra
719 2850 753 2882 in
773 2849 901 2892 2.quaest.
908 2852 1077 2892 principali
1092 2862 1141 2883 nu.

150 2901 199 2933 14.
209 2892 290 2934 vers
301 2892 453 2926 Probatur
465 2896 567 2933 quinto
575 2916 583 2923 .

190 2935 378 2969 Undecimo
387 2959 395 2967 .
417 2936 534 2969 Omnis
544 2939 655 2979 opinio
666 2937 831 2979 probabilis
842 2936 1010 2969 secundum
1019 2937 1143 2970 Antho—

146 2987 194 3011 res
202 2983 366 3012 contrariae
375 2980 534 3012 sententiae
542 2982 582 3012 est
592 2982 738 3023 eligibilis
747 2993 754 3012 ε
764 2982 823 3013 Sed
832 2983 938 3012 omnis
946 2982 1057 3021 opinio
1065 2991 1143 3012 con-

146 3024 282 3055 troversa
292 3024 332 3056 est
344 3024 511 3064 probabilis
531 3035 538 3055 ε
557 3023 640 3065 Ergo
649 3024 755 3056 omnis
764 3024 879 3066 opinio
893 3024 1093 3056 controversa
1102 3023 1143 3055 est

147 3065 295 3105 eligibiiis
306 3089 313 3097 .
326 3066 436 3099 Minor
444 3068 484 3098 est
493 3069 668 3100 eorundem
676 3067 923 3100 adversariorum
933 3088 944 3102 ‚
952 3067 1027 3109 quia
1036 3069 1143 3099 omnis

145 3110 258 3149 opinio
265 3110 465 3143 controversa
474 3111 565 3143 habet
575 3111 696 3152 aliquos
719 3110 875 3143 nociores
886 3121 942 3152 pro
953 3110 980 3142 se
990 3132 997 3140 .
1020 3109 1143 3142 Docto-

147 3161 196 3182 res
203 3161 309 3198 autem
319 3163 384 3186 non
402 3155 499 3186 modo
510 3155 609 3196 plures
619 3175 629 3188 ,
652 3153 700 3186 sed
710 3154 809 3186 etiam
819 3163 899 3186 unus
910 3152 1079 3186 secundum
1089 3163 1142 3185 eos

147 3193 225 3226 facit
235 3197 419 3236 opinionem
430 3198 668 3239 probabilem‚ut
678 3197 799 3229 dietum
808 3197 847 3228 est
857 3197 890 3228 in
902 3198 1086 3238 ptaecedenti
1094 3206 1143 3228 ar-

148 3247 318 3286 gumento,
332 3242 365 3271 &
381 3240 605 3282 consequenter
623 3241 643 3272 si
656 3242 728 3273 licet
738 3239 823 3282 sequi
832 3249 1064 3281 quamcumque
1073 3241 1142 3281 opi-

145 3291 280 3313 nionem
288 3284 568 3322 probabilem,licet
577 3286 673 3316 etiam
683 3283 767 3325 sequi
775 3293 1006 3325 quamcumque
1016 3285 1142 3324 opinio-

145 3334 221 3356 nem
240 3326 471 3358 controversam
493 3339 500 3359 :
522 3328 565 3360 At
581 3327 827 3360 absurdissimum
844 3326 884 3357 est
900 3324 1097 3358 Christianos
1107 3326 1143 3357 'in

146 3369 328 3403 moralibus,
339 3370 373 3399 in
381 3371 494 3409 quibus
503 3373 636 3403 vertitur
647 3370 752 3403 salutis
763 3370 946 3412 periculum,
956 3369 1035 3410 posse
1046 3369 1141 3410 elige-

144 3421 178 3441 re
188 3421 419 3453 quamcumque
428 3414 613 3453 opinionem
623 3434 633 3449 ,
644 3416 681 3446 de
691 3424 753 3455 qua
763 3416 844 3445 inter
853 3411 1009 3445 Dostores
1021 3412 1056 3444 sit
1063 3423 1141 3444 con-

146 3454 296 3486 troversia
306 3466 314 3491 3
330 3454 403 3487 cum
414 3454 577 3496 praesertim
586 3467 622 3487 ex
633 3457 838 3498 opinioniius
846 3455 1052 3488 controversis
1063 3455 1140 3488 sem-

147 3507 199 3537 per
208 3498 304 3529 altera
314 3500 348 3531 sit
358 3497 429 3530 salsa
439 3519 448 3533 ,
472 3508 505 3529 ut
516 3500 585 3537 in4.
598 3498 740 3539 Metaph.
750 3511 774 3532 c.
790 3509 814 3531 i.
826 3498 864 3532 ῥ’
874 3503 903 3533 6.

234 3543 371 3581 Fagmn.
386 3543 419 3573 in
428 3543 453 3574 l.
466 3539 534 3574 Lib.
547 3543 704 3574 Decrctm'.

2040 97 2109 152 37

1229 162 1431 195 Duodeciiuo
1441 186 1449 194 .
1471 175 1508 195 ut
1532 161 1644 196 foi-titis
1653 182 1663 198 ‚
1685 161 1707 194 si
1729 161 1836 195 liceret
1846 161 1930 204 sequi
1950 172 2185 205 quamcumque
2207 166 2247 202 78

1185 207 1370 246 opinionem
1381 208 1570 247 probabilem
1578 228 1588 243 ,
1598 206 1704 239 liceret
1715 205 1798 247 sequi
1807 205 1943 238 absolute
1951 216 2182 247 quamcumque

1185 250 1389 289 opinionem,
1411 252 1485 291 quia
1492 251 1667 292 opinabile,
1688 252 1720 283 &
1732 250 1889 291 probabile
1913 260 1968 290 pro
1977 251 2088 280 eodem
2099 252 2183 281 acci-

1186 294 1334 333 piuntur,
1356 303 1413 324 nec
1424 294 1520 334 potest
1529 295 1585 325 effe
1594 293 1706 334 opinio
1717 292 1858 334 proprie,
1881 293 1938 324 nisi
1950 292 1986 324 sit
1997 292 2162 333 probabilis
2174 315 2181 322 .

1186 334 1287 377 Qiod
1298 335 1338 367 fic
1348 336 1478 368 ostendo
1486 358 1494 366 .
1503 336 1621 368 Omnis
1630 339 1742 377 opinio
1749 336 1789 368 est
1799 335 1930 368 assensus
1940 335 2118 367 intellectus
2130 347 2184 376 pro

1185 388 1248 410 una
1258 389 1344 420 parte
1354 379 1617 411 contradio'iionis
1628 390 1702 412 cum
1710 379 1882 412 formidine
1895 380 2021 412 alterIus
2031 399 2040 414 ,
2051 388 2085 410 ut
2095 389 2183 411 coni-

1185 423 1324 454 muniter
1333 422 1493 454 diffiniunt
1501 421 1697 463 Philosophi.
1721 423 1798 455 Non
1814 423 1910 465 potest
1919 433 2024 455 autem
2046 422 2116 463 quis
2126 424 2182 453 uni

1185 474 1327 497 extremo
1335 467 1471 498 assentiri
1480 487 1490 501 ,
1512 466 1569 497 nisi
1578 476 1614 497 ex
1626 467 1833 506 probabilibus
1843 467 2018 498 rationibus
2028 486 2038 501 ,
2049 467 2123 507 quia
2133 466 2183 496 in-

1185 507 1326 540 telle&us
1337 519 1483 541 movetur
1489 510 1527 541 ab
1536 509 1661 548 objecto
1670 529 1680 543 ‚
1690 519 1748 541 nec
1758 511 1799 542 est
1809 509 1838 542 ei
1849 511 1980 542 liberum
1990 511 2127 551 opinari,
2138 508 2181 539 se-

1186 551 1327 583 cundum
1335 551 1532 584 Aristotelem
1540 554 1574 583 in
1594 563 1621 583 2.
1632 550 1670 583 de
1679 553 1800 584 Anima
1810 562 1890 584 text.
1903 563 1913 585 1
1924 561 1937 592 5
1944 563 1969 594 3.
1980 555 2013 586 &
2029 551 2121 585 latius
2131 562 2184 584 ex<

1186 594 1354 635 plicabitur
1361 594 1443 627 infra
1450 598 1483 626 in
1493 606 1520 626 2.
1530 605 1575 633 qu.
1586 606 1616 626 n.
1629 605 1697 632 129.
1707 595 1805 627 Unde
1816 597 1847 627 δε
1859 596 1942 629 Bald.
1952 599 1986 628 in
1994 596 2048 628 d.l.
2059 593 2139 628 Cum
2149 597 2183 626 in

1185 635 1407 676 antiquioribus
1415 640 1449 670 in
1460 648 1486 680 3.
1498 636 1590 680 quest.
1602 650 1631 669 n.
1641 643 1669 670 6.
1681 641 1717 670 C.
1728 638 1765 670 de
1774 638 1960 677 jur-deliber.
1971 641 2049 672 dicit
2057 641 2182 681 opinio<

1187 691 1259 712 nem
1277 681 1333 713 esse
1342 702 1352 717 ‚
1367 683 1496 723 quando
1516 682 1587 723 quis
1597 692 1634 713 ex
1656 682 1865 722 probabilibus
1873 682 2063 723 conjetsturis
2082 684 2181 714 credit

1186 726 1236 760 id,
1257 727 1340 766 quod
1350 725 1391 757 est
1400 736 1530 761 verum,
1553 723 1870 757 licetcertitudinatie
1893 736 1957 757 non
1969 728 2107 758 noverit.
2131 725 2182 756 De

1186 776 1298 800 natura
1309 772 1405 811 igitur
1415 769 1577 810 opinionis
1587 769 1627 800 est
1637 789 1647 803 ‚
1670 778 1703 800 ut
1725 768 1837 801 habeat
1849 779 1903 810 pro
1925 769 1952 799 se
1962 769 2100 800 rationes
2112 779 2181 800 mo-

1186 821 1295 843 ventes
1306 812 1501 845 intellecstum
1512 815 1550 844 ad
1567 813 1793 845 assentiendum
1801 833 1811 847 ‚
1830 813 1862 844 δε
1872 811 2095 852 consequenter
2112 812 2133 842 si
2143 811 2181 843 li-

1186 864 1235 885 cet
1247 854 1329 897 sequi
1339 866 1571 897 quamcumque
1580 858 1766 897 opinionem
1776 856 1967 897 probabilem
1978 875 1987 889 ‚
2002 855 2074 887 licet
2083 857 2182 886 etiam

1186 898 1270 939 sequi
1280 898 1417 932 absolute
1425 910 1657 941 quamcumque
1664 898 1956 940 opinionem.Qiid
1967 908 2071 930 autem
2080 898 2183 930 absur—

1186 942 1268 989 dius,
1275 943 1370 984 quam
1381 946 1462 975 inter
1471 942 1657 975 Catholicos
1668 943 1795 974 liberam
1805 942 1862 974 effe
1869 953 1930 983 qua
1937 951 2104 982 meumque
2113 943 2182 982 opi-

1186 994 1316 1018 nionem
1328 986 1412 1028 sequi
1424 997 1479 1028 pro
1495 988 1585 1019 libito
1595 987 1785 1018 voluntatis?
1800 986 1881 1017 ›effet
1891 987 1977 1017 enim
1987 985 2071 1026 quasi
2090 995 2182 1015 reno-

1185 1037 1258 1059 vare
1267 1040 1406 1062 errorem
1414 1029 1589 1071 Proragorae
1600 1050 1609 1065 ‚
1627 1029 1682 1071 qui
1692 1031 1816 1062 dicebat
1826 1031 1978 1071 opinione
1987 1030 2098 1060 omnia
2108 1038 2185 1059 con-

1186 1070 1261 1103 stare
1272 1084 1383 1114 3quem
1393 1084 1531 1106 errorem
1539 1072 1684 1105 confutat
1694 1072 1873 1105 Aristoteles
1883 1072 1917 1104 in
1929 1084 1958 1113 4.
1967 1069 2111 1111 Metaph.
2120 1082 2144 1103 c.
2156 1080 2182 1111 3.

1229 1115 1464 1148 Decimotertio
1474 1138 1481 1146 .
1506 1116 1656 1147 Probatur
1667 1116 1731 1148 haec
1743 1117 1893 1148 sententia
1903 1117 1941 1148 ab
1952 1117 2021 1147 aliis
2045 1115 2183 1155 pluribus

1185 1157 1323 1190 absurdis
1334 1180 1343 1194 ,
1364 1161 1396 1191 &
1408 1160 1727 1193 inconvenientibus,
1747 1170 1815 1200 quae
1831 1169 1867 1190 ex
1879 1158 2024 1191 docirina
2034 1160 2072 1189 de
2088 1158 2183 1189 libera

1186 1201 1341 1234 electione
1359 1204 1521 1244 opinionis
1532 1202 1700 1243 probabilis
1719 1201 1950 1243 consequuntur
1961 1205 1994 1233 in
2011 1203 2184 1233 detrimen-

1186 1256 1255 1278 tum
1265 1245 1533 1279 conscientiarum
1543 1266 1553 1281 ,
1577 1255 1612 1277 ut
1629 1244 1740 1277 diffuse
1750 1246 1866 1287 patebit
1888 1244 1968 1277 infra
1989 1247 2022 1277 in
2034 1254 2061 1287 3.
2070 1254 2097 1284 q.
2105 1243 2126 1277 ά
2134 1255 2183 1276 nu.

1188 1299 1258 1331 293.
1269 1289 1355 1331 usque
1374 1288 1415 1321 ad
1430 1301 1460 1321 n.
1473 1299 1542 1330 340.

1230 1332 1500 1374 Decimoquarto.
1525 1332 1674 1364 Probatur
1687 1342 1724 1364 ex
1736 1332 1915 1364 Alexandro
1929 1332 1967 1363 de
1977 1331 2048 1363 Ales
2057 1333 2090 1363 in
2100 1333 2185 1363 Sum.
2206 1337 2248 1367 79

1186 1385 1266 1416 part.
1282 1386 1343 1415 1.q.
1359 1383 1404 1408 16.
1415 1375 1558 1420 defalsit.
1568 1373 1693 1409 membr.
1708 1387 1734 1407 2.
1746 1373 1918 1415 inresponſs
1927 1372 1969 1406 ad
1991 1372 2083 1416 quest.
2093 1375 2187 1406 colla-

1186 1420 1314 1452 teralem
1324 1440 1333 1454 ,
1355 1421 1408 1451 ubi
1420 1420 1460 1452 sic
1469 1419 1678 1451 ratiocinatur
1694 1431 1701 1450 ι
1717 1418 1776 1451 Ad
1776 1417 1944 1461 secundum
1954 1416 1995 1459 est
2005 1417 2163 1450 dicendum
2174 1437 2185 1452 ‚

1187 1463 1262 1502 quod
1270 1462 1312 1504 est
1322 1464 1411 1494 intell
1417 1464 1495 1495 eiius
1503 1463 1599 1495 refius
1610 1483 1619 1497 ‚
1641 1462 1679 1495 Θ
1687 1474 1745 1494 non
1755 1463 1852 1494 rebius
1864 1474 1873 1492 .·
1884 1461 1980 1493 rebius
1989 1459 2032 1503 est
2040 1481 2051 1495 ,
2067 1460 2135 1493 ciam
2145 1459 2187 1502 est

1186 1511 1228 1538 ad
1249 1505 1324 1544 quod
1333 1516 1422 1537 natus
1443 1505 1484 1547 est
1493 1527 1503 1541 ,
1518 1506 1579 1547 scil
1581 1508 1592 1537 i
1595 1515 1640 1537 cet
1650 1504 1692 1537 ad
1701 1505 1931 1547 cognoscendam
1941 1515 2004 1536 rem
2019 1502 2187 1544 secundum

1188 1548 1264 1588 quod
1274 1548 1315 1591 cst
1326 1573 1332 1579 .
1342 1548 1429 1583 Unde
1439 1553 1450 1581 i
1454 1551 1609 1582 mellestus
1618 1549 1732 1581 dicitur
1740 1548 1777 1582 ab
1787 1553 1870 1580 intus
1880 1546 2024 1586 loquendo
2034 1568 2044 1582 ,
2061 1549 2129 1585 quia
2137 1549 2186 1578 in—

1187 1602 1301 1628 tuetur,
1307 1593 1434 1635 prouise
1442 1592 1530 1626 habet
1542 1596 1660 1625 veritas
1669 1591 1818 1629 interiim
1830 1591 1867 1625 05*
1876 1591 1927 1624 hoc
1936 1589 2022 1624 modo
2031 1589 2110 1623 nihil
2118 1601 2187 1623 con*

1188 1638 1355 1677 templatur
1364 1641 1376 1668 i
1379 1638 1549 1671 melleeius,
1562 1637 1637 1675 quod
1644 1649 1701 1669 non
1704 1637 1751 1679 fit
1761 1647 1877 1669 verum.
1892 1635 2063 1668 intelleffius
2071 1645 2129 1666 non
2137 1644 2185 1666 re-

1187 1681 1249 1713 t‘lus
1259 1678 1302 1722 est
1312 1702 1322 1716 ‚
1332 1679 1399 1713 ciam
1410 1680 1521 1713 incidit
1532 1683 1564 1711 in
1574 1678 1651 1719 quod
1660 1690 1749 1712 natus
1758 1692 1816 1711 non
1825 1679 1866 1720 est
1879 1691 1889 1715 ,·
1906 1691 1965 1711 non
1973 1677 2015 1720 est
2023 1687 2123 1709 autem
2132 1688 2187 1709 na-

1188 1734 1252 1759 tus,
1271 1734 1304 1756 ut
1313 1724 1426 1763 judicet
1434 1732 1486 1764 per
1496 1727 1566 1756 veri
1575 1727 1786 1764 apparentiam
1799 1747 1805 1753 .
1830 1723 1904 1755 Haec
1917 1723 1966 1755 ille
1977 1745 1985 1752 .
1996 1721 2054 1753 Sed
2066 1721 2187 1752 intelle-

1188 1767 1258 1800 &us
1266 1789 1275 1803 ,
1297 1770 1352 1809 qui
1364 1769 1480 1807 judicat
1499 1767 1669 1798 secundum
1678 1768 1865 1807 opinionem
1887 1765 2077 1807 probabilem
2088 1785 2096 1797 ‚
2121 1773 2185 1796 non

1188 1814 1329 1843 intuetur
1340 1813 1664 1845 veritatemintetitis,
1689 1821 1744 1842 iiec
1756 1810 1918 1851 cognoscit
1930 1819 1996 1840 rein
2016 1807 2186 1840 secundum

1188 1858 1271 1897 quod
1282 1855 1321 1886 cst
1331 1875 1341 1890 ‚
1365 1854 1412 1886 sed
1424 1853 1593 1885 secundum
1605 1856 1668 1884 veri
1679 1853 1893 1894 apparentiam
1905 1874 1913 1886 -,
1937 1862 2008 1883 cum
2019 1850 2185 1892 probabili-

1188 1909 1235 1931 tas
1247 1897 1461 1931 indifferenter
1472 1897 1498 1928 se
1510 1897 1619 1928 habeat
1632 1899 1668 1927 ad
1680 1907 1788 1928 verum
1797 1917 1806 1931 ,
1829 1901 1860 1927 &c
1875 1896 1984 1926 salium
1993 1915 2003 1929 ,
2014 1905 2047 1925 ut
2057 1904 2139 1934 patet
2151 1895 2185 1925 in

1188 1947 1218 1974 6.
1233 1941 1334 1974 Ethic.
1346 1950 1410 1981 cap.
1427 1951 1450 1981 3.
1463 1939 1500 1972 Θ
1511 1943 1543 1971 in
1560 1959 1580 1971 ..
1595 1939 1781 1981 Ροβεν.,.ιμ.
1797 1945 1842 1970 26.
1857 1939 1937 1979 Ergo
1954 1936 2129 1969 intellecltus
2141 1936 2187 1976 ju-

1188 1988 1297 2018 dicans
1309 1985 1480 2017 secundum
1490 1986 1676 2025 opinionem
1688 1984 1877 2025 probabiiciu
1887 1983 1927 2013 est
1939 1991 2004 2013 non
2015 1980 2115 2012 rectus
2126 2000 2136 2015 ,
2153 1981 2187 2012 &

1189 2040 1254 2061 non
1268 2028 1350 2060 recte
1363 2029 1480 2069 judicat
1492 2049 1500 2056 .

1233 2070 1487 2112 Decimoqiiinto
1498 2093 1505 2100 .
1529 2069 1680 2102 Probatur
1691 2081 1727 2102 ex
1739 2069 1779 2101 D.
1788 2069 1917 2102 Thoma
1928 2071 1959 2099 in
1974 2079 2031 2099 2-2.
2043 2065 2154 2107 quaestff
2163 2076 2187 2098 r.
2210 2068 2251 2097 80

1187 2126 1249 2147 art.
1261 2126 1288 2147 2.
1300 2115 1341 2146 ad
1353 2126 1378 2145 2.
1392 2116 1443 2145 ubi
1455 2115 1492 2145 ad
1503 2116 1633 2145 modum
1644 2113 1762 2146 Alensis
1773 2113 1915 2153 Magistri
1928 2111 1971 2142 sui
1984 2114 2189 2142 ratiocinatur

1187 2161 1312 2190 dicens:
1328 2158 1447 2189 Refium
1460 2156 1603 2192 iudicium
1614 2160 1648 2188 in
1657 2156 1708 2189 hoc
1719 2153 1854 2198 consistit
1865 2177 1874 2190 ,
1894 2154 1969 2193 quod
1984 2157 2030 2186 vis
2042 2153 2190 2193 cognosci-

1188 2204 1258 2233 tivi
1267 2199 1467 2241 apprehendit
1478 2212 1541 2232 rem
1552 2201 1687 2238 aliquam
1697 2221 1706 2235 ‚
1725 2209 1815 2240 prout
1823 2199 1895 2241 inse
1904 2198 1944 2239 est
1957 2210 1967 2233 ,-
1989 2199 2063 2236 qnod
2072 2197 2189 2235 quidem

1187 2254 1331 2285 provenit
1343 2255 1382 2275 ex
1393 2246 1454 2276 res}
1466 2257 1474 2274 ι
1486 2245 1679 2286 dispositione
1691 2246 1821 2275 virtutis
1830 2242 2005 2284 apprehensi
2011 2253 2049 2272 vae
2053 2252 2063 2276 ,·
2061 2242 2142 2284 sicut
2151 2242 2186 2271 in

1180 2289 1302 2330 speculo
1313 2287 1459 2332 ,fifuerit
1469 2286 1540 2320 bene
1548 2286 1724 2330 dispo-fitur»
1735 2308 1744 2322 ,
1754 2284 2078 2328 imprimuntnrformae
2086 2291 2188 2322 corpo-

1187 2344 1255 2364 rum
1266 2332 1426 2372 fecundun·
1437 2332 1587 2370 quodsum
1598 2342 1609 2367 ,·
1615 2332 1646 2374 fi
1655 2333 1729 2363 vero
1733 2331 1886 2372 speculum
1890 2328 1992 2372 fucrit
2002 2326 2080 2358 male'
2087 2325 2186 2366 dispo-

1181 2377 1277 2419 fitum
1287 2397 1297 2411 ‚
1318 2384 1468 2416 apparent
1478 2373 1522 2407 ibi
1541 2377 1690 2414 imagines
1700 2373 1831 2416 distorte
1841 2394 1850 2408 ‚
1873 2373 1910 2406 ΕΤ
1919 2370 2000 2403 male
2017 2369 2163 2412 dispofitae
2173 2391 2182 2399 .

1188 2420 1264 2452 i-iaec
1275 2420 1303 2451 S.
1319 2419 1481 2451 Thomas.
1504 2418 1562 2450 Sed
1572 2419 1748 2460 judicium,
1769 2419 1852 2458 quod
1873 2414 2020 2446 innititur
2035 2413 2183 2453 opinioni

1188 2464 1338 2504 probabili
1349 2473 1385 2494 ex
1397 2465 1428 2493 vi
1440 2461 1657 2502 cognoscitiva
1668 2481 1677 2494 ‚
1702 2471 1765 2491 non
1775 2458 1977 2499 apprehendit
1988 2466 2073 2501 rem,
2092 2464 2183 2495 prout

1188 2510 1220 2538 in
1233 2506 1259 2537 se
1269 2506 1310 2538 est
1321 2527 1330 2540 ,
1354 2516 1411 2537 nec
1424 2505 1478 2535 sub
1485 2505 1609 2535 ratione
1619 2505 1702 2535 veri,
1713 2502 1785 2533 cum
1798 2511 1844 2531 res
1856 2499 1943 2541 potiit
1952 2500 2039 2530 aliter
2052 2502 2078 2529 le
2091 2499 2183 2530 babe-

1187 2561 1218 2582 re
1228 2571 1237 2584 ‚
1260 2560 1291 2581 ut
1305 2549 1339 2580 in
1362 2558 1385 2579 1.
1397 2546 1512 2587 Poster-
1523 2546 1552 2577 d.
1564 2557 1587 2577 c.
1599 2550 1647 2576 26.
1659 2547 1691 2577 &
1715 2544 1800 2584 supra
1818 2543 1958 2584 proxime
1981 2541 2102 2572 dietum
2120 2540 2161 2572 est
2171 2563 2179 2571 .

1188 2593 1270 2632 Ergo
1281 2591 1451 2631 judicium,
1472 2590 1713 2630 quodinnititur
1724 2587 1951 2628 probabilitati,
1974 2595 2009 2615 ex
2020 2594 2126 2616 mente
2136 2583 2179 2615 D.

1186 2636 1320 2667 Thomae
1342 2633 1465 2665 redium
1474 2642 1539 2664 non
1560 2633 1601 2663 est
1612 2652 1622 2666 ,
1644 2631 1693 2663 sed
1717 2631 1820 2672 potius
1840 2630 2003 2660 distortum
2012 2648 2021 2662 ‚
2042 2629 2076 2660 &
2099 2627 2180 2659 male

1185 2679 1367 2719 dispositum
1378 2699 1386 2706 .

1230 2720 1453 2753 Decimosexto
1464 2742 1471 2749 .
1491 2718 1639 2750 Probatur
1647 2728 1683 2750 ex
1693 2717 1843 2749 simssibus
1853 2717 1952 2747 verbis
1963 2714 2005 2746 D.
2016 2714 2180 2746 Bonaven-
2202 2716 2220 2746 8
2228 2723 2239 2745 i

1186 2776 1261 2798 turae
1271 2767 1303 2796 in
1317 2764 1428 2804 2.sent.
1439 2760 1541 2803 dist.7.
1551 2771 1612 2793 art.
1625 2771 1648 2801 3.
1661 2771 1686 2799 q.
1703 2771 1727 2792 i.
1738 2769 1868 2797 num.52.
1877 2758 1994 2800 quxsic
2006 2757 2033 2789 se
2045 2759 2177 2790 habent:

1186 2806 1361 2841 Dicendum
1369 2827 1379 2841 ,
1390 2805 1464 2844 quod
1475 2808 1609 2845 deceptio
1617 2826 1626 2839 ,
1638 2804 1674 2836 (ῥ’
1683 2814 1769 2835 error
1779 2807 1876 2833 oritur
1887 2813 1926 2833 ex
1935 2800 2178 2835 deordinatione,

1180 2852 1212 2897 fi
1218 2864 1252 2884 ve
1259 2852 1436 2883 deviatione
1445 2849 1552 2887 judicii
1556 2849 1584 2890 J
1587 2848 1717 2880 udicium
1726 2856 1825 2879 autem
1835 2844 1876 2887 est
1885 2843 1998 2885 duplex
2006 2847 2039 2876 in
2049 2842 2180 2882 quolibet

1185 2898 1383 2930 ratiocinato;
1394 2904 1484 2925 unum
1494 2891 1569 2931 quod
1580 2890 1620 2930 est
1629 2890 1903 2931 cognoscendorum,
1913 2887 1988 2927 qnod
1996 2885 2037 2929 est
2051 2884 2177 2929 verisub

1184 2942 1304 2971 ratione
1313 2940 1398 2973 vem
1409 2936 1496 2968 aliud
1505 2933 1775 2975 agenat-umqum
1783 2931 1824 2974 est
1833 2935 1900 2964 veri
1904 2929 1961 2972 sub
1970 2933 2089 2963 ratione
2096 2929 2175 2963 boni.

1185 2983 1262 3014 Haec
1271 2983 1330 3014 ibi.
1353 2981 1414 3012 Sed
1435 2980 1587 3020 judicium
1595 2980 1632 3009 de
1649 2976 1836 3009 recstitudine
1857 2975 2050 3016 operationis
2060 2995 2070 3009 ,
2090 2974 2175 3016 quod

1184 3026 1333 3058 fundatur
1349 3025 1384 3055 in
1392 3023 1544 3063 opinione
1555 3021 1721 3062 probabili,
1746 3030 1809 3052 non
1827 3018 1989 3060 cognoscit
2000 3027 2106 3049 verum
2122 3016 2173 3047 sub

1184 3070 1307 3100 ratione
1325 3068 1410 3101 veri,
1431 3068 1506 3107 quia
1515 3065 1626 3105 opinio
1648 3063 1742 3104 potest
1753 3063 1809 3095 esse
1831 3061 1921 3098 falsa3
1945 3072 2000 3094 nec
2010 3059 2173 3101 cognosci:

1183 3121 1294 3143 verum
1304 3110 1355 3142 sub
1363 3109 1484 3141 ratione
1495 3109 1588 3141 boni,
1609 3108 1682 3146 quia
1691 3106 1833 3147 operatio
1843 3125 1852 3140 ,
1869 3115 1938 3146 quae
1949 3106 2095 3136 innititur
2103 3104 2172 3143 opi-

1183 3156 1273 3186 nioni
1285 3152 1406 3185 fallibili
1417 3173 1427 3187 ‚
1451 3151 1544 3192 potest
1556 3151 1588 3180 in
1599 3148 1626 3179 se
1636 3149 1692 3180 effe
1704 3150 1784 3181 mala
1794 3171 1801 3179 .
1825 3148 1907 3190 Ergo
1918 3147 2068 3189 judicium
2078 3147 2116 3177 de
2125 3155 2173 3177 re-

1182 3198 1338 3229 ‹stitudine
1351 3194 1545 3236 operationis
1556 3213 1565 3226 ‚
1586 3194 1670 3233 quod
1694 3192 1841 3224 fundatur
1851 3195 1884 3224 in
1892 3193 2043 3232 opinione
2061 3189 2172 3229 proba-

1183 3241 1237 3273 bili
1247 3261 1259 3275 ,
1278 3239 1408 3271 deviata
1417 3236 1504 3269 tedio
1513 3255 1523 3270 ‚
1544 3237 1577 3268 &
1586 3245 1623 3266 ex
1633 3245 1738 3268 mente
1748 3235 1777 3268 S.
1788 3234 1939 3268 Dockoris
1955 3234 2176 3273 deceptionem

1181 3285 1215 3316 &
1227 3292 1364 3315 errorem
1374 3282 1495 3313 inducit
1505 3301 1512 3309 .

1225 3322 1494 3364 Decimoseptimo
1502 3344 1509 3352 .
1521 3321 1670 3355 Probatur
1678 3333 1715 3354 ex
1725 3322 1822 3355 Scoto
1830 3316 1959 3359 quodlib.
1975 3315 2081 3359 18.fi‹b
2090 3318 2176 3350 litte-
2196 3320 2234 3349 82

1181 3381 1218 3401 ra
1227 3371 1266 3401 E.
1277 3370 1328 3400 ubi
1337 3367 1381 3398 ait
1403 3377 1410 3397 ε
1427 3366 1510 3398 Atia
1525 3375 1620 3406 agunt
1629 3377 1669 3398 ex
1690 3367 1859 3404 cognitione
1876 3361 2091 3396 intellefiiva,
2113 3371 2170 3399 quae

1173 3413 1245 3455 sola
1262 3408 1386 3451 proprie
1395 3407 1438 3450 est
1459 3408 1633 3448 indicativa
1649 3409 1685 3440 de
1695 3409 1755 3440 tali
1770 3407 1985 3439 convenientia
1995 3427 2002 3435 .
2024 3406 2054 3436 E
2056 3414 2069 3436 t
2090 3405 2172 3435 talia

1180 3464 1256 3487 nata
1276 3452 1344 3492 fiant
1365 3450 1470 3485 habere
1487 3454 1622 3491 regulam
1643 3450 1840 3491 intrinsecam
1855 3446 2049 3480 reHitudinis
2069 3449 2102 3479 in
2114 3447 2171 3488 βω

1179 3499 1266 3533 astu>
1287 3494 1324 3530 ὅθ’
1340 3498 1373 3528 in
1385 3495 1464 3538 solis
1484 3495 1549 3537 istis
1569 3492 1662 3536 potest
1680 3493 1734 3535 effe
1749 3493 1831 3525 astus
1847 3490 1936 3566 ‘’3⁷²²‘'
1957 3489 2066 3524 habens
2087 3488 2171 3522 bom—

1935 3544 1949 3573 3
2080 3542 2129 3563 ω-
