2397 3664
74 275 118 308 24

79 748 118 781 ²5

71 3295 108 3324 26

599 51 685 106 De
713 51 891 121 iisquae
907 50 955 106 vi
967 52 1231 107 mencaus·
1245 69 1288 107 c.
1307 52 1584 113 Persarum.

177 137 317 187 Ideoque
327 141 518 183 ubicumque
527 143 709 184 prohibetur
720 144 866 184 proseslio
875 144 1008 184 expressa
1017 142 1134 174 censeri

139 180 330 221 prohibitam
339 184 436 216 etiam
446 185 578 218 tacitam
589 186 652 226 post
665 187 802 219 Mariam.
813 187 921 219 Socin.
934 196 1028 228 quem
1039 186 1131 221 citat,

138 226 236 257 tradit
250 225 359 267 Philip.
371 226 460 260 Proh.
471 231 503 259 i'n
513 231 543 260 d.
555 240 579 260 c.
597 239 621 260 ι.
632 240 660 259 η.
674 240 703 269 4.

179 268 343 316 Qiinimo
354 270 373 302 li
385 271 490 313 aliqua
500 270 876 305 difien-entmconfiderari
888 273 1001 314 posset,
1022 273 1077 304 illa
1089 271 1131 303 es·

143 309 185 357 set
198 333 207 347 ‚
227 322 302 353 quia
321 313 467 354 profcffio
481 316 615 355 expressa
635 315 805 356 aliquando
823 315 865 348 est
886 316 1016 357 majoris
1033 315 1129 347 virtu-

142 362 184 384 tis
193 376 204 389 ‚
225 356 319 396 quam
331 356 429 389 tacita
438 380 448 394 ,
460 367 493 389 ut
505 368 589 398 patet
601 369 637 390 ex
648 358 841 400 diffisfiiprae
849 369 946 391 mmm
958 359 1104 399 3.·vers‚V1
1117 376 1129 380 -

137 393 175 427 de
183 397 402 438 prosoluti'one,
422 399 460 433 &¹
469 411 548 432 num.
564 411 610 440 ¹4·
622 403 653 433 ὃς
665 403 813 443 probatur
821 414 853 433 in
862 411 928 442 cap.
939 400 1131 442 Constitutio-

138 449 205 487 ηενρ
215 463 225 477 ,
245 443 280 473 de
289 452 348 481 reg.
361 445 393 474 i'n
404 448 432 475 6.
455 444 508 475 ubi
519 444 666 484 professio
676 446 809 485 expressa
820 444 902 477 infra
913 455 1030 476 annum
1043 445 1129 476 emis-

138 481 169 529 sa
180 493 213 533 [τι
225 483 449 525 Religionibus
461 498 524 518 non
535 487 790 520 Mendicantium
804 511 814 524 ‚
835 489 883 519 illi
895 488 1043 528 religioni
1056 497 1128 528 prae-

136 534 221 574 eise?
242 538 336 574 quam
355 530 425 569 quis
443 530 485 562 est
504 530 676 571 proffessus:
702 530 802 563 tacite
824 530 990 564 verofac’ta
999 542 1064 562 non
1082 531 1128 562 illi

137 567 332 617 specialiter,
344 573 434 614 cujus
444 574 568 607 liabitus
578 573 619 605 est
631 574 800 614 susceptus:
814 575 861 606 sed
874 574 1063 614 generaliter
1074 575 1131 605 ali-

136 620 190 643 cui
203 614 351 654 religioni
372 617 575 657 recipientem
585 617 717 658 obligat.
728 617 811 657 Ergo
822 617 842 649 si
853 617 1002 650 Clemens
1013 617 1065 648 still
1073 620 1129 648 ulit

135 654 355 702 professionem
367 660 554 700 expressam3
576 660 693 693 censeri
712 661 808 693 etiam
826 661 917 694 debet
929 660 1073 692 s‘tisiulizl'e
1085 671 1129 691 ta-

139 706 237 731 citam
250 722 259 735 ‚
280 704 363 742 quod
376 703 480 735 minus
491 703 532 735 est
545 727 552 736 .

182 741 220 774 Εῑ
231 746 390 785 propterea
398 744 471 778 ci'im
481 749 644 779 decretum
654 746 838 779 Tridentini
848 746 992 780 Concilii
1002 755 1066 787 cap.
1083 756 1092 777 i
1102 757 1128 787 5.

128 782 198 825 seffl
212 797 227 817 2
236 795 261 824 ς.
272 790 309 818 de
319 790 410 827 regul.
431 792 543 822 eodem
562 792 659 822 modo
679 790 856 823 indistincte
869 793 970 822 nullas
980 794 1128 821 decernat

135 828 339 869 professiones
358 832 453 864 factas
473 843 545 865 ante
570 839 617 866 16.
639 844 756 866 annum
776 835 968 875 completum
978 855 987 869 ‚
1008 835 1041 864 δε
1062 843 1128 864 non

135 871 260 912 peracto
282 885 366 906 anno
383 877 601 917 probationis,
622 876 881 919 S.Congregatio
899 876 1071 908 declaravit
1091 886 1128 907 eo

134 917 264 962 decreto
272 918 368 950 etiam
379 918 599 960 professionem
610 921 738 952 tacitam
763 920 1003 961 comprehendi.
1024 921 1069 950 Ac
1093 919 1128 950 si-

139 960 258 992 militer
276 960 382 994 sixtus
403 963 440 995 V.
460 962 536 994 cum
558 964 590 995 in
609 962 850 996 Constitutione
873 973 986 994 contra
999 962 1127 1001 illegiti-

138 1011 207 1048 iuos
216 1004 302 1037 edita
313 1006 396 1045 prius
409 1006 497 1037 flatui
505 1007 556 1037 sset
566 1029 576 1042 ‚
597 1016 631 1038 ut
641 1008 727 1038 nulla
737 1008 808 1039 esset
820 1005 965 1048 professio
975 1007 1078 1037 ciniisa
1091 1006 1128 1036 ab

134 1046 315 1092 'illegitiiitis
335 1060 370 1080 ex
392 1049 528 1086 incestu,
551 1051 599 1081 vel
621 1050 787 1091 sacrilegio
802 1073 811 1086 ‚
849 1059 975 1081 necnon
1002 1051 1038 1081 ab
1059 1051 1127 1080 aliis

131 1089 310 1130 illegitimis
321 1114 331 1128 ‚
354 1093 400 1124 vel
411 1093 590 1124 criminosis
601 1115 611 1129 ,
633 1103 686 1125 aut
706 1104 763 1125 aere
776 1094 881 1125 alieno
891 1093 1039 1124 obnoxiis
1050 1103 1126 1123 con-

134 1141 184 1165 tra
204 1132 338 1166 formam
358 1134 401 1166 ibi
422 1136 629 1177 praescriptam
652 1149 658 1167 :
680 1136 781 1177 possea
801 1137 834 1168 in
854 1136 916 1168 alia
927 1145 986 1167 con
993 1135 1126 1167 stitutio-

132 1185 174 1208 ne
191 1177 279 1209 edita
297 1177 383 1218 supet·
403 1179 506 1211 dubiis
527 1179 559 1211 in
579 1179 927 1220 prioriConstitutione
938 1178 1126 1219 emergenti-

134 1218 192 1251 bus
219 1222 279 1251 hoc
311 1221 408 1262 ipsuin
429 1222 533 1264 aperte
551 1223 724 1254 declaravit
745 1222 793 1254 liis
818 1222 917 1253 verbis
936 1244 945 1258 ,
977 1226 1023 1253 sed
1054 1232 1127 1255 cuin

123 1264 242 1294 -eadem
259 1264 342 1296 ratio
361 1265 467 1307 vigeat
488 1266 520 1297 in
540 1266 640 1297 tacita
658 1265 844 1306 professione
864 1266 1049 1301 emittenda,
1059 1275 1125 1306 quae

132 1305 252 1338 militat
275 1307 308 1339 in
327 1309 463 1349 expressa
473 1331 483 1345 ,
505 1309 667 1341 statuimus
684 1312 767 1350 quod
781 1309 812 1340 in
824 1307 982 1349 quibusvis
1002 1309 1125 1339 ordini-

134 1347 190 1380 bus
203 1371 211 1385 ,
223 1351 255 1381 &
265 1352 306 1382 rel
315 1351 589 1393 igionibus,neque
601 1352 697 1383 etiam
711 1353 809 1383 tacita
821 1350 965 1392 professio
975 1362 1125 1392 quorum-

131 1401 268 1433 cumque
280 1394 497 1435 religiosorum
508 1396 616 1427 induci
629 1395 717 1435 possit
729 1417 737 1431 ,
761 1405 817 1426 nec
831 1394 956 1426 inducta
969 1395 1124 1435 intelliga-

134 1443 198 1471 tur,
207 1437 262 1467 nisi
275 1437 308 1468 in
320 1439 500 1479 receptione
511 1438 760 1471 Constitutionis
771 1437 871 1469 forma
881 1438 999 1470 servata
1010 1437 1105 1470 fuerit
1116 1461 1123 1468 .

177 1478 320 1520 Prerereir
332 1491 384 1512 aut
397 1482 543 1522 professio
553 1482 650 1513 tacita
661 1482 701 1513 esi
713 1482 846 1512 minoris
867 1481 992 1513 virtutis
1002 1503 1013 1517 ‚
1032 1491 1125 1522 quam

131 1523 269 1563 expressa
280 1546 290 1560 ,
312 1535 364 1556 aur
377 1525 456 1565 paris
469 1547 477 1560 ‚
499 1535 553 1556 aur
573 1526 702 1566 majoris
714 1536 721 1561 ·,
746 1525 764 1556 si
776 1525 910 1556 minoris
920 1546 930 1560 ,
952 1525 1038 1566 juxta
1049 1534 1124 1558 text.

130 1567 164 1596 in
173 1564 203 1596 d.
214 1576 279 1607 cap.
291 1569 318 1599 C
319 1566 536 1607 orissitutionem
550 1591 558 1604 ‚
580 1567 616 1600 δ’
626 1580 685 1607 reg.
697 1566 830 1609 mpreffsst
841 1578 941 1599 nocem
951 1590 960 1603 ,
972 1565 1034 1599 &a
1047 1577 1123 1608 ergo

127 1607 248 1641 sublata
271 1611 312 1641 est
333 1621 368 1641 ex
390 1613 524 1643 decretis
542 1611 720 1644 Clementis
740 1612 756 1642 ii
777 1611 941 1642 fortiori&
951 1621 986 1642 ex
999 1611 1125 1652 majori-

129 1660 196 1683 tate
209 1653 342 1685 rationis
354 1676 364 1691 ,
375 1655 417 1685 ad
426 1666 484 1694 reg.
497 1664 562 1695 tzzp.
574 1658 632 1687 Cui
642 1656 713 1687 licet
723 1677 732 1690 ,
745 1653 781 1686 θ’
791 1663 855 1694 cap.
867 1653 946 1686 Com
957 1657 990 1685 in
1000 1655 1125 1690 cunffbis,

131 1697 267 1736 inprinc.
278 1698 331 1728 ubi
342 1699 428 1737 gloss.
441 1699 530 1738 Joan.
544 1700 642 1729 Andr.
657 1699 734 1729 Abb⁴
748 1699 837 1728 smol.
851 1700 882 1728 ἃ
895 1697 948 1729 alii
960 1697 1122 1733 notant,de

130 1739 215 1771 elect.
235 1741 357 1779 Siparis
368 1763 378 1777 ‚
400 1742 450 1773 seu
461 1742 589 1782 :equalis
602 1742 725 1773 virtutis
737 1742 823 1782 juxta
833 1751 892 1779 reg.
910 1742 932 1775 l.
943 1741 1023 1772 Cum
1034 1740 1105 1778 qnid
1115 1762 1125 1776 ‚

123 1779 162 1825 ff
177 1782 208 1824 si
223 1792 296 1814 cert.
316 1793 373 1823 pet.
385 1787 422 1815 de
433 1794 494 1825 qua
506 1795 557 1824 per
570 1785 653 1816 Bald.
666 1785 728 1815 inl.
742 1783 809 1826 3.ff.
820 1784 856 1814 de
865 1784 982 1826 testam.
994 1785 1078 1815 tutel.
1093 1786 1124 1815 ὃς

129 1834 206 1857 tunc
218 1836 342 1867 quoque
354 1828 452 1859 tacita
462 1827 606 1868 professio
616 1827 734 1859 censeri
744 1830 834 1859 debet
844 1828 961 1858 sublata
970 1829 987 1857 a
995 1827 1124 1868 pai-laeti

133 1879 174 1902 ex
185 1868 353 1902 identitate
366 1872 512 1907 rationis,
523 1881 557 1903 ut
568 1872 687 1903 dicitur
706 1872 737 1902 in
747 1870 888 1910 praedicta
898 1870 977 1902 Sixti
990 1871 1027 1901 V.
1039 1869 1123 1902 Con-

139 1912 302 1944 stitutione
314 1935 324 1948 ,
345 1913 481 1953 inspecto
499 1924 637 1955 tempore
650 1936 658 1950 ,
678 1924 743 1954 quo
761 1916 901 1945 nondum
923 1913 1044 1945 redatsta
1062 1913 1125 1945 fue-

134 1965 183 1988 rat
204 1958 239 1986 ad
261 1965 413 1988 terminos
433 1958 509 1998 juris
530 1968 580 1997 per
591 1957 693 1989 Clem.
706 1957 832 1988 viis&
845 1966 936 1988 notat
948 1956 1038 1988 Prob.
1050 1959 1082 1988 in
1094 1955 1123 1987 d.

132 2008 199 2039 cap.
218 2009 242 2030 i.
254 1997 291 2030 de
300 2001 390 2038 regul.
402 2003 435 2031 in
446 2000 510 2032 6.Si
521 2000 650 2041 majoris
658 2002 742 2040 quod
753 2000 825 2032 esset
836 2009 948 2032 contra
958 2011 1067 2032 omnes
1077 2001 1125 2042 jii-

132 2041 176 2075 ris
198 2044 320 2082 regulas
345 2044 444 2074 adhuc
464 2054 569 2075 tamen
592 2044 674 2075 idem
693 2043 863 2074 ditendum
873 2065 882 2078 ‚
902 2043 978 2083 quia
997 2047 1123 2075 decreta

121 2084 312 2118 Clementis
334 2086 461 2118 irritant
481 2086 676 2126 receptiones
687 2110 695 2122 ,
719 2088 753 2118 &
773 2085 973 2127 professiones
985 2109 994 2122 ‚
1014 2088 1123 2124 quasli-

134 2127 184 2160 bet
192 2151 202 2165 ,
221 2127 284 2161 ΦΥ.
304 2131 341 2161 de
354 2140 467 2161 natura
477 2140 582 2161 autem
597 2130 681 2161 illius
691 2129 841 2161 diotionis
853 2151 862 2164 ‚
873 2129 1020 2166 quaslibet
1028 2152 1039 2166 ,
1050 2140 1121 2161 etim

132 2171 171 2204 sir
183 2172 364 2204 universalis
375 2195 384 2208 ,
394 2170 604 2214 lfipluribus,
615 2173 667 2204 ubi
680 2174 766 2213 gloss.
780 2173 895 2205 Earn&
911 2172 1021 2203 uode
1032 2174 1121 2211 lega.

131 2216 174 2247 est
184 2216 446 2256 comprehendere
457 2216 554 2248 etiam
565 2228 618 2252 ea,
637 2226 704 2258 qux
716 2215 790 2247 alias
803 2226 868 2247 non
880 2217 1120 2256 comprehende-

129 2269 260 2295 rentur,
269 2268 334 2299 cap.
344 2260 446 2291 Solttae
456 2281 465 2294 ,
475 2262 508 2290 in
519 2259 794 2303 verQyodt-umque
803 2260 1004 2300 ligaveri‘sm
1013 2259 1118 2297 major.

128 2301 168 2335 ῤ’
185 2299 409 2344 obed.Salyc.in
422 2303 476 2333 l.2.
487 2312 568 2334 num.
579 2306 649 2340 9.C.
659 2303 695 2333 de
705 2303 810 2333 namt.
825 2302 960 2333 Roman.
971 2302 1046 2341 coris.
1072 2312 1119 2342 31.

130 2345 212 2387 Visis
222 2345 269 2376 lais
280 2367 289 2379 .
300 2356 379 2377 mim.
392 2356 420 2376 2.
433 2345 486 2377 tibi
496 2345 640 2377 Mandos.
653 2348 685 2377 in
695 2344 857 2386 apostasia
870 2346 1008 2386 pluribus
1020 2356 1121 2377 exem-

130 2389 188 2430 plis
198 2389 366 2419 confirmat
376 2411 384 2419 .

176 2431 222 2463 Ac
243 2433 368 2462 demum
392 2430 411 2461 si
434 2432 559 2462 decreta
570 2430 746 2464 Clementis
758 2431 888 2463 tacitam
900 2431 1119 2472 professionem

134 2485 199 2505 non
212 2473 395 2505 sustulissent
404 2495 414 2509 ,
426 2476 777 2506 redderenturomnino
788 2475 932 2510 clusoria,
942 2475 1016 2514 quia
1028 2474 1120 2514 Supe-

131 2515 407 2557 rioresRegulares
417 2516 472 2557 qui
484 2516 690 2557 prohibentur
701 2518 842 2549 novitios
853 2520 888 2548 ad
902 2517 1120 2558 professionem

131 2561 299 2602 expressam
311 2560 476 2592 admittere
487 2581 497 2595 ‚
519 2560 635 2598 porl'ent
656 2560 726 2591 illos
737 2560 903 2591 admittere
922 2563 957 2590 ad
970 2561 1097 2591 tacitam
1110 2583 1119 2597 ‚

130 2604 345 2645 permittendo
355 2613 407 2634 eos
417 2613 468 2643 per
480 2613 595 2633 annum
603 2602 723 2634 deferre
734 2603 875 2634 habitum
888 2603 940 2634 ind
947 2602 1120 2639 senachim,

131 2647 179 2678 vel
194 2645 281 2678 illico
291 2647 414 2686 expleto
425 2656 508 2677 anno
518 2645 713 2687 probationis
724 2646 863 2677 habitum
874 2645 1073 2686 professorum
1086 2647 1121 2677 il-

131 2689 169 2721 lis
179 2691 388 2721 concedendo
397 2698 483 2729 Juxta
494 2690 524 2719 d.
534 2698 600 2729 rzip.
609 2688 843 2721 1.&Clem.2.de
852 2690 998 2726 regul.aiit
1007 2690 1120 2721 admit-

130 2735 242 2764 tendos
254 2743 306 2764 eos
319 2734 355 2764 ad
379 2732 463 2763 actus
480 2754 490 2767 ‚
510 2733 565 2772 qui
584 2743 601 2762 a
619 2734 690 2763 solis
709 2731 847 2772 professis
871 2732 937 2762 sieri
956 2733 1121 2765 consueve-

130 2786 204 2808 runt
216 2798 226 2812 ,
249 2777 333 2814 juxta
343 2784 407 2817 cap.
418 2774 520 2807 V1dua
529 2797 539 2811 ‚
560 2785 642 2806 extr.
653 2774 714 2806 eod.
725 2784 838 2805 contra
847 2775 1013 2814 expressam
1033 2786 1120 2806 meri-

132 2828 197 2851 tem
208 2818 384 2852 Clementis
394 2840 404 2854 ‚
424 2818 480 2858 qui
491 2821 526 2850 ad
540 2818 745 2858 Religionum
756 2817 1013 2848 reformationem
1023 2819 1122 2849 neces.

132 2861 245 2894 sarium
265 2862 387 2903 putavit
408 2861 569 2902 probibere
591 2872 629 2892 ne
651 2862 684 2892 in
707 2860 928 2892 Conventibus
958 2860 1122 2900 praeferrim

132 2906 252 2943 maiore
272 2904 495 2937 reformatione
516 2904 732 2944 indigentibus
754 2903 866 2943 singuli
887 2905 923 2934 ad
936 2904 1122 2943 religionem

131 2949 295 2980 venientes
314 2948 421 2989 passim
442 2948 654 2987 reciperentur
668 2969 675 2978 .
696 2946 829 2978 Certum
848 2945 888 2978 est
912 2956 1016 2977 autem
1036 2946 1121 2978 Con*

133 2991 328 3024 stitutionem
353 3001 522 3030 utcumque
543 2993 618 3034 juris
641 3000 819 3021 communis
838 2988 1060 3020 correctoriam
1070 3000 1121 3020 ex-

131 3035 219 3066 tendi
240 3035 349 3066 debere
373 3037 408 3065 ad
428 3033 530 3065 casum
549 3035 624 3064 alias
646 3043 710 3064 non
730 3032 982 3072 comprehensum
993 3035 1120 3072 quando

132 3076 276 3117 alioquin
287 3077 357 3108 esset
374 3077 566 3108 frustratoria
577 3099 586 3111 ,
607 3078 637 3107 ἃ
652 3077 772 3106 nullum
785 3074 1100 3106 sortitam-effectum
1111 3097 1120 3110 ‚

132 3117 192 3150 nisi
203 3120 569 3156 extenderemus-'elman
579 3120 790 3155 aTmnstato,
801 3121 882 3149 circa
916 3117 984 3148 mdc
993 3116 1119 3158 Constit.

133 3161 216 3193 Bart.
225 3164 258 3192 in
266 3163 495 3202 repet.l.Omnes
504 3163 603 3206 populi
614 3185 623 3198 ,
641 3164 673 3192 in
682 3162 791 3202 penult.
802 3162 855 3192 col.
889 3160 935 3192 .de
943 3159 1009 3203 just.
1020 3160 1057 3192 (ff
1063 3161 1119 3199 jur.

137 3203 193 3245 Jas.
205 3207 238 3234 in
249 3204 332 3236 auth.
343 3215 415 3242 quas
424 3206 553 3237 afflantes
564 3228 573 3242 ‚
584 3208 620 3238 C.
630 3205 782 3245 desacros.
795 3206 878 3236 Eccl.
897 3206 929 3236 δέ
942 3203 1080 3245 Roman.
1091 3202 1120 3234 d.

135 3246 210 3286 consi
225 3257 239 3287 3
253 3258 277 3279 i.
288 3259 318 3279 η.
330 3259 358 3278 2.
369 3247 448 3287 vers.
463 3250 604 3291 Quinimo
615 3270 623 3278 .
1040 3257 1051 3273 ‹‘

175 3291 279 3330 Atque
302 3290 384 3322 liunc
397 3290 515 3323 sensum
526 3292 641 3334 semper
654 3290 775 3322 admisit
786 3290 819 3322 S.
828 3289 1047 3330 congregatio
1059 3288 1122 3320 Re-

131 3333 289 3374 gularium
299 3355 309 3369 ‚
329 3343 396 3374 qua:
408 3333 607 3373 professiones
619 3344 682 3365 non
694 3331 793 3365 solum
805 3332 942 3372 expresse
953 3332 1078 3363 emissas
1089 3334 1121 3363 in

134 3377 211 3408 locis
224 3386 288 3407 non
297 3376 464 3416 designatis
476 3377 582 3409 habuit
595 3387 650 3416 pro
662 3376 756 3408 nullis
767 3398 776 3412 ,
797 3386 889 3416 atque
903 3376 1016 3411 irritis,
1031 3376 1077 3413 sed
1091 3379 1122 3407 ὃς

131 3419 246 3451 tacitas
258 3428 430 3459 numquam
441 3420 563 3451 admisit
580 3421 614 3451 in
624 3419 742 3450 casibus
755 3419 1016 3459 contingentibus
1025 3441 1035 3455 ,
1046 3420 1122 3450 &in

130 3462 378 3496 restitutionibus
388 3483 399 3497 ,
408 3472 485 3501 quas
496 3462 617 3494 censuit
627 3465 846 3494 concedendas
855 3461 997 3494 adversus
1008 3463 1123 3502 lapsum

211 3503 314 3546 Prosp.
335 3507 471 3544 fagnan.
481 3507 514 3536 in
524 3507 550 3537 l.
562 3503 632 3538 Lib.
646 3506 801 3537 Decretal.

2017 80 2111 132 675

1180 154 1368 190 quinqueni
1388 154 1524 186 proterii«.
1548 161 1580 181 in
1599 149 1822 184 conventibus
1842 161 1909 185 non
1918 153 2086 194 designatis
2101 167 2166 188 non

1178 190 1339 234 consuevit
1351 200 1502 230 apponere
1512 193 1680 225 clausulam
1692 196 1777 226 islam
1791 196 1823 227 in
1835 197 1904 228 asiis
1916 198 2166 231 restitutionibus

1178 240 1288 270 apponi
1299 233 1421 264 solitam
1432 255 1440 268 ,
1466 236 1613 267 videlicet
1625 259 1634 273 ‚
1653 237 1807 270 dummodo
1824 238 2041 282 prffsp'onem,
2053 251 2083 272 ut
2094 251 2166 282 prae-

1169 271 1273 314 fertur
1291 274 1422 314 emiffiim
1439 281 1551 322 tftci'te,
1575 281 1622 312 vel
1637 282 1775 320 expresse
1795 293 1851 313 uon
1866 277 2074 320 ramfimverit
2085 307 2094 321 ,
2115 286 2164 316 ni-

1175 327 1290 348 mirum
1301 327 1375 357 quia
1385 322 1528 358 proseslio
1539 323 1711 365 hujusmodi
1725 335 1779 356 nec
1789 325 1997 366 expressemec
2010 329 2106 359 tacite
2120 338 2166 360 ra-

1176 360 1319 391 taliaberi
1332 364 1513 400 potesl,cuni
1526 366 1783 406 iii-ipedimentiuti
1793 370 1911 400 decreti
1923 370 2077 402 irritantis
2087 372 2164 403 sem·-

1174 412 1225 441 pcr
1237 406 1326 434 duret
1338 426 1345 434 .

1218 445 1325 485 Itaque
1346 452 1447 487 quoad
1469 451 1527 482 lioc
1551 452 1684 492 primum
1714 455 1844 485 dubium
1876 455 2000 487 videtui·
2031 458 2162 488 conclu-

1173 490 1308 519 dendum
1335 493 1372 521 sic
1395 492 1544 531 professos
1565 506 1664 535 neque
1684 497 1838 536 expresse,
1861 509 1959 538 neque
1984 500 2080 531 tacite
2100 501 2162 532 esse

1175 532 1318 571 alligatos
1340 534 1385 564 illi
1406 534 1523 568 Ordini
1547 538 1579 569 in
1600 545 1698 579 specie
1720 551 1751 570 in
1772 550 1837 581 quo
1847 540 2068 581 professionem
2078 544 2160 574 eini-

1173 574 1277 606 serunt
1290 598 1297 606 .

1217 618 1386 651 Videamus
1398 632 1479 652 nunc
1493 634 1531 653 an
1543 624 1648 656 saltem
1666 624 1722 656 sint
1735 626 1854 665 alligati
1878 626 2039 666 Religioni
2062 629 2159 670 inge-

1174 670 1246 692 nere
1257 683 1266 696 ,
1289 665 1424 709 qtiotlest
1434 669 1604 699 secundum
1614 669 1745 699 dubium
1756 669 1890 709 superius
1902 681 1956 709 pro
1977 675 2092 703 olitum
2104 695 2111 702 .

1216 703 1274 750 l'ro
1291 706 1447 751 solutione
1468 710 1717 749 praemittendum
1737 711 1778 743 eu
1801 723 1837 743 ex
1860 714 1945 753 dispo
1960 715 2057 746 itione
2081 715 2156 754 juris

1171 746 1393 796 professionem
1412 751 1552 784 eiiiis's.un
1572 754 1653 784 infra
1673 764 1789 786 annum
1808 757 2002 795 probationis
2021 757 2158 789 inOrdi—

1173 792 1264 822 nibus
1283 790 1539 839 Mendiczintium
1549 818 1558 831 ,
1582 807 1644 828 non
1658 797 1797 836 obligare
1810 798 1932 835 pra-eise
1947 803 1981 830 ad
1995 800 2084 832 illum
2094 800 2157 832 Or-

1171 836 1277 880 dinem
1289 856 1298 869 ‚
1318 845 1351 882 in
1371 846 1434 875 quo
1446 836 1503 869 fuir
1513 839 1622 871 emissa
1632 862 1641 875 ,
1662 839 1709 871 sed
1731 843 1768 871 ad
1789 840 1990 881 Religionem
2013 843 2044 873 in
2066 852 2158 881 gene-

1172 886 1224 923 re:
1247 888 1278 908 in
1299 879 1369 927 {¹1¹⁵
1391 882 1463 910 vero
1475 882 1650 914 Ordinibus
1659 883 1795 923 expresse
1807 884 1949 916 emissam
1961 885 2008 917 illi
2019 884 2158 925 Religio.

1173 930 1205 950 ni
1224 930 1348 966 pnrcise
1370 923 1529 962 obligare,
1551 936 1645 966 quam
1657 928 1726 967 quis
1737 928 1777 957 esi
1790 927 1962 966 professus,·
1984 928 2081 959 tacite
2103 939 2156 960 au-

1172 972 1234 1009 tem
1257 963 1366 1012 faciam
1388 976 1451 997 non
1472 967 1516 998 illi
1529 968 1702 1008 specialiter
1713 992 1722 1005 ,
1744 970 1833 1009 cujus
1845 971 1985 1007 babitus,
2007 971 2054 1002 sed
2066 981 2156 1010 gene-

1171 1007 1212 1051 ral
1221 1017 1276 1038 iter
1288 1009 1381 1038 alicui
1397 1008 1569 1048 Religioni.
1580 1013 1652 1052 Jura
1663 1012 1729 1043 s'unt
1743 1023 1846 1053 aperta
1856 1025 1888 1044 in
1898 1013 2156 1055 c.cp.Nonsolum‚

1170 1053 1207 1095 (2¹
1216 1059 1280 1096 opp.
1289 1050 1534 1092 Consh'tutmnem
1544 1077 1552 1091 ‚
1576 1054 1612 1086 de
1620 1056 1710 1093 regul.
1722 1057 1754 1086 in
1765 1059 1794 1086 6.
1805 1057 1912 1097 Qiam
1918 1058 1960 1087 vis
1969 1067 2072 1088 autem
2084 1067 2155 1097 pra:-

1169 1092 1245 1124 ditsti
1265 1092 1412 1126 Canones
1433 1097 1481 1136 loq
1489 1107 1601 1129 uantur
1612 1098 1643 1129 in
1655 1098 1723 1130 casu
1735 1097 1935 1139 professionis
1947 1100 2060 1131 emissae
2076 1099 2158 1132 infra

1170 1146 1285 1182 antium
1306 1138 1519 1184 probationis,
1545 1151 1649 1172 tamen
1672 1140 1745 1174 DD.
1760 1143 1801 1173 ob
1812 1143 1945 1174 rationis
1956 1143 2156 1175 identitatem

1170 1180 1284 1225 ubi-que
1303 1183 1499 1221 interpretati
1522 1183 1589 1215 sunt
1611 1186 1681 1215 illos
1698 1186 1808 1216 habere
1821 1186 1924 1217 locum
1936 1186 2032 1218 etiam
2044 1186 2074 1217 in
2086 1185 2156 1218 aliis

1168 1224 1285 1269 casibus
1305 1224 1460 1256 nullitatis
1480 1225 1678 1266 professionis
1689 1238 1892 1268 praeterquam
1902 1239 1938 1260 ex
1948 1228 2069 1260 defectu
2081 1239 2156 1260 con-

1169 1264 1286 1297 sensus.
1311 1265 1349 1298 Εἰ
1373 1271 1531 1307 propterea
1550 1269 1700 1310 professos
1722 1271 1754 1302 in
1776 1270 1944 1312 Religione
1962 1282 1978 1301 a
1990 1272 2067 1303 Sede
2078 1273 2156 1312 Apo.

1168 1307 1277 1339 stolica
1296 1319 1361 1340 non
1393 1313 1559 1351 approbata
1589 1322 1746 1345 remanere
1775 1314 1933 1355 obligatos
1955 1317 1990 1345 ad
2014 1313 2155 1353 Religio-

1167 1361 1239 1383 nem
1262 1351 1294 1399 in
1315 1362 1427 1392 genere
1447 1355 1633 1387 censuerunt
1655 1357 1792 1396 plerique
1814 1359 1847 1388 in
1863 1366 1930 1398 cap.
1950 1369 1998 1388 un.
2019 1360 2055 1388 de
2066 1368 2153 1393 voto,

1166 1393 1259 1426 lib.6.
1282 1398 1425 1435 idemque
1445 1400 1481 1428 de
1504 1398 1692 1438 professione
1712 1399 1865 1431 emissain
1878 1402 2020 1431 manibus
2031 1399 2155 1432 Ti-nffa.

1167 1442 1270 1469 terum
1291 1439 1354 1478 posi
1374 1440 1463 1479 Joan.
1483 1443 1520 1472 de
1540 1440 1610 1473 Deo
1630 1441 1743 1483 scripsit
1765 1442 1885 1482 Specus.
1906 1446 1939 1474 in
1959 1446 2009 1474 tit.
2027 1443 2063 1475 de
2075 1442 2153 1483 stat.

1167 1482 1316 1513 Monach.
1327 1493 1405 1513 num.
1415 1493 1465 1521 45.
1487 1486 1519 1515 &
1540 1487 1576 1515 de
1598 1485 1666 1516 viro
1686 1507 1695 1521 ‚
1726 1486 1781 1525 qui
1802 1486 1923 1526 fingens
1943 1485 1970 1517 se
1991 1485 2155 1518 foeminam

1167 1523 1316 1565 professus
1328 1524 1386 1557 fuit
1400 1527 1431 1557 in
1444 1527 1638 1559 Monasterio
1650 1527 1852 1564 Monialium,
1865 1529 1947 1560 Buri.
1958 1531 1990 1560 in
2000 1538 2065 1570 cap.
2086 1529 2156 1559 l’or-

1166 1569 1277 1599 restam
1287 1590 1296 1604 ,
1315 1567 1351 1599 de
1360 1570 1452 1608 regul.
1463 1581 1541 1601 mim.
1558 1581 1603 1602 ιο.
1615 1573 1646 1602 &
1659 1571 1738 1602 Abb.
1749 1574 1782 1603 in
1792 1581 1856 1613 cap.
1869 1573 2006 1604 Tuarum
2016 1594 2026 1609 ‚
2035 1582 2114 1604 num.
2125 1581 2156 1611 7.

1167 1610 1204 1641 de
1212 1612 1319 1652 privil.

1209 1654 1392 1694 Supervenit
1422 1656 1535 1688 deinde
1566 1657 1792 1690 Tridentinum
1811 1658 1998 1691 Concilium
2018 1661 2100 1701 quod
2122 1661 2153 1692 in

1165 1707 1230 1738 cap.
1257 1706 1302 1736 15.
1316 1697 1457 1746 seffiqzs.
1479 1699 1514 1731 de
1533 1702 1623 1739 regul.
1637 1701 1740 1734 statuit
1753 1724 1763 1738 ‚
1783 1712 1818 1734 ut
1832 1701 1980 1743 professio
1991 1703 2022 1734 in
2031 1703 2156 1744 quibus-

1166 1751 1300 1781 cumque
1320 1741 1496 1774 Ordinibus
1514 1753 1586 1775 ante
1609 1748 1654 1776 16.
1676 1755 1793 1776 annum
1814 1747 2006 1786 completum
2027 1746 2135 1778 emissa
2146 1768 2156 1783 ,

1167 1794 1220 1816 aut
1240 1794 1304 1815 non
1325 1784 1449 1824 perasto.
1465 1797 1552 1817 anno
1569 1788 1762 1827 probationis
1783 1788 1817 1820 sit
1837 1789 1924 1820 nulla
1942 1811 1952 1824 ‚
1974 1789 2154 1830 nullamque

1167 1828 1296 1858 inducat
1315 1829 1544 1866 obligationem
1555 1833 1589 1861 ad
1602 1831 1735 1873 alicujus
1747 1832 1858 1872 regulae
1869 1853 1879 1868 ,
1901 1833 1947 1863 vel
1962 1831 2157 1872 Religionis,

1166 1872 1212 1902 vel
1231 1869 1365 1902 Ordinis
1383 1871 1650 1909 observationem,
1674 1883 1727 1905 aut
1746 1876 1782 1905 ad
1805 1875 1882 1905 alios
1892 1874 2103 1915 quoscumque
2113 1874 2157 1906 ef-

1166 1913 1262 1945 foetus
1273 1937 1280 1944 .
1301 1914 1428 1955 Qubus
1452 1916 1551 1946 verbis
1566 1916 1595 1947 S,
1608 1915 1828 1957 Congregatio
1840 1917 1993 1958 respondit
2004 1917 2155 1950 sublatam

1165 1957 1226 1989 esse
1237 1957 1467 1997 obligationem
1478 1962 1513 1989 ad
1527 1958 1554 1989 R
1562 1960 1732 1998 eligionem
1745 1960 1776 1991 in
1788 1969 1901 2001 genere
1911 1982 1922 1996 ,
1941 1962 1973 1992 &
1994 1961 2062 2001 jura
2074 1961 2156 1992 anti-

1164 2002 1268 2041 quain
1277 1999 1307 2032 d.
1318 2000 1572 2042 caps-basolum,
1584 2001 1622 2034 Φ·
1632 2011 1698 2043 cap.
1709 1999 1964 2044 constitutionem,
1978 2004 2009 2035 in
2022 2004 2080 2035 hoc
2093 2004 2154 2035 esse

1164 2043 1305 2076 corretflta
1316 2067 1323 2074 .

1205 2086 1366 2119 Caeterum
1375 2097 1441 2118 tam
1451 2089 1612 2120 decretum
1621 2087 1766 2120 Concilii
1776 2091 1809 2120 in
1817 2088 1927 2129 d.c.15.
1949 2091 2041 2131 quarn
2051 2091 2153 2122 decla-

1164 2131 1246 2161 ratio
1257 2130 1560 2171 §.Congregationis
1572 2131 1741 2162 vendicant
1756 2132 1811 2163 sibi
1823 2134 1927 2163 locum
1942 2134 1974 2164 in
1985 2134 2104 2165 duobus
2118 2134 2155 2164 il-

1164 2174 1201 2204 lis
1213 2173 1331 2204 casibus
1340 2175 1502 2205 dumtaxat
1513 2196 1524 2210 ,
1546 2174 1579 2205 in
1588 2174 1702 2214 quibus
1714 2176 1886 2215 loquuntur
1901 2198 1908 2210 ‚
1922 2176 2067 2207 videlicet
2078 2186 2150 2207 cum

1163 2215 1311 2256 professio
1321 2216 1361 2248 est
1374 2218 1459 2248 nulla
1468 2218 1510 2248 ob
1521 2216 1676 2248 defectum
1687 2218 1848 2253 aetatis,vel
1860 2220 1900 2249 ob
1911 2218 2065 2250 <resec-“tum
2076 2218 2152 2250 anni

1162 2258 1470 2300 probationis.Unde
1483 2260 1515 2290 iri
1529 2261 1598 2290 aliis
1609 2261 1725 2291 casibus
1738 2260 1894 2291 nullitatis
1903 2261 2099 2300 professionis
2108 2271 2154 2293 re-

1161 2312 1290 2333 manent
1301 2303 1476 2334 incorrecta
1485 2303 1555 2345 jura
1567 2304 1705 2343 antiqua,
1718 2313 1752 2334 ut
1766 2304 1797 2333 in
1809 2304 1864 2334 liae
1877 2303 1937 2343 ipsa
1947 2304 2079 2334 materia
2101 2315 2155 2336 an-

1161 2346 1194 2376 ni
1206 2345 1399 2385 probationis
1411 2346 1571 2386 perpendit
1583 2347 1659 2384 gl.in
1670 2347 1700 2376 d.
1710 2357 1735 2376 c.
1745 2344 1925 2385 Constiut.1‘n
1936 2349 2148 2385 ver-Proroga-

1160 2399 1237 2425 mus,
1250 2389 1341 2428 idque
1352 2388 1459 2420 habuit
1470 2399 1526 2428 pro
1535 2389 1692 2420 constanti
1702 2398 1766 2419 tam
1778 2388 1809 2420 S.
1820 2387 2037 2428 Congregatio
2048 2388 2151 2421 Cone.

1160 2442 1255 2471 quam
1265 2431 1517 2471 §.congregatio
1526 2429 1734 2471 Regularium
1747 2432 1779 2462 in
1791 2431 1998 2472 disputatione
2012 2432 2095 2463 illius
2105 2443 2151 2464 ar·

1160 2474 1317 2511 ticuli3An
1328 2474 1473 2514 professio
1484 2473 1633 2505 emissain
1644 2472 1814 2515 Religione
1824 2484 1889 2505 non
1898 2476 2062 2514 approbata
2071 2475 2152 2507 obli-

1160 2528 1212 2559 get
1224 2517 1420 2558 profitentem
1432 2520 1468 2548 ad
1482 2516 1683 2556 Religionem
1695 2519 1726 2547 in
1739 2526 1874 2556 genere‚·
1895 2517 2046 2557 supposuit
2065 2517 2152 2549 enim

1160 2560 1404 2601 proindubitato
1422 2560 1650 2600 obligationem
1670 2561 1705 2591 ad
1728 2558 1928 2599 Religionem
1947 2561 1979 2591 in
1993 2569 2106 2599 genere
2116 2561 2151 2592 in

1161 2604 1229 2635 casu
1243 2604 1298 2634 illo
1309 2613 1372 2634 non
1383 2602 1472 2634 fuisse
1484 2603 1633 2634 sublatam
1644 2613 1695 2643 per
1705 2606 1865 2635 decretum
1876 2601 1977 2634 Cone.
1990 2605 2022 2633 in
2031 2602 2060 2633 d.
2073 2613 2116 2635 αι
2124 2611 2151 2642 5.

1161 2646 1253 2678 Licet
1264 2645 1352 2677 valde
1364 2656 1476 2687 anceps
1488 2645 1581 2679 fuerit·
1606 2656 1644 2676 an
1656 2655 1757 2677 verior
1768 2645 1843 2676 esset
1853 2645 1963 2686 opinio
1972 2645 2017 2686 Jo.
2031 2648 2068 2676 de
2078 2644 2149 2677 Deo

1160 2689 1251 2721 relati
1260 2690 1276 2720 31
1286 2690 1372 2728 Spec.
1382 2687 1529 2729 ubifiepra
1539 2711 1549 2725 ,
1559 2687 1778 2728 distinguentis
1791 2689 1872 2719 inter
1881 2698 1953 2719 eum
1972 2689 2028 2729 qui
2041 2689 2142 2720 voluit

1162 2732 1300 2764 absolute
1314 2733 1410 2764 vitam
1422 2741 1542 2763 mutare
1553 2754 1562 2767 ‚
1581 2732 1613 2762 &
1624 2741 1696 2762 eum
1705 2731 1759 2771 qui
1771 2731 1952 2763 intendebat
1963 2730 1990 2763 se
2002 2731 2145 2770 obligare

1162 2777 1193 2807 in
1206 2786 1293 2807 certo
1303 2775 1424 2807 Ordine
1436 2775 1571 2810 tantum,
1583 2775 1628 2805 vel
1642 2775 1745 2814 potius
1756 2773 1868 2814 opinio
1877 2774 1983 2805 Franc.
1997 2776 2029 2805 in
2039 2776 2142 2806 ecim-

1154 2817 1344 2859 stitutionem
1354 2841 1363 2855 ‚
1374 2817 1643 2856 n.4.existimantis
1654 2817 1842 2856 generaliter
1850 2837 1861 2852 ‚
1872 2818 1903 2847 δε
1917 2815 2093 2849 indistincte
2106 2827 2143 2848 eit

1162 2862 1336 2903 hujusmodi
1346 2861 1528 2903 professione
1538 2859 1617 2891 oriri
1637 2859 1865 2900 obligationem
1876 2861 1913 2891 ad
1935 2858 2137 2901 Religionem

1165 2915 1198 2936 in
1224 2915 1339 2937 encre.

1203 2915 1244 2978 ἐκ
1256 2947 1417 2988 praemissis
1433 2946 1565 2979 infertur
1575 2968 1584 2983 ,
1596 2955 1630 2977 ut
1641 2947 1800 2977 decretum
1812 2945 1993 2977 Tridentini
2005 2945 2148 2978 Concilii

1161 3002 1223 3031 qua
1242 3001 1327 3031 parte
1344 2991 1462 3023 sustulit
1484 2989 1711 3029 obligationem
1735 2991 1770 3019 ad
1782 2988 1969 3029 religionem
1992 2989 2022 3019 in
2034 2998 2146 3028 genere

1152 3034 1256 3065 ·fimi1i
1277 3036 1372 3065 modo
1393 3044 1458 3065 nori
1482 3033 1517 3064 sit
1539 3034 1770 3063 extendet-‚dnm
1792 3034 1827 3062 ad
1842 3031 2062 3073 professionem
2075 3032 2145 3061 nul·

1163 3077 1233 3108 liter
1251 3077 1392 3108 emissam
1412 3086 1499 3108 extra
1515 3085 1690 3105 conventus
1701 3074 1875 3114 designatos
1896 3078 1931 3105 ad
1945 3074 2144 3114 recipiendos

1162 3120 1331 3154 Novitios,
1355 3120 1399 3150 ira
1419 3129 1454 3150 ur
1473 3117 1631 3159 propterea
1651 3117 1970 3157 solutioquaestionis‚
1996 3127 2034 3147 an
2045 3116 2148 3158 liujus.

1162 3162 1249 3193 modi
1280 3161 1429 3202 professio
1459 3161 1557 3199 pariat
1584 3160 1812 3200 obligationem
1842 3162 1879 3190 ad
1903 3159 2094 3199 religionem
2114 3159 2147 3190 in

1161 3215 1295 3246 genere,
1317 3215 1436 3240 necne,
1456 3215 1520 3235 nori
1542 3203 1576 3235 sit
1599 3205 1730 3244 petenda
1749 3213 1784 3233 ex
1804 3201 1956 3233 Concilio
1976 3223 1986 3238 ‚
2007 3205 2090 3243 quod
2112 3204 2148 3233 ad

1162 3250 1244 3279 hunc
1265 3248 1369 3279 casum
1391 3258 1456 3278 non
1478 3247 1631 3287 pertinet,
1654 3246 1700 3277 sed
1728 3256 1762 3276 ex
1788 3245 1919 3284 ipsismet
1929 3245 2063 3277 decretis
2073 3243 2152 3276 Cle»

1162 3290 1297 3326 mentis,
1317 3293 1349 3322 ὀί
1363 3291 1438 3332 juris
1450 3290 1627 3321 communis
1638 3287 1848 3327 dispositione.
1878 3287 2022 3326 Inspeciis
2042 3297 2150 3319 autem

1162 3334 1264 3364 verbis
1294 3333 1399 3364 ultimi
1429 3333 1547 3364 decreti
1574 3331 1748 3363 Clementis
1778 3330 1879 3361 verius
1908 3330 2032 3361 videtur
2053 3330 2150 3361 subla-

1163 3386 1226 3407 tam
1255 3375 1346 3407 fuisse
1383 3374 1561 3417 hujusmodi
1599 3373 1825 3412 obligationem
1865 3375 1900 3403 ad
1944 3372 2148 3413 Religionem

1162 3421 1194 3451 in
1218 3429 1330 3458 genere
1360 3430 1370 3448 .·
1400 3430 1472 3451 nam
1502 3418 1534 3448 in
1564 3428 1599 3448 ea
1619 3426 1704 3457 parte
1723 3416 1755 3446 in
1777 3425 1840 3455 qua
1866 3415 2014 3447 Clemens
2045 3417 2149 3445 decre-

1163 3463 1209 3494 vit
1231 3462 1424 3502 receptiones
1442 3483 1452 3497 ,
1482 3463 1514 3492 ὃ(
1538 3459 1741 3501 professiones
1761 3458 1916 3497 quaslibet
1935 3468 2042 3489 eorum
2065 3479 2074 3491 ‚
2093 3456 2148 3496 qui

1737 3502 1796 3531 Vn
1841 3512 1857 3532 2.
2028 3509 2107 3529 eon<

2182 724 2221 754 27

2178 1671 2219 1700 Ζ9

2179 2229 2221 2261 30

2172 2955 2206 2986 3t
