2397 3664
259 111 271 118 ,
728 61 815 119 De
840 59 1113 123 Constit.c.
1135 56 1283 120 >Cum
1318 63 1681 124 aceeffifi‘entt·

165 163 324 212 judicium
335 162 509 195 recedere&
520 162 635 197 statuto
647 161 837 192 confirmato
848 183 858 197 ,
879 161 1022 201 procedit
1039 159 1163 192 etiamsi

166 218 201 239 m
219 206 463 239 confirmatione
484 206 560 238 adsit
580 203 717 236 clausula
735 204 858 236 decreti
877 204 1054 241 irritantis,
1073 204 1160 245 quod

192 250 337 281 robatur.
442 251 444 256 ‘

99 303 139 327 22
197 292 325 329 Primo,
345 293 421 335 quia
440 292 495 324 etfi
515 290 588 323 talis
610 289 748 321 clausula
771 289 915 321 videatur
934 289 1089 327 formam,
1110 291 1164 322 seu

166 345 356 378 praeceptum
375 335 562 369 continere3
583 332 793 364 nihilominus
814 333 910 364 etiam
931 332 1037 364 formae
1046 343 1162 364 renum

165 378 246 410 ciari
257 379 354 420 potest
363 379 491 420 quando
500 375 789 417 privarantrespicit
809 376 1001 412 utilitatem,
1023 387 1048 407 c.
1067 374 1120 417 fin.
1133 379 1160 413 ᾗ,

168 423 233 454 His
243 432 343 454 autem
354 445 364 459 ‚
383 421 436 452 ubi
447 420 526 451 Abb.
539 419 571 450 in
586 431 612 450 2.
625 428 684 450 not.
697 418 732 449 de
744 419 819 460 offic.
833 418 963 457 deleg.&
974 428 1065 451 notar
1077 420 1159 451 Bart.

166 464 232 496 inl.
243 467 327 498 Filio
335 465 481 506 preterito
490 485 499 497 ,
512 460 550 505 ff
563 464 613 494 De
624 461 723 501 injust.
736 471 816 502 rapt.
830 464 861 494 δί
881 462 992 494 sufficit
1004 463 1105 494 tacita
1115 473 1161 494 re-

95 507 138 549 ’23
161 509 331 541 nunciario
351 504 522 538 secundum
542 505 621 537 Abb.
643 505 697 537 ubi
718 505 825 545 supra,
846 516 881 536 ac
895 505 1038 537 similiter
1048 516 1160 546 praece-

166 560 256 592 ptum
267 573 277 588 ,
295 551 380 591 quod
391 548 516 589 respicit
527 549 701 580 utilitatem
712 548 779 590 ejus
791 548 842 579 cui
854 546 1078 589 prircipum-‚in
1089 548 1161 580 effe-

159 593 213 625 ἃιι
221 593 387 625 consilium
405 592 525 623 dicitur
538 614 548 628 ,
570 593 591 623 l.
602 595 679 624 Cum
689 594 784 624 Pater
794 613 804 628 ‚
818 593 844 627 ᾗ.
855 589 982 622 Mando
992 613 1002 626 ‚
1016 592 1070 622 ubi
1082 592 1157 630 glos.

171 639 206 668 in
222 648 286 669 ver.
302 634 420 678 confili‘i
431 657 441 672 ,
454 632 492 676 ffi
507 636 558 667 De
567 636 622 673 leg.
636 647 663 666 2.
675 633 712 667 ω’*
722 636 744 667 l.
757 646 784 665 2.
796 632 927 675 §·fi⁷¹·ff
940 632 1057 667 Maznd.
1080 634 1158 666 Dec.

163 678 211 712 hic
229 690 310 710 num.
331 690 382 713 22,
402 677 684 720 Qiemadmodum
704 679 736 710 &
757 677 930 718 prohibitio
942 677 1017 718 legis
1028 687 1161 709 concer-

164 732 243 753 nens
254 722 471 762 principaliter
480 722 619 754 favorem
630 722 696 762 ejus
708 743 717 757 ,
728 720 779 752 ciii
789 721 823 752 fit
836 743 844 757 ‚
866 720 959 752 habet
973 721 1039 752 vim
1051 722 1161 751 exhor-

158 765 295 796 tationis
306 776 330 797 c.
344 767 477 803 Denique
488 787 498 801 ‚
511 768 537 802 ᾗ.
549 768 621 797 Haec
630 764 685 806 etst
694 761 808 802 legibus
823 786 832 799 ‚
853 774 882 804 4.
901 762 970 801 dist.
990 775 1042 805 pei·
1064 773 1158 805 quem

158 822 160 824 >
173 817 295 840 textum
307 809 353 841 ita
362 809 480 850 scripsit
489 808 569 840 Abb.
582 809 617 840 in
626 819 651 840 c.
664 807 722 839 Ad
731 805 940 848 Apostolicam
951 830 960 844 ‚
981 819 1010 839 n.
1028 805 1158 847 11.vers.

160 851 287 884 2.Solve
296 854 333 883 de
340 853 434 891 regul.
1124 856 1133 867 ¹

101 903 146 936 24
209 894 324 936 Neque
334 894 434 927 obstat
446 904 522 926 text.
536 895 567 926 in
578 893 609 926 d.
620 903 686 935 cap.
699 894 841 930 Dilefbo,
861 892 898 924 de
917 891 1091 934 μνη-,ἀφιῇ
1114 893 1160 924 ibi

170 938 276 979 agitur
294 940 332 970 de
354 938 461 970 favore
482 937 642 974 Ecclesiae,
663 940 696 968 δε
716 947 782 968 non
802 937 983 978 simpliciter
992 938 1029 967 de
1051 935 1159 967 favore

165 980 388 1017 statuentium.
413 980 512 1012 Unde
523 991 590 1013 non
599 980 717 1013 mii-uin
727 980 748 1011 si
760 980 908 1012 statutum
926 979 1071 1011 revocari
1093 989 1159 1011 non

168 1024 280 1065 poffit‚
301 1034 337 1056 ut
346 1025 425 1056 bene
437 1024 580 1056 observat
592 1023 669 1056 Dec.
682 1022 729 1055 hic
738 1034 872 1063 num.24.
884 1022 1037 1064 adjiciens
1047 1024 1158 1054 eodem

158 1069 257 1099 modo
267 1078 324 1108 pro
335 1070 434 1099 *edere
445 1068 532 1107 gloss.
544 1067 578 1099 in
588 1066 804 1100 mensunusum
813 1089 823 1102 ‚
843 1066 920 1107 quia
940 1065 985 1097 ibi
1008 1066 1111 1106 agitur
1120 1069 1158 1098 de

166 1109 277 1142 favore
286 1108 455 1147 mixtossui
466 1109 772 1142 ineritorenunciari
783 1120 848 1143 non
867 1108 983 1149 potest,
995 1118 1029 1140 ut
1044 1118 1158 1141 notant

165 1151 243 1184 DD.
254 1153 298 1186 ibi
310 1153 374 1194 post
384 1154 433 1195 Jo:
444 1156 482 1185 de
494 1154 584 1185 Imol.
597 1154 691 1185 Sectis
701 1155 830 1194 quando
839 1153 938 1184 solum
948 1151 1102 1184 tractatui·
1120 1154 1158 1184 de

160 1194 268 1228 favore
279 1196 484 1229 statuentium
494 1219 505 1233 ‚
526 1208 559 1228 ut
571 1208 606 1229 ex
616 1195 768 1237 praedietis
779 1206 881 1237 patet.

208 1238 306 1275 Unde
321 1241 401 1276 lianc
413 1240 599 1272 sententiam
611 1250 717 1271 tuetur
727 1238 776 1270 liic
790 1239 920 1271 Decmu.
933 1240 1025 1271 22.&
1035 1249 1102 1271 eam
1114 1239 1159 1271 di-

156 1282 204 1314 cit
214 1283 317 1324 magis
331 1283 497 1323 juridicam
510 1283 596 1315 Rota
608 1285 686 1323 apud
697 1282 793 1314 Card.
804 1282 953 1314 Crescen.
963 1281 1053 1321 deczfi
1065 1292 1114 1320 79.
1126 1294 1159 1313 a·

158 1324 222 1357 lia's
237 1324 324 1366 3.sub
335 1329 384 1358 tit.
398 1328 449 1358 De
458 1328 569 1368 privil.
580 1325 617 1359 (θ’
627 1325 716 1363 decis.
733 1324 821 1365 i.sub
831 1328 882 1357 tit.
896 1328 946 1357 De
964 1336 1077 1367 prater.
1089 1337 1157 1367 quae

158 1369 274 1409 incipit
286 1381 292 1400 :
316 1369 370 1411 Est
379 1372 575 1410 privilegium
588 1394 595 1401 .
606 1369 696 1411 Qua
707 1369 784 1401 sicut
797 1369 971 1410 ,privilegio
980 1370 1051 1410 quis
1062 1369 1158 1410 potest

156 1413 347 1445 renunciare
357 1436 367 1450 ³
380 1414 425 1445 ita
435 1416 467 1445 δέ
480 1416 608 1445 decreto
621 1413 761 1444 irritanti
783 1423 946 1454 tamquam
955 1413 1127 1445 accessorio
1146 1435 1156 1449 ‚

160 1455 287 1489 Aretin.
299 1456 332 1488 in
341 1455 489 1497 l.vDuobzts
499 1480 509 1493 ,
523 1460 548 1491 ε.
563 1459 670 1488 Etiam
681 1458 734 1488 col.
748 1468 775 1487 2.
785 1455 865 1497 verſs
877 1455 973 1489 Bald.
985 1466 1087 1487 tamen
1103 1479 1113 1493 ,
1122 1455 1158 1488 de

156 1499 238 1537 vulg.
249 1497 286 1531 ὠ·
296 1502 389 1541 pupil.
403 1500 574 1540 Erpreffius
584 1499 716 1532 Cardin.
729 1503 762 1530 in
771 1501 899 1532 clema.
911 1510 991 1532 num.
1008 1504 1053 1532 18.
1066 1510 1110 1538 qu.
1122 1503 1158 1531 de

156 1541 237 1574 elea.
250 1542 400 1578 Eaindein
409 1545 594 1584 opinionem
606 1553 692 1575 tenet
703 1542 824 1575 Cassad.
833 1541 924 1583 dccifi
945 1554 971 1574 2.
992 1542 1029 1574 de
1047 1542 1156 1575 decret.

154 1585 188 1616 &
198 1584 331 1618 Sarnen.
342 1589 374 1618 in
383 1599 442 1625 reg.
455 1587 491 1618 de
500 1590 611 1618 trienn.
624 1597 650 1624 q.
660 1597 710 1627 49.
721 1597 800 1617 num.
817 1597 825 1617 i
839 1587 919 1617 i.ubi
931 1586 1156 1622 ain-decretum

154 1629 327 1670 appositum
339 1630 372 1662 in
384 1631 537 1671 regreffu,
558 1631 606 1662 vel
619 1630 887 1671 aliaquacumque
907 1630 1008 1670 gratia
1020 1641 1084 1662 non
1103 1630 1153 1661 ha-

156 1671 229 1703 bere
239 1672 384 1705 eflectum
395 1674 453 1706 nisi
465 1676 592 1706 ‘volente
603 1684 641 1705 eo
651 1696 660 1709 ,
683 1673 715 1704 iti
727 1673 816 1704 cu'us
836 1673 976 1705 favorem
988 1673 1028 1704 est
1042 1672 1156 1714 apposi-

153 1722 225 1746 tum
235 1725 287 1755 per
298 1725 373 1747 text.
392 1717 426 1748 iri
437 1729 460 1748 c.
480 1727 503 1748 i.
517 1718 565 1750 De
575 1715 690 1755 concess.
702 1726 757 1757 prae
778 1740 785 1747 .
805 1719 838 1747 in
849 1722 877 1747 6.
889 1727 953 1748 cum
960 1715 1093 1748 concord.

87 1764 132 1795 27
192 1756 340 1789 Secundo
354 1760 574 1801 principaliter
585 1763 713 1800 quando
725 1759 809 1791 aetus
827 1761 1035 1792 confirmatus
1058 1759 1157 1791 alicu-

155 1800 292 1833 biliabet
302 1803 472 1835 clausulam
495 1804 724 1836 anniillativam
745 1803 830 1835 aetus
851 1803 1029 1840 contrarii,
1048 1805 1082 1835 &
1102 1804 1156 1834 ali-

151 1844 227 1891 cubi
249 1855 316 1877 non
328 1868 338 1882 ‚
358 1856 393 1878 ut
416 1846 450 1878 in
473 1848 542 1878 casu
565 1847 669 1879 nostro
683 1848 715 1878 in
726 1848 790 1888 q'uo
802 1846 991 1878 constitutio
1002 1869 1010 1881 ,
1032 1848 1070 1878 de
1091 1857 1154 1886 qua

161 1896 268 1928 agitur
278 1910 288 1924 ‚
308 1899 374 1921 non
395 1890 487 1922 habet
509 1890 684 1931 predictam
706 1891 875 1923 clausulam
894 1913 903 1926 ‚
928 1890 1017 1921 sicuti
1037 1890 1153 1921 habent

151 1930 255 1972 plures
276 1931 342 1962 alite
364 1933 609 1966 constitutiones
632 1934 721 1975 liujus
740 1932 1014 1973 Congregationis
1033 1955 1042 1968 ,
1077 1942 1153 1964 tunc

155 1975 320 2005 decretum
344 1975 471 2007 irritans
492 1978 663 2016 appositum
677 1977 708 2007 in
721 1977 966 2010 confirmatione
979 1986 1043 2006 nori
1065 1978 1155 2008 indu-

152 2016 200 2048 cit
216 2017 397 2049 nullitatein
417 2022 519 2060 quoad
533 2020 660 2055 omnia,
682 2020 730 2050 sed
744 2021 924 2059 regulatur,
946 2022 978 2050 ὃς
991 2019 1154 2051 modifica-

154 2068 208 2091 tur
219 2059 389 2092 secundum
401 2072 547 2094 naturam
560 2062 644 2094 ac'tus
656 2063 836 2095 confirmati
848 2085 857 2098 ‚
877 2074 901 2094 c.
914 2063 1000 2106 Quia
1009 2063 1123 2094 emistis
1145 2085 1155 2099 ‚

157 2100 195 2134 de
203 2102 323 2144 conceff.
332 2103 417 2144 praeb.
428 2104 481 2137 lib.
493 2111 522 2137 6.
535 2106 661 2137 Gemin.
673 2105 749 2144 confi
768 2116 836 2146 ¹43·
858 2107 913 2136 Ex
923 2108 1063 2146 narratis
1074 2128 1083 2141 ,
1105 2118 1152 2137 nn.

153 2154 179 2177 1.
199 2144 280 2185 verſs
303 2147 466 2179 Decretum
487 2152 584 2179 enim.
610 2147 779 2188 Prindea-ſs
804 2160 827 2180 1.
840 2147 1151 2190 nu,3.lib.1·Cardin.

152 2187 315 2230 Seraphin.
325 2188 417 2230 dec-:ss
431 2201 502 2232 341.
514 2202 591 2222 num.
604 2203 634 2230 q.
643 2191 707 2232 post
718 2190 840 2223 Callad.
852 2194 885 2223 ὃ(
894 2192 1023 2224 Sarnen.
1034 2194 1086 2223 loc.
1100 2195 1152 2224 cit.

148 2230 249 2274 Qiod
280 2231 365 2265 clare
393 2234 569 2266 ostenditur
600 2235 741 2275 exemplo
774 2234 868 2266 Ruiiae
897 2236 1153 2269 confirmationis

155 2274 299 2307 Concilii
310 2275 495 2309 Tridentini
507 2290 522 2308 a
532 2277 588 2309 Pio
601 2279 652 2308 lV.
676 2278 766 2309 edita·
779 2300 788 2314 ‚
809 2290 876 2318 qiiae
900 2279 1012 2320 incipit
1023 2301 1032 2315 ‚
1058 2281 1152 2312 Bene—

150 2317 250 2350 dictus
260 2321 365 2351 Deus:
386 2320 418 2352 in
431 2332 467 2352 ea
477 2322 563 2352 enim
578 2321 749 2362 appositum
760 2322 802 2352 est
821 2324 984 2353 decretum
996 2322 1123 2354 irritans
1144 2345 1153 2359 ,

157 2362 192 2394 ὅ(
212 2370 318 2394 tamen
339 2364 547 2397 certissimum
558 2365 608 2396 est
629 2365 686 2396 hoc
707 2367 871 2396 decretum
893 2376 957 2396 non
981 2366 1151 2406 importare

150 2404 333 2438 nullitatem
351 2407 496 2440 omnium
520 2431 529 2445 ,
550 2410 582 2440 &
604 2408 797 2448 singulorum
818 2431 827 2443 ,
847 2419 915 2450 qut·
936 2409 1013 2440 siant
1039 2419 1153 2441 contra

148 2448 388 2489 dispositionem
398 2449 543 2482 Concilii
554 2474 563 2487 ,
585 2451 730 2493 alioquin
739 2452 941 2492 sequerentur
952 2451 1088 2492 plurima
1100 2453 1151 2483 ab·

91 2501 131 2530 29
154 2491 260 2526 surda,
282 2491 320 2523 Et
334 2493 365 2524 in
376 2493 474 2534 specie
496 2495 704 2526 matrimonia
723 2496 887 2526 contracta
907 2506 973 2526 non
993 2495 1150 2536 praeiuissis

148 2536 449 2568 denuntiationibus
469 2538 556 2568 nulla
574 2534 670 2569 e’il‘ent
681 2559 690 2573 ‚
714 2548 788 2569 cum
811 2538 840 2571 id
868 2539 1069 2579 prohibeatur
1084 2539 1151 2570 lieri

156 2578 192 2610 in
201 2588 267 2619 cap.
293 2588 318 2610 1.
332 2577 401 2619 sess
424 2590 472 2619 24.
495 2579 530 2610 de
550 2579 668 2622 reform.
692 2583 829 2613 matrim.
842 2582 921 2614 Item
945 2581 1148 2623 profeffiones

151 2622 290 2653 emiffaea
302 2623 414 2664 puellis
425 2633 497 2655 ante
516 2625 765 2663 explorationem
780 2626 962 2663 »voluntatis
983 2625 1078 2656 essent
1103 2624 1150 2656 in-

150 2665 279 2701 validae,
302 2676 376 2697 cuin
399 2677 470 2698 ante
489 2667 664 2708 hujusmodi
684 2667 935 2706 explorationem
947 2668 1056 2700 emitti
1079 2678 1148 2708 pro-

84 2717 126 2749 30
146 2707 315 2740 liibeantur
326 2709 359 2740 in
371 2718 436 2750 cap.
452 2708 581 2750 17.seff.2
591 2708 654 2741 mdc
665 2710 755 2747 regul.
769 2710 805 2740 lit
819 2721 925 2742 tamen
936 2711 1148 2748 contrarium,

149 2751 184 2783 in
196 2761 330 2793 utroque
341 2752 413 2784 casu
424 2753 529 2793 saepius
541 2753 713 2785 declaravit
723 2752 753 2782 S.
774 2752 971 2794 Congregat.
991 2754 1148 2795 Qiando-

149 2794 279 2836 quidem
290 2795 479 2828 Concilium
491 2797 544 2827 ubi
558 2796 657 2827 voluit
672 2796 831 2836 imponere
843 2807 967 2836 paenam
988 2798 1146 2829 nullitatis

152 2838 236 2869 actus
247 2861 256 2873 ,
279 2838 306 2869 id
320 2839 441 2870 disertis
453 2839 554 2870 verbis
565 2839 708 2879 expressit
721 2861 728 2874 ,
752 2848 785 2869 ut
799 2838 920 2870 fecitin
932 2840 1147 2871 matrimoniis

150 2881 350 2912 clandestinis
372 2883 404 2913 in
414 2881 443 2915 d..
456 2894 480 2913 c.
495 2892 519 2913 1.
531 2886 562 2914 ὃς
575 2883 607 2913 iti
620 2881 806 2923 profeslione
818 2881 925 2913 emissa
936 2882 1018 2913 infra
1030 2893 1148 2918 annum

148 2924 344 2964 probationis
353 2947 363 2960 ,
382 2935 436 2957 aut
447 2934 519 2957 ante
533 2935 649 2959 annum
661 2925 761 2956 :emtis
777 2930 822 2958 16.
836 2925 868 2956 in
879 2934 945 2965 cap.
962 2924 1081 2965 15.ses].'
1094 2935 1145 2964 25.

148 2967 201 2998 De
210 2968 300 3005 regul.
313 2968 392 3000 Item
405 2968 438 3000 iri
448 2967 656 3000 elec-“tionibus
670 2967 878 3007 Regularium
889 2991 898 3004 ,
907 2966 974 3009 quse
986 2978 1051 2999 nori
1064 2968 1144 3000 fiunt

148 3018 202 3050 per
212 3019 287 3042 vota
295 3010 412 3043 secreta
423 3012 455 3043 in
466 3023 490 3043 c.
502 3016 531 3045 6.
545 3010 831 3053 ejusdemseffiom's-‚
853 3013 886 3043 &
895 3010 968 3051 saepe
982 3011 1147 3042 alibi-Un-

148 3054 187 3084 de
196 3053 249 3084 ubi
258 3055 340 3086 lianc
350 3065 475 3095 peenam
487 3055 644 3087 nullitatis
654 3065 719 3086 non
739 3055 879 3095 apposuit
890 3077 900 3091 ‚
924 3055 1066 3086 censetur
1088 3065 1145 3085 no-

150 3094 237 3128 luisse
245 3096 349 3130 aetum
358 3099 415 3130 effi
428 3099 554 3130 irritum
565 3110 599 3130 ca
602 3108 631 3139 p.
645 3109 673 3129 2.
684 3098 762 3138 verss
774 3096 861 3131 Unde
864 3099 896 3140 st
915 3100 996 3129 circa
1013 3098 1147 3129 transla-

149 3140 280 3175 tionem,
298 3139 334 3171 dc
344 3143 456 3173 transl.
470 3142 572 3182 Epist.
583 3142 714 3173 Oldrad.
726 3140 801 3181 cons.
815 3146 886 3173 266.
911 3141 1000 3184 Qud
1015 3150 1115 3172 autem
1134 3163 1145 3180 ,

149 3192 229 3213 num·
254 3192 300 3213 10-
318 3185 351 3217 δε
367 3185 596 3225 consequenter
616 3188 779 3217 decretum
792 3185 918 3217 irritans
933 3185 966 3216 in
978 3185 1146 3216 confirma-

151 3225 242 3257 tione
260 3224 355 3257 Bullae
375 3227 422 3259 Pii
441 3228 496 3260 lv.
509 3229 682 3269 appositum
692 3239 758 3260 non
770 3228 861 3259 debet
872 3228 952 3259 hanc
963 3228 1145 3259 nullitatem

146 3266 328 3300 indistinete
349 3269 497 3304 inducere
507 3295 517 3308 ‚
539 3272 587 3304 scd
608 3272 712 3312 porius
724 3271 860 3312 regulari
872 3269 1042 3303 secundum
1055 3281 1145 3303 natu-

145 3321 215 3359 ram
225 3312 309 3343 actus
320 3312 500 3346 confirmati
510 3338 518 3346 .
542 3316 696 3356 Alioquin
708 3326 773 3346 non
784 3314 986 3349 confirmaret
999 3317 1016 3350 ,⁴
1030 3313 1079 3345 sed
1090 3325 1146 3355 po-

148 3353 213 3387 tius
224 3355 395 3387 inverteret
406 3357 499 3388 verba
509 3380 519 3394 ,
541 3360 574 3390 ὃς
584 3369 723 3390 mentem
733 3358 877 3390 Concilii
888 3380 895 3388 .

186 3398 224 3430 Et
234 3400 473 3440 ponderandum
484 3399 525 3431 est
535 3401 569 3432 iti
577 3402 737 3442 praesentia
746 3401 867 3433 dictum
886 3409 953 3440 cap.
968 3398 1109 3440 17.fi’ff.2
1117 3408 1143 3439 5.

148 3442 199 3476 ,De
213 3443 304 3482 regul.
329 3439 526 3484 praescribens
547 3454 667 3484 teinpus
687 3445 928 3485 professionibus
950 3443 1135 3475 emittendis

145 3484 214 3526 post
233 3486 484 3532 explorationem
504 3487 679 3521 voluntatis
700 3488 788 3521 fuisse
809 3488 932 3521 editum
949 3485 986 3519 in
1005 3487 1145 3520 savorem

101 1246 141 1279 25

86 2234 128 2265 28

82 3407 123 3443 31

2049 84 2140 128 ιο,

1205 162 1361 197 libertatis
1382 163 1550 204 Virginum
1571 163 1643 196 Deo
1662 163 1889 197 dicandartim,
1911 169 1946 192 ut
1967 159 2011 192 ibi
2021 161 2140 193 dicitur
2158 162 2192 196 in

1200 205 1300 245 princ.
1320 205 1624 247 Qiemadmodum,
1641 208 1677 239 &
1695 205 1822 248 praesens
1842 203 2042 238 Constitutio
2059 205 2193 244 praeseri·

1159 262 1165 268 ·
1202 248 1278 280 bens
1298 258 1419 290 tempus
1442 250 1705 291 propositionibus
1724 248 1880 284 faciendis
1904 256 1977 279 anre
2005 246 2194 280 eiectionem

1200 291 1388 329 Generalis„
1410 294 1496 326 edita
1504 293 1564 326 fuit
1577 293 1609 325 in
1619 293 1759 326 favorem
1771 291 1924 324 libertatis
1935 289 2105 322 electorum
2116 314 2124 321 .
2137 291 2192 322 Er-

1201 344 1244 375 go
1258 335 1335 367 sicut
1346 336 1492 375 professio
1501 338 1607 369 emissa
1617 347 1733 369 contra
1748 334 1986 376 dispositionem
1997 333 2142 365 Concilii
2154 345 2192 366 eo

1200 378 1319 412 casuex
1331 379 1487 411 sententia
1496 380 1526 412 S.
1539 379 1810 420 congregationis
1823 389 1888 410 non
1907 377 2048 410 redditur
2060 377 2192 410 irritain

1198 421 1264 452 vim
1275 423 1395 454 decreti
1408 423 1562 454 irritantis
1572 423 1662 463 positi
1673 424 1706 454 in
1718 424 1806 455 Bulla
1816 421 1887 453 Con
1894 421 2081 452 firmationis
2101 419 2192 452 Con-

1198 464 1285 495 cilii:
1309 465 1353 496 ita
1365 476 1420 497 nec
1434 466 1603 506 propositio
1613 467 1733 498 decreti
1743 467 1853 506 dequo
1863 465 1979 505 agitur,
1989 461 2070 495 fac‘ta
2079 473 2193 495 contra

1198 507 1390 539 antedictam
1410 508 1685 541 Constitutionem
1705 509 1796 540 debet
1814 508 2004 540 reddiitrita
2014 517 2050 538 cx
2061 509 2190 539 decreto

1199 550 1341 582 irritanti
1354 551 1491 591 apposito
1502 553 1535 584 in
1549 552 1648 583 literis
1660 551 1914 583 confirmationis
1924 550 2191 586 constitutionum

1195 593 1289 625 hu'us
1299 593 1591 633 Coneregationis.

1268 646 1280 668 t
1290 648 1326 668 ex
1338 638 1481 678 pra-dieta
1493 637 1746 670 consideratione
1756 638 1850 669 Bullae
1862 637 1911 668 Pii
1922 637 1976 678 w„
1996 647 2071 669 cum
2093 647 2192 678 nuper

1197 680 1379 712 dubitatum
1390 681 1462 713 esset
1475 681 1507 713 in
1518 682 1548 713 S.
1559 681 1821 719 congregatione
1843 678 2051 720 Regularium
2063 682 2100 712 de
2116 680 2191 713 vali-

1197 722 1298 755 ditate
1308 723 1471 756 electionis
1483 723 1692 756 Provincialis
1705 723 1921 757 Mediolanen.
1941 723 2062 754 ordinis
2084 724 2194 755 Mino-

1197 775 1267 797 ruin
1286 765 1559 800 Convenrualium
1580 769 1742 799 celebratae
1760 790 1769 803 ,
1792 777 1856 797 non
1878 767 1993 806 prxvio
2016 777 2192 805 ,iuramento

1195 811 1235 840 de
1245 810 1394 851 eligendo
1404 811 1550 852 digniore
1563 821 1675 843 contra
1695 810 1940 851 prohibitionem
1951 808 2191 842 constitutionis

1197 850 1351 890 Oi·dinis,·
1373 855 1405 886 &
1422 865 1632 895 opponeretur
1649 858 1733 895 quod
1755 854 1827 885 esset
1848 854 1936 884 nulla
1957 854 2194 893 propterdecre-

1196 904 1266 927 tum
1287 897 1415 929 irritans
1434 898 1604 939 appositum
1625 897 1659 929 in
1678 897 1765 929 Bulla
1776 896 2031 929 confirmationis
2043 896 2193 927 constitu-

1197 937 1323 971 tionum
1332 941 1470 982 ejusdem
1479 941 1612 973 ordinis.
1626 941 1654 972 S.
1671 939 1893 981 Congregatio
1904 940 1961 969 hoc
1974 949 2036 970 non
2049 938 2190 971 obstante

1197 981 1325 1015 resolvit
1345 993 1401 1024 pro
1422 985 1586 1016 validitate
1607 985 1790 1019 electionis,
1811 993 1882 1014 cum
1895 981 2147 1016 constitutioillri
2157 984 2194 1015 de

1200 1026 1376 1066 juramento
1395 1027 1564 1068 praestando
1584 1038 1648 1060 non
1669 1027 1839 1059 haberetin
1850 1026 1948 1066 specie
1959 1025 2129 1057 clausulam
2141 1036 2194 1058 an·-

1196 1068 1388 1101 nullativain
1399 1070 1483 1102 astus
1495 1072 1669 1103 contrarii.

1240 1111 1279 1144 Et
1299 1114 1525 1150 confirmatur,
1546 1115 1622 1155 quia
1639 1114 1737 1146 etiam
1757 1114 1789 1145 in
1800 1111 2193 1153 constitutionibusliuj'us

1195 1153 1472 1196 Constregationis
1493 1158 1629 1197 plurima
1649 1158 1846 1188 reperiuntur
1868 1166 2038 1196 pra’cepta,
2058 1156 2090 1185 ἃ
2110 1155 2195 1187 ordi·

1196 1199 1342 1230 nationes
1354 1222 1364 1234 ‚
1385 1211 1421 1231 ex
1433 1211 1570 1240 quorum
1582 1200 1821 1239 transgressione
1835 1199 1922 1230 vaide
1936 1199 2099 1230 absurdum
2110 1198 2195 1233 esset,

1197 1251 1232 1272 ut
1243 1242 1412 1274 &estimes
1425 1245 1522 1276 essent
1537 1244 1568 1275 in
1582 1243 1690 1275 validae
1701 1267 1710 1275 .
1732 1243 1817 1274 Nam
1835 1252 1903 1283 pag.
1915 1253 1964 1273 22.
1975 1243 2143 1273 mandatur
2156 1251 2191 1273 ut

1196 1284 1416 1317 Cancellarius
1438 1297 1511 1319 ante
1534 1287 1726 1328 singulorum
1747 1285 1933 1319 officialium
1951 1284 2139 1317 eiectionem
2159 1295 2195 1316 ea

1198 1328 1301 1367 legat,
1321 1340 1388 1369 quse
1402 1331 1434 1363 in
1444 1331 1776 1370 constitutionibus&
1790 1329 1856 1369 ipsis
1879 1338 1971 1368 atque
1993 1327 2196 1370 ipsoruingof-

1196 1371 1277 1403 ficiis
1288 1374 1416 1405 decreta
1425 1373 1513 1410 sunt,
1529 1374 1607 1406 item
1619 1383 1687 1414 pag.
1702 1382 1750 1409 27·
1765 1372 1908 1403 statuitur
1921 1394 1928 1407 ,
1950 1380 1984 1402 ut
1996 1373 2069 1401 dum
2078 1371 2196 1403 calculi

1196 1416 1425 1453 extrahuntur,
1446 1415 1462 1447 a
1475 1417 1547 1448 solis
1557 1416 1784 1452 scrutatoribus
1795 1416 1980 1450 videantur,
2000 1424 2065 1445 non
2076 1414 2113 1444 ab
2125 1413 2195 1446 aliis

1196 1457 1404 1491 electoribus‘
1424 1459 1463 1491 Et
1484 1471 1551 1500 pag.
1575 1472 1624 1501 30.
1645 1459 1853 1500 prescribitur
1874 1457 2155 1500 formajuramenti
2180 1457 2196 1488 τὶ

1196 1501 1421 1542 capitularibus
1442 1504 1603 1544 praestandi
1621 1513 1693 1535 ante
1712 1502 1900 1542 electionem
1921 1499 2076 1541 Prsepositi
2095 1500 2196 1531 Gene-

1194 1545 1291 1581 ralis,
1312 1547 1344 1577 &
1364 1556 1470 1578 tamen
1493 1558 1587 1579 tiemo
1607 1547 1751 1579 assereret
1776 1556 1812 1577 ex
1832 1544 2001 1576 omissione
2014 1543 2147 1585 alicujus
2159 1554 2196 1575 ex

1194 1587 1348 1629 praedietis
1369 1589 1622 1622 solemnitatibus
1643 1588 1949 1631 vitiarielectioneiii
1962 1596 2085 1628 propter
2107 1587 2195 1618 clau-

1195 1631 1292 1663 sulam
1302 1633 1423 1665 decreti
1431 1634 1600 1675 appositam
1611 1634 1644 1665 in
1655 1632 1902 1667 confirmatione
1915 1630 2193 1662 constitutionum.

1195 1674 1234 1706 Et
1252 1675 1286 1706 iri
1305 1676 1472 1708 omissione
1492 1677 1664 1719 juramenti
1676 1678 1735 1708 hoc
1748 1676 1809 1718 jain
1819 1674 1995 1708 declaravit
2005 1674 2036 1705 S.
2047 1672 2194 1712 Congre-

1194 1718 1284 1759 gatio
1306 1717 1532 1760 Regularium,
1555 1731 1589 1752 iit
1601 1721 1689 1760 supra
1707 1717 1847 1761 proxime
1868 1716 1987 1749 dictum
1999 1717 2038 1747 ell
2052 1741 2059 1747 .
2071 1716 2193 1749 Simili-

1195 1771 1242 1792 ter
1253 1771 1320 1802 patz.
1334 1774 1382 1793 22.
1395 1773 1523 1794 cavetur
1535 1774 1569 1795 ut
1579 1763 1740 1804 quinque,
1764 1772 1817 1795 aut
1837 1761 1884 1792 sex
1905 1761 2031 1803 pastellos
2050 1760 2192 1792 electori·

1195 1805 1250 1835 bus
1272 1804 1498 1838 distribuantur
1516 1830 1523 1837 .
1554 1807 1633 1838 Item
1654 1816 1688 1838 ut
1720 1805 1823 1846 praeses
1835 1805 1990 1844 propritim
2013 1803 2190 1835 schedulam

1192 1849 1315 1879 duobus
1334 1849 1445 1889 digitis
1465 1850 1617 1881 sublatam
1636 1850 1669 1880 in
1681 1859 1792 1880 urnam
1804 1847 1977 1878 immittat.
2001 1845 2092 1888 Qtid
2113 1857 2190 1888 ergo

1195 1891 1214 1922 si
1239 1891 1352 1931 septem
1374 1915 1382 1927 ‚
1407 1902 1460 1924 aut
1481 1892 1554 1924 otsto
1577 1894 1702 1934 pagellae
1725 1891 1950 1923 distribuantur
1970 1887 2158 1922 electoribus
2181 1902 2189 1924 3

1192 1933 1284 1975 Quid
1307 1935 1327 1966 si
1348 1935 1451 1976 praeses
1472 1936 1651 1968 schedulam
1675 1936 1813 1967 sublevet
1837 1933 2078 1971 tribusdigitis?
2099 1944 2190 1965 num-

1192 1978 1268 2017 quid
1291 1978 1451 2020 propterea
1475 1980 1653 2011 irritabitur
1672 1978 1806 2010 electio?
1829 1976 2073 2012 Patetititurcx
2085 1978 2190 2017 praedi·

1192 2021 1250 2052 etis
1264 2044 1272 2056 ‚
1293 2023 1326 2052 ὃς
1339 2022 1411 2053 aliis
1423 2045 1432 2059 ‚
1453 2033 1521 2063 quse
1533 2023 1567 2054 iri
1584 2021 1867 2057 constitutionibus
1888 2020 2061 2055 habentur,
2081 2023 2189 2052 decre-

1191 2074 1260 2095 tum
1283 2064 1410 2097 irritans
1431 2076 1498 2097 non
1517 2067 1598 2107 posse
1618 2065 1727 2097 referti
1747 2067 1782 2096 ad
1803 2064 1936 2102 singulas
1947 2062 2190 2095 constitutiones

1192 2108 1305 2149 absque
1317 2118 1375 2146 eo,
1395 2111 1479 2150 quod
1492 2105 1796 2141 mille‘absui'ditates
1807 2107 1974 2147 sequantur
1994 2130 2002 2138 .
2027 2106 2122 2138 Unde
2141 2118 2193 2147 ge·
2217 2119 2251 2150 33

1191 2151 1343 2183 neraliter
1354 2152 1524 2184 dicendum
1537 2152 1576 2184 est
1590 2155 1752 2184 decretum
1777 2151 1903 2183 irritans
1914 2172 1923 2184 ,
1946 2149 2098 2190 siquidem
2111 2151 2185 2192 aflji-

1191 2194 1296 2225 ciatur
1307 2194 1824 2236 alicuiparticulariordinationi,
1836 2195 1881 2224 vel
1895 2193 2102 2233 prohibitioni
2112 2203 2187 2225 tunc

1192 2237 1372 2269 indistintste
1385 2238 1556 2279 importare
1567 2239 1748 2270 nullitatcin
1761 2238 1843 2268 attus
1866 2237 1898 2268 in
1920 2237 2117 2268 contrarium
2142 2246 2188 2268 at-

1191 2278 1308 2313 tentati
1330 2282 1417 2324 juxta
1437 2292 1558 2314 textum
1581 2282 1613 2314 iti
1635 2291 1699 2324 cap.
1711 2282 1796 2326 Qia
1808 2290 1924 2321 propter
1933 2278 1969 2310 de
1981 2280 2061 2310 ι’ίεὲῗ.
2073 2282 2103 2310 ὃς
2118 2280 2184 2311 inc.

1189 2326 1227 2356 Si
1238 2326 1285 2355 cui
1294 2347 1304 2361 ,
1315 2323 1376 2355 eod.
1387 2327 1437 2355 tit.
1448 2325 1499 2357 lib.
1513 2330 1542 2356 6.
1554 2325 1585 2357 Si
1598 2325 1671 2357 vcro
1684 2334 1857 2365 apponarur
1868 2324 1900 2354 in
1921 2323 2068 2354 clausulis
2077 2333 2186 2354 execu-

1189 2367 1265 2399 tivis
1276 2390 1285 2403 ‚
1298 2377 1332 2399 ut
1345 2369 1411 2399 fieri
1423 2369 1499 2401 solet
1508 2380 1546 2401 ex
1559 2368 1635 2410 stylo
1646 2391 1655 2405 ,
1677 2378 1752 2400 tunc
1766 2366 1875 2399 referri
1885 2367 1976 2397 debet
1988 2368 2022 2396 ad
2045 2366 2163 2406 judices
2175 2389 2185 2403 ‚

1188 2420 1224 2442 ut
1236 2411 1329 2444 verba
1342 2411 1402 2452 ipsa
1414 2412 1544 2444 sonant:
1568 2410 1830 2453 apponitur-enim
1839 2411 1875 2440 sid
1888 2410 1981 2440 finem
2001 2409 2185 2441 removendi

1188 2453 1349 2485 obstacula
1361 2455 1567 2495 impedientia
1577 2455 1798 2488 executionem
1812 2452 1895 2482 actus
1905 2474 1914 2487 ‚
1934 2451 2019 2491 super
2037 2454 2121 2493 quod
2133 2454 2184 2483 de-

1188 2497 1411 2538 cei·nitur,cap.
1422 2501 1459 2530 St
1469 2510 1500 2528 eo
1511 2508 1570 2528 tem
1575 2507 1642 2537 pore
1650 2519 1660 2533 ,
1671 2499 1707 2528 de
1717 2497 1797 2527 eleff.
1809 2493 1861 2525 [sb.
1875 2496 1938 2526 ωδε
1954 2504 2042 2526 notat
2054 2495 2180 2527 Gemin.

1187 2538 1400 2580 confii43.Ex
1410 2550 1591 2576 narr.1tis‚⁷1.
1601 2542 1660 2572 1.&
1669 2550 1704 2571 ex
1717 2550 1756 2571 eo
1767 2539 1892 2570 tollitur
1906 2538 1912 2544 '
1939 2538 2079 2569 risdic‘tio
2091 2538 2180 2570 aliter

1191 2583 1403 2624 jiidican‹li,ex
1416 2583 1535 2615 notatis
1547 2594 1597 2625 pei·
1608 2583 1742 2616 Card.in
1750 2594 1774 2615 c.
1789 2582 1871 2629 jS‘l
1883 2549 2057 2620 figentia,
2067 2584 2100 2613 tn
2113 2592 2138 2623 3.
2153 2591 2179 2620 q.

1187 2624 1224 2657 de
1233 2626 1315 2657 eleH.
1326 2625 1449 2667 Seraph.
1461 2626 1522 2660 dec.
1539 2624 1909 2667 351.›71.1.Rotadec.174.
1921 2634 2036 2666 n.13.p.
2048 2634 2138 2663 φνεῖ.

1229 2668 1363 2704 Tertio,
1385 2662 1546 2701 &ultimo
1557 2670 1662 2711 ‚quod
1674 2668 1785 2709 spec‘ltat
1798 2672 1833 2700 :id
1847 2668 2026 2708 praesentem
2045 2667 2180 2708 questio-

1186 2723 1259 2744 nem
1279 2712 1506 2744 observandum
1526 2709 1586 2749 e'st,
1617 2713 1876 2744 constitutionem
1908 2710 2180 2753 Congregationis

1188 2755 1283 2787 initio
1304 2755 1491 2795 propositam
1504 2777 1513 2793 ‚
1539 2756 1661 2788 idcirco
1679 2754 1882 2797 pi·:es⁴ci·ipsifl‘e
1905 2764 2025 2794 tempus
2046 2754 2180 2796 proposi-

1185 2798 1327 2829 tionibus
1342 2798 1481 2835 faciendi
1494 2800 1604 2831 scirca
1623 2800 1784 2840 personas,
1815 2798 1882 2839 jura
1900 2819 1910 2834 ,
1939 2800 1972 2828 ὃς
1992 2797 2179 2831 electionem

1184 2840 1535 2881 PraepositiGeneralis,
1558 2844 1604 2877 vel
1626 2843 1780 2883 majorum
1800 2840 1984 2872 officialium
2004 2847 2077 2872 ante
2099 2840 2180 2880 ipso-

1184 2894 1254 2915 rum
1266 2884 1454 2916 electionem
1466 2908 1474 2922 ‚
1486 2895 1525 2917 ne
1539 2886 1633 2917 iidem
1646 2884 1744 2927 postea
1753 2882 1843 2917 electi
1854 2885 2084 2924 quoquomodo
2094 2884 2179 2916 laede-

1184 2938 1255 2958 rent
1266 2950 1275 2964 ‚
1296 2938 1349 2959 aur
1361 2928 1588 2960 imminuerent
1602 2928 1778 2961 libertatem
1787 2926 2010 2967 capitularium
2020 2949 2028 2957 .
2039 2927 2114 2958 Haec
2127 2936 2179 2957 ati-

1183 2980 1248 3002 tem
1260 2970 1386 3002 libertas
1399 2982 1463 3002 non
1474 2971 1514 3003 est
1534 2971 1758 3004 consideranda
1777 2968 1912 3010 respectu
1937 2968 2155 3009 suffragiorum
2166 2990 2176 3005 ,

1181 3011 1258 3054 quia
1278 3013 1351 3045 cum
1368 3013 1512 3055 suffragia
1531 3013 1672 3046 ferantur
1694 3023 1745 3054 per
1765 3014 1927 3049 calculos,·
1950 3012 2033 3044 ratio
2054 3012 2116 3052 ipsa
2135 3010 2176 3043 se-

1182 3056 1260 3088 creti
1272 3055 1344 3093 satis
1357 3058 1652 3089 tuetur-libertatern
1661 3056 1884 3097 capitularium
1906 3054 2047 3088 adversus
2067 3054 2175 3087 autho-

1181 3099 1310 3131 ritatem
1320 3099 1513 3139 superiorum
1524 3122 1533 3136 ,
1550 3109 1587 3131 ur
1595 3109 1685 3133 notat
1698 3100 1732 3131 in
1756 3098 1787 3132 d.
1798 3109 1862 3141 cap.
1875 3100 1960 3146 Qia
1978 3101 2116 3139 propterl,
2137 3095 2174 3128 de

1180 3143 1264 3173 eles}-
1276 3143 1309 3173 &
1319 3152 1447 3182 patetex
1458 3145 1587 3175 decreto
1597 3152 1662 3184 cap.
1675 3147 1703 3174 6.
1715 3141 1777 3182 seff-
1789 3153 1839 3182 25·
1850 3145 1901 3176 De
1922 3142 2022 3180 Regul.
2042 3138 2171 3172 Concil.

1181 3185 1269 3216 Trid.
1279 3184 1339 3217 Sed
1348 3185 1641 3218 consideratidebet
1655 3186 1790 3227 respe&u
1799 3185 2047 3228 propositionum
2068 3183 2102 3215 in
2122 3193 2173 3215 ca-

1180 3228 1282 3270 pitulo
1292 3239 1303 3264 ‚·
1315 3228 1392 3269 quia
1402 3229 1569 3261 Generalis
1577 3228 1693 3263 eleetus
1701 3252 1712 3268 ,
1733 3230 1752 3262 si
1763 3230 1877 3271 aliquis
1887 3227 2038 3260 articulus
2050 3225 2104 3257 sibi
2115 3226 2175 3258 dis-

1181 3271 1328 3315 pliceret,
1338 3270 1432 3306 facile
1445 3272 1596 3313 impedire
1607 3273 1703 3313 posset
1713 3295 1723 3311 ,
1734 3284 1773 3305 ne
1785 3273 1801 3304 a
1815 3270 1977 3303 vocalibus
2007 3278 2173 3310 roponerc-

1179 3325 1231 3346 tui·
1243 3338 1250 3346 .
1264 3315 1304 3345 At
1317 3315 1380 3345 hrec
1391 3315 1474 3348 ratio
1485 3315 1621 3348 omnino
1631 3316 1757 3348 cessavit
1769 3316 1801 3349 in
1811 3317 1939 3346 decreto
1948 3334 1958 3350 a
2001 3323 2018 3344 e
2027 3322 2092 3354 quo
2105 3312 2171 3353 agi-

1180 3367 1253 3392 tur;
1283 3356 1359 3398 quia
1387 3368 1517 3396 omnes,
1547 3360 1580 3391 ὃ(
1600 3359 1711 3399 singuli
1739 3357 1926 3398 capitulares
1949 3356 2016 3388 sede
2037 3365 2169 3389 vacante

1181 3409 1253 3434 ante
1265 3399 1433 3432 electiones
1453 3402 1656 3445 jurejurando
1667 3401 1694 3435 se
1714 3400 1946 3432 obstrinxerunt
1965 3398 2168 3437 noniinpedi-

1179 3454 1232 3479 rc,
1251 3444 1423 3484 quominus
1445 3447 1608 3479 decretum
1627 3445 1685 3476 hoc
1697 3452 1944 3485 proponerentur
1955 3442 1988 3474 in
2009 3441 2166 3482 capitulo,

1179 3486 1251 3519 casu
1265 3496 1331 3530 quo
1346 3487 1460 3532 aliquis
1478 3499 1593 3522 eorum
1612 3487 1648 3520 in
1662 3487 1849 3520 Gener-alem
1869 3487 2037 3528 eligeretur
2058 3495 2064 3513 :
2098 3493 2173 3522 ergo
2196 3493 2235 3524 34

2052 3536 2124 3557 cum

2216 648 2252 679 ΞΣ
