2397 3664
789 71 876 127 De
909 72 1064 144 temp.
1084 69 1318 128 ordinat-0
1332 90 1376 126 c,
1399 69 1486 126 De
1506 75 1602 129 eo'.

116 165 154 185 22
197 156 397 206 ,Piquittcni
407 172 459 196 iun
471 162 561 200 emin
572 165 705 196 decreto
714 161 873 195 d.c.8.non
887 174 937 203 abi
949 173 985 194 ue
997 166 1102 193 eadem
1114 170 1179 192 ina-

181 210 272 247 teria‚
283 204 321 234 de
331 214 394 244 qua
405 206 511 247 agitur
519 209 552 238 in
564 206 674 238 d.c.11.
687 206 773 238 Nam
782 209 816 238 in
827 211 883 239 c.8.
895 207 999 245 agitur
1008 206 1047 236 de
1059 213 1177 243 tempo—

170 244 264 290 -1'{b118
276 267 286 280 ,
298 246 332 277 in
341 249 455 288 quibus
467 249 579 281 secund
585 247 638 281 um
647 249 798 281 Canones
806 247 930 290 publice
943 249 1103 280 sacrorum
1113 246 1176 278 Or-

174 286 288 319 dinum
297 292 801 333 ordinationescelebrarigdebent
812 303 824 328 ,-
836 293 870 324 in
889 303 916 323 c.
929 301 1034 323 autem
1050 301 1096 321 ιι.
1109 290 1175 330 agi-

176 339 230 376 tur
238 333 276 362 de
287 332 463 366 interstitiis
474 335 699 375 Episcoporum
709 357 718 371 ‚
739 336 929 376 quaedebent
940 334 1097 365 observari
1109 356 1118 370 ,
1139 334 1171 365 &

173 377 373 408 intercedere
382 387 465 409 inter
476 377 681 409 collationem
694 378 951 418 precedentis5&
961 377 1172 408 collationem

173 415 332 457 sequentis
342 419 475 452 Ordinis
485 442 493 456 ‚
514 423 552 451 de
572 422 687 461 quibus
710 421 883 452 Gratianus
896 420 929 452 in
947 423 1076 452 decreto
1094 422 1171 451 duas

171 460 353 502 conscripsit
363 462 543 494 differentes
553 463 857 495 distinstionesmam
867 465 905 495 de
918 463 1018 505 prima
1026 462 1170 499 materia,

171 512 240 541 qux
250 504 383 536 liabetur
392 516 415 536 c.
429 509 457 537 8.
471 505 587 547 scripsit
598 506 667 548 dist.
679 516 730 546 75.
741 508 779 538 de
791 507 926 539 secunda
945 506 1131 547 respiciente
1140 517 1164 537 c.

177 555 188 576 1
198 555 223 576 1.
235 547 419 588 compilavit
430 547 553 590 dist.77.

215 589 303 621 Hinc
314 591 486 631 percipitur
496 593 572 633 quid
584 593 618 624 in
636 592 792 634 proposita
800 591 969 634 quaestione
979 601 1137 632 quaeratur
1149 613 1160 628 ,

173 641 209 662 ex
218 641 280 672 qua
291 632 364 664 elici
374 634 498 673 possunt
511 636 555 666 lice
565 636 784 667 dubitationes
797 658 804 666 .

105 681 142 712 23
203 673 307 706 Prima
317 674 359 706 est
369 698 379 712 ‚
390 688 430 708 an
439 687 476 709 ex
487 679 716 711 consuetudine
729 679 823 711 liceat
835 688 946 709 omnes
957 676 1096 709 minores
1107 676 1168 707 Or-

169 716 258 748 dines
269 728 334 749 uno
345 719 398 750 die
406 720 551 753 conferre
562 746 569 753 .

208 760 353 793 Secunda
366 785 374 799 ‚
387 774 426 794 an
437 765 467 795 id
480 765 572 797 liceat
583 764 634 796 die
645 765 778 797 Veneris
789 765 981 805 praecedente
991 763 1078 794 diem
1090 762 1165 794 Sab-

169 802 233 834 bssti
244 825 254 840 a
278 805 312 836 in
321 815 385 846 quo
395 807 498 839 eidem
509 811 545 840 ad
559 808 698 840 minores
708 808 848 840 Ordines
857 817 1007 849 promoto
1018 806 1109 838 Ordo
1121 805 1164 837 sa-

166 854 220 877 cer
234 847 276 878 est
286 848 496 882 conferendus
508 875 515 882 .

204 888 334 928 Tertia,
354 903 394 924 an
402 893 452 930 ei,
473 895 529 936 qui
539 904 650 926 omnes
658 894 799 926 minores
810 894 949 926 Ordines
971 903 1037 924 uno
1052 891 1110 923 'die
1121 891 1165 923 su-

168 932 265 973 scepit
277 957 286 971 ‚
298 935 393 967 liceat
402 939 503 969 altero
512 937 564 969 die
577 937 759 970 immediate
770 937 911 979 sequenti
922 960 932 973 ‚
954 940 986 968 &
999 936 1039 967 sic
1051 935 1163 976 absque

165 976 273 1017 aliquo
282 977 453 1011 interstitio
464 979 733 1012 Subdiaconatum
747 981 896 1022 suscipere
908 1005 915 1010 .

206 1018 312 1053 Prima
321 1022 450 1062 quaestio
460 1046 469 1058 ,
479 1033 547 1064 qua:
556 1024 679 1063 respicit
690 1023 747 1056 d.c.
756 1035 766 1055 r
777 1034 802 1056 1.
815 1023 919 1055 facilis
928 1022 989 1053 est:
1006 1031 1080 1054 nam
1093 1032 1163 1062 pro-

163 1062 316 1095 culdubio
324 1064 449 1097 videtur
458 1067 551 1097 licere
562 1076 666 1098 textus
675 1067 717 1098 est
727 1070 760 1098 in
769 1079 794 1098 c.
808 1079 836 1098 2.
851 1067 898 1098 De
907 1076 939 1096 eo
948 1067 997 1104 qui
1004 1065 1082 1106 furt.
1095 1064 1158 1096 ord.

104 768 120 788 Η

126 768 146 798 4

100 894 139 926 25

101 1020 140 1048 26

1962 44 1968 63 l

2055 93 2146 138 355

1216 161 1382 204 Epiicopus
1392 164 1443 196 die
1456 165 1587 197 Veneris
1599 164 1693 197 habet
1702 163 1863 206 publicam
1881 161 2140 200 ordinationem,
2171 164 2204 196 in

1212 206 1316 247 eisque
1326 208 1453 248 publice
1477 208 1604 241 confert
1620 218 1757 250 quatuor
1768 208 1907 239 minores
1917 204 2074 242 Ordines,
2095 207 2128 237 δε
2148 208 2207 239 hoe

1211 250 1349 281 arbitror
1368 261 1433 282 non
1453 253 1583 292 potuisse
1601 250 1831 284 consuetudine
1850 249 2032 286 introduci,
2060 250 2207 292 quamvis

1209 301 1279 324 eam
1287 294 1490 327 observantes
1499 295 1515 326 a
1525 306 1617 336 poena
1626 294 1642 325 a
1653 295 1744 327 sacris
1755 294 1784 325 C
1788 294 1942 325 :monibus
1954 291 2075 324 inflicta
2087 298 2147 324 iint
2155 303 2206 325 ex-
2235 296 2237 298 '

1208 335 1357 372 cusandi,
1368 347 1404 368 ex
1416 338 1457 377 gl.
1470 340 1588 378 penult.
1598 341 1631 369 in
1641 350 1665 370 c.
1678 336 1846 378 Pru-‚sup
1858 338 1920 368 eod.
1943 336 1982 367 Et
1993 335 2052 367 lioc
2064 336 2200 377 estquod

1207 377 1367 419 Episcopis
1377 381 1547 413 consulunt
1555 381 1711 413 Donni-es
1723 381 1772 412 liic
1784 403 1794 417 ‚
1815 380 1963 412 videlicet
1974 389 2008 411 ut
2019 377 2094 411 curn
2102 380 2208 412 volue-
2231 389 2268 421 32

1206 421 1272 453 rint
1284 422 1429 461 conferre
1450 424 1588 456 minores
1607 424 1745 456 Ordines
1764 424 1904 464 pluribus
1914 446 1924 460 ,
1943 426 2038 465 quam
2058 423 2181 454 duobus
2190 436 2202 460 5

1205 474 1341 496 caveant
1352 487 1362 501 ,
1383 476 1421 497 ne
1434 467 1479 498 ita
1488 478 1541 498 eos
1551 466 1720 499 conferant
1729 489 1739 504 ‚
1760 477 1795 498 tit
1805 467 1972 498 videantur
1982 466 2144 507 generales
2154 476 2204 498 or-

1204 507 1387 539 dinationes
1398 509 1509 541 habere
1519 532 1529 546 ‚
1539 520 1574 541 ut
1585 509 1634 541 liic
1648 519 1739 541 notat
1750 510 1837 550 gloss.
1853 520 1878 541 1.
1890 511 1922 542 δε
1934 510 2009 546 alii,
2028 519 2108 550 quos
2117 518 2202 542 retu·-

1205 550 1228 580 li
1240 550 1325 591 supra
1334 562 1413 582 num.
1425 556 1456 583 6.
1467 554 1499 584 &
1512 552 1544 584 in
1555 552 1656 593 specie
1664 552 1796 584 Cardin.
1809 553 1946 585 advertit
1957 550 2006 584 liic
2017 555 2050 582 in
2065 563 2090 583 1.
2102 551 2198 594 quaests

1203 603 1333 625 cautum
1344 594 1403 626 effe
1412 596 1524 628 debere
1536 596 1722 636 Episcopum
1733 618 1742 631 ‚
1751 606 1786 627 ut
1796 596 1851 627 lios
1860 595 2001 628 Ordines
2011 594 2155 628 conferit
2164 595 2200 628 in

1203 635 1334 677 Capella
1345 660 1354 674 ‚
1366 639 1398 670 δέ
1411 649 1476 670 non
1490 639 1522 670 in
1535 640 1606 670 loco
1617 639 1745 680 publico
1755 661 1764 669 .
1783 637 1854 669 Nec
1866 638 1966 670 obstat
1977 639 2081 678 ‚quod
2092 640 2127 670 in
2138 641 2197 671 liac

1203 680 1410 713 ordinatione
1420 692 1593 724 utcumque
1604 682 1730 723 publica
1740 681 1909 721 Episcopus
1919 691 1986 713 nou
1996 680 2141 714 conferat
2151 680 2200 715 ηἰ-

1205 722 1225 752 si
1237 724 1376 756 minores
1386 724 1526 757 Ordines
1536 748 1545 762 ‚
1566 725 1621 766 qui
1642 727 1678 756 ad
1690 724 1825 756 formam
1836 724 1927 765 liujus
1947 724 2124 757 Decretalis
2134 725 2199 765 pos-

1202 765 1217 796 s
1216 775 1273 797 unt
1285 767 1425 799 conferri
1436 778 1523 800 extra
1533 779 1674 810 tempora
1685 767 1800 799 statuta
1817 770 1850 798 in
1861 769 1892 798 d.
1900 777 1926 799 c.
1930 765 1989 808 fin.
2002 775 2053 806 75.
2065 766 2198 808 cristina.

1200 808 1370 850 Qioniam
1381 822 1416 842 ex
1427 822 1492 852 quo
1503 812 1558 843 lios
1569 811 1708 844 Ordines
1727 809 1853 842 confert
1872 820 1925 851 per
1936 811 2067 841 modum
2086 811 2200 843 liaben-

1200 852 1241 883 tis
1249 855 1411 893 generales
1419 855 1640 887 ordinationes
1648 878 1657 891 ,
1670 854 1837 897 subjicitur
1846 853 1964 895 regulis
1977 875 1987 889 ‚
1997 862 2060 894 que
2069 854 2198 894 prescri-

1199 904 1257 935 ptae
1268 897 1283 927 s
1282 907 1338 928 unt
1349 898 1498 929 omnibus
1509 895 1671 939 generales
1682 898 1696 929 s
1694 907 1841 929 aetorum
1851 896 2016 929 Ordiniun
2023 895 2201 928 ordinatio-

1198 948 1253 970 nes
1264 939 1375 972 liabere
1384 942 1586 978 volentibus‚·
1609 942 1754 982 alioquin
1766 940 1919 981 Episcopo
1938 949 2004 971 non
2027 939 2120 971 debet
2131 950 2199 980 per-

1198 982 1285 1014 mitti
1304 984 1468 1016 ordinatio
1478 1007 1486 1021 ,
1508 995 1627 1025 argum.
1649 996 1683 1016 ca
1690 993 1717 1025 ρ.
1738 984 1855 1016 Βίίεῖἐί
1864 1006 1874 1020 ,
1905 982 1942 1014 de
1960 983 2103 1023 privileg.
2124 993 2200 1015 nam

1197 1025 1253 1065 qui
1272 1027 1381 1067 aliqua
1400 1028 1602 1060 concessione
1623 1029 1689 1059 vult
1700 1027 1746 1059 uti
1758 1050 1767 1063 ‚
1788 1037 1854 1058 non
1865 1027 1958 1058 debet
1978 1025 2118 1066 respuere
2128 1027 2197 1070 ejtis

1196 1069 1365 1108 qualitates
1377 1093 1386 1107 ‚
1406 1081 1441 1102 ex
1453 1071 1501 1102 liis
1512 1095 1520 1108 ‚
1532 1082 1599 1112 quae
1610 1071 1700 1112 plene
1712 1080 1804 1102 notat
1815 1069 1994 1101 Ancliaran.
2004 1069 2106 1111 eonstl.
2118 1072 2192 1102 208.

2224 821 2260 853 33

155 1104 270 1146 suscep.
281 1108 324 1147 gl.
343 1106 438 1140 tertia
455 1112 486 1140 in
499 1132 507 1140 .
519 1121 543 1140 c.
557 1110 745 1154 Qut-:imque
766 1119 816 1147 77.
828 1108 898 1150 dist.
918 1111 1046 1149 &patet
1057 1119 1093 1140 ex
1102 1109 1150 1139 di-
1185 1111 1294 1154 Judex
1306 1112 1414 1148 dejure
1426 1137 1435 1150 ,
1449 1113 1505 1155 fiili
1515 1126 1594 1147 num.
1609 1124 1621 1146 1
1630 1125 1655 1147 1.
1665 1112 1745 1154 verſs
1765 1116 1808 1145 Et
1817 1115 1914 1155 primb
1925 1111 2197 1154 profiendamento.

162 1147 220 1179 <stis
230 1149 316 1189 supra
328 1151 362 1182 in
375 1161 402 1190 3.
413 1162 473 1182 not.
487 1152 567 1192 Qiae
579 1153 774 1185 consuetudo
784 1175 794 1189 ,
811 1163 888 1184 cum
905 1151 1154 1195 Conciliuanilli

169 1201 236 1222 non
247 1194 574 1237 derogaverit,utique
585 1197 703 1228 sublata
712 1207 777 1227 non
788 1197 954 1232 videtum.
961 1206 971 1226 1
978 1196 1024 1226 ‚de
1033 1198 1159 1234 consuet.

167 1232 253 1266 lib.6.
266 1237 319 1268 ubi
330 1236 487 1270 Doctores
501 1251 507 1269 :
519 1241 552 1271 δι
563 1240 644 1271 banc
655 1239 845 1271 sententiam
855 1240 1001 1279 probavit
1012 1238 1042 1270 S.
1052 1237 1159 1280 Cong.

162 1274 323 1316 Concilii,
336 1291 368 1311 ut
381 1283 499 1322 patebit
514 1282 632 1317 instari,
644 1285 731 1323 42.in
746 1279 869 1322 3.dul⁷z'o
882 1306 890 1313 .

198 1320 344 1355 Secunda
353 1323 552 1367 questquucg
564 1326 687 1367 respicit
699 1325 866 1357 materiam
876 1324 966 1357 d.c.8.
978 1324 1049 1356 satis
1061 1324 1102 1355 est
1113 1335 1160 1356 ar-

160 1365 223 1396 dua
232 1387 240 1401 ‚
260 1370 292 1397 ὃε
302 1370 430 1407 quidem
442 1379 498 1410 pro
508 1380 594 1410 parte
606 1379 741 1409 negante
756 1369 924 1400 adducitur
936 1377 1039 1400 textus
1050 1370 1082 1399 in
1092 1377 1158 1409 cap.

158 1410 254 1439 Prox.
265 1408 354 1450 supm
368 1410 429 1442 eod.
442 1413 495 1443 ubi
510 1413 706 1444 consuetudo
715 1411 902 1444 conferendi
921 1411 1061 1443 Ordines
1071 1421 1159 1443 extra

160 1460 303 1492 tempora
312 1475 322 1489 ‚
341 1464 502 1496 tamquam
513 1455 627 1488 Canon
635 1466 701 1487 iotis
714 1456 846 1486 inimica
867 1457 1049 1496 reprobatur
1064 1467 1070 1485 :
1094 1465 1158 1496 quo

161 1495 234 1526 casu
250 1506 314 1527 non
328 1497 402 1529 licet
415 1499 546 1530 ulterius
560 1502 690 1530 similem
707 1499 971 1530 consuetudinem
986 1502 1136 1529 inducere
1147 1520 1157 1534 ‚

158 1538 201 1578 gl.
211 1550 245 1569 m
254 1538 383 1571 d.c.1.de
412 1541 660 1580 consuet.lil⁷.6.m
672 1542 893 1583 :vemExprcsse
903 1563 913 1578 ,
924 1542 978 1572 ubi
988 1542 1116 1573 Geinin.
1127 1553 1156 1572 n.

163 1589 213 1621 30.
226 1584 257 1613 ὃ(
269 1585 427 1624 propterea
442 1585 516 1617 cum
528 1586 583 1627 hec
596 1585 792 1617 consuetudo
802 1586 838 1617 iit
849 1585 1019 1625 prohibita.
1029 1586 1062 1616 &
1071 1584 1158 1617 Con-

156 1624 270 1658 cilium
283 1630 410 1659 mandet
420 1628 569 1661 d.c.8.liac
583 1630 616 1661 in
627 1640 659 1660 re
670 1628 818 1669 antiquos
828 1627 977 1662 Canones
988 1628 1157 1664 observati,

158 1667 298 1709 sequitur
307 1692 316 1705 ,
332 1680 365 1702 ut
377 1673 506 1704 tolerari
518 1673 608 1703 nullo
619 1678 715 1703 modo
724 1674 834 1704 debeat
847 1696 854 1703 .

201 1710 279 1742 Non
291 1712 410 1750 obstat,
423 1714 443 1745 fi
455 1715 599 1749 dicaturt
621 1716 689 1747 Iino
703 1716 817 1747 incisu
838 1716 996 1756 proposito
1015 1714 1155 1747 Ordines

157 1754 294 1794 praedich
303 1756 442 1788 conferri
454 1758 603 1789 videntur
614 1760 805 1799 temporibus
815 1758 831 1789 a
843 1759 909 1800 jure
923 1759 1090 1794 statutis‚id
1103 1759 1155 1795 est,

159 1806 301 1837 tempore
319 1800 437 1841 Jejunii
457 1812 475 1841 q
485 1811 599 1833 uatuor
618 1800 812 1842 Temporurn
826 1825 835 1837 ,
867 1803 913 1833 vel
937 1803 1154 1833 Hebdomadas

159 1839 335 1878 Medianx,
347 1845 393 1874 vel
405 1844 619 1876 Hebdomadae
631 1845 766 1887 Majoris
777 1844 1028 1887 Qiadtagesimcg
1037 1868 1047 1882 ,
1059 1856 1091 1877 ut
1101 1847 1154 1877 lia<

161 1884 251 1915 betur
261 1897 293 1916 m
305 1886 490 1928 c.fin.d.diss.
504 1897 553 1925 75.

205 1927 241 1958 [tt
257 1929 303 1959 ita
313 1928 387 1960 cuni
398 1930 536 1961 minores
547 1930 685 1962 Ordines
695 1931 903 1964 conferantur
915 1932 949 1963 in
958 1932 1011 1963 die
1020 1932 1153 1964 Venetis

157 1970 340 2002 immediate
354 1974 647 2012 praecedentisdiem
659 1975 786 2006 Sabbati
797 1997 806 2010 ,
828 1975 933 2016 inquo
945 1975 1083 2006 Ordines
1102 1976 1142 2006 sa-

155 2014 201 2044 cri
215 2014 310 2054 aliis(
326 2024 359 2046 ut
370 2015 505 2047 arbitror
514 2017 641 2057 supponi
658 2025 665 2052 )
680 2018 768 2049 licite
781 2017 922 2049 conferri
933 2019 1034 2050 solent
1045 2041 1054 2054 ,
1074 2030 1146 2059 qui-

157 2067 219 2098 que
230 2067 296 2089 non
307 2058 405 2099 potest
426 2060 483 2091 eil‘c
495 2060 552 2091 nisi
565 2061 597 2091 in
618 2061 768 2100 praedic'ti's
787 2062 1050 2092 hebdomadibus.
1077 2062 1149 2092 liinc

156 2100 295 2140 sequitur
305 2123 314 2137 ‚
326 2111 360 2133 ut
372 2102 426 2142 qui
438 2102 490 2134 die
501 2103 634 2135 Veneris
646 2103 771 2136 confert
783 2105 921 2136 minores
932 2104 1073 2136 Ordines
1088 2106 1150 2140 ,di-

154 2153 245 2175 catui·
256 2145 425 2177 contuliffe
437 2148 629 2186 temporibus
642 2151 679 2179 ad
691 2151 749 2178 lioc
762 2149 780 2178 a
790 2148 861 2188 Jure
874 2147 995 2178 statutis
1006 2171 1014 2178 .
1027 2149 1060 2178 ld
1074 2170 1081 2182 ,
1104 2149 1150 2180 in—

152 2196 247 2227 quam
258 2197 324 2218 non
331 2188 431 2220 obstat
442 2211 451 2224 ,
461 2190 538 2229 quia
547 2193 632 2229 quod
645 2190 742 2231 vulgo
753 2191 870 2222 dicitur
880 2196 1100 2222 ordinationes
1109 2191 1150 2223 sa-

87 2232 127 2262 28
149 2239 274 2260 crorum
287 2229 449 2263 Ordinuin
460 2236 612 2264 tenendas
622 2234 679 2264 eisc
691 2244 724 2264 iri
746 2234 993 2265 hebdomadibus
1014 2234 1149 2275 supradi-

151 2271 209 2303 &is
219 2294 228 2308 ,
241 2283 308 2305 non
320 2274 364 2304 ita
376 2274 567 2315 intelligitur
577 2298 586 2311 ,
609 2286 642 2307 ut
653 2277 796 2317 quolibet
806 2277 858 2308 die
870 2299 879 2312 ‚
899 2278 1005 2318 inquo
1027 2277 1059 2308 in
1080 2278 1148 2318 iplis

150 2316 397 2348 hebdomadibus
406 2320 567 2362 jejunatur
576 2341 585 2355 ‚
599 2328 698 2350 teneri
712 2319 825 2360 poilint
835 2342 845 2355 ,
867 2323 913 2350 led
936 2330 1066 2352 tantum
1086 2322 1138 2352 dic

151 2358 281 2390 Sabbati
293 2365 475 2392 eorumdem
486 2363 751 2395 hebdomadarum
761 2385 770 2399 ‚
780 2365 897 2406 aQwa
907 2364 926 2394 ιε’
938 2363 1082 2396 Λυκίη]
1093 2387 1101 2400 ,
1110 2365 1147 2396 O*

151 2399 305 2441 c.seq.ead.
316 2401 408 2442 dist.7
412 2413 440 2442 5.
451 2405 560 2445 juncto
570 2416 594 2436 c.
608 2408 941 2449 Litteras,1'71j.cod.&
953 2408 1038 2448 quod
1051 2408 1146 2438 Ordi-

150 2455 205 2476 nes
216 2455 281 2476 non
291 2445 405 2485 poffint
416 2447 555 2480 conferri
575 2449 632 2479 nisi
644 2449 676 2480 in
698 2450 841 2481 Sabbatis
863 2450 1019 2481 dit-starum
1031 2453 1146 2482 bebdo-

155 2490 335 2525 madarum,
345 2492 378 2520 &
388 2489 528 2522 minores
536 2490 676 2523 Ordines
685 2493 812 2530 eisdem,
824 2494 872 2525 vel
880 2494 950 2525 aliis
961 2495 1144 2526 celebriori-

151 2530 438 2576 busfestivitatibus
448 2555 457 2568 ,
471 2535 599 2565 tradunt
611 2533 702 2576 Praep.
711 2538 744 2566 in
755 2536 903 2578 cte-‚Qi‘sod
913 2538 932 2568 ά
945 2537 1102 2573 Patribus,
1114 2550 1143 2568 n.

151 2585 181 2613 4.
192 2580 229 2606 ΦΓ
241 2577 273 2605 in
284 2586 311 2606 c.
321 2576 476 2616 ,Quoniam
485 2598 494 2612 ‚
508 2580 533 2613 §.
548 2579 725 2609 Caeterorum
735 2601 744 2614 ,
755 2579 891 2620 eaddist.
904 2590 953 2619 75.
967 2582 1070 2612 Abbas
1081 2582 1143 2621 pou

149 2616 239 2648 Host.
250 2621 284 2649 in
293 2629 317 2649 c.
328 2618 562 2659 Confialcasioni‚
570 2620 744 2662 antefinajf
754 2633 778 2653 c.
791 2624 930 2654 Litteras
944 2646 952 2659 ‚
962 2634 1024 2665 7¹·3·
1037 2627 1090 2656 ubi
1100 2636 1144 2657 ct-

150 2659 214 2692 iam
223 2663 264 2701 gl.
275 2660 331 2703 inf
341 2663 403 2693 eod.
416 2664 448 2694 &
461 2663 543 2694 idem
556 2663 642 2694 l-lost.
656 2664 705 2695 liic
717 2676 745 2694 η.
759 2675 787 2695 2.
799 2665 877 2705 vers}
890 2666 967 2709 Nifi
978 2669 1010 2697 in
1020 2677 1144 2704 quatuor

144 2703 338 2745 temporibus,
348 2705 425 2736 Silv.
437 2708 469 2736 in
482 2706 642 2741 verOrdo,
653 2708 677 2737 il
689 2711 781 2739 zan-5.
792 2710 824 2743 &
835 2709 965 2743 liabetur
975 2712 1009 2740 iti
1018 2713 1144 2747 [ἐψίλ-

148 2757 288 2784 terarum,
299 2750 331 2780 ὅ(
342 2749 418 2781 alibi
429 2749 500 2790 saepe
514 2760 565 2790 per
577 2749 741 2782 Doctores.
754 2751 834 2782 ltem
844 2762 910 2783 non
920 2753 1018 2785 obstat
1031 2763 1143 2785 texum

149 2790 318 2839 c.Qando‚
329 2792 398 2823 ead.
410 2791 479 2834 dist.
494 2802 543 2832 75.
553 2794 644 2835 cujus
657 2795 751 2825 verba
761 2794 830 2825 sunt
842 2795 917 2825 litte:
929 2795 1071 2834 Qiando
1081 2819 1091 2833 ,
1110 2801 1142 2828 ὅ(

156 2834 211 2866 ubi
222 2835 348 2867 libitum
359 2834 455 2872 fuerit
466 2858 475 2873 ‚
494 2836 588 2878 usque
600 2838 636 2868 ad
647 2836 898 2869 Subdiaconatus
909 2837 1051 2870 ori-icium
1060 2842 1143 2871 ordi-

148 2886 267 2909 nantur
275 2877 407 2911 Clerici.
418 2878 498 2921 Qio
508 2889 597 2912 textu
608 2880 731 2912 videtur
742 2880 875 2912 concedi
886 2880 1054 2922 Episcopis,
1065 2893 1097 2914 ut
1110 2884 1142 2915 in

151 2920 327 2953 collatione
337 2922 498 2956 minorum
509 2921 670 2955 Ordinum
680 2934 747 2955 non
767 2933 934 2956 teneantur
946 2925 1064 2956 servare
1084 2922 1146 2957 ali-‘

149 2971 243 3002 quein
256 2963 361 2995 locum
371 2987 380 3000 ,
401 2966 448 2997 vel
461 2966 565 3007 aliqua
574 2976 715 3007 tempora
723 2989 730 2997 .
740 2966 827 3002 Nam
837 2971 873 2998 ad
886 2968 944 2997 lioc
956 2967 1140 3008 respondent

151 3005 269 3037 ibidem
281 3005 432 3040 Doctores
443 3031 454 3045 ,
464 3009 554 3041 illum
565 3019 640 3041 text.
651 3010 710 3042 effe
722 3010 841 3050 paleam
853 3010 915 3041 line
927 3011 1120 3045 authoritate
1131 3035 1141 3048 ‚

148 3049 182 3079 &
191 3050 302 3086 debere
317 3051 450 3091 intelligi
459 3054 549 3096 juxta
558 3063 679 3085 textum
691 3051 740 3085 liic
752 3075 762 3089 ‚
781 3063 815 3084 ut
835 3053 932 3086 etiam
953 3063 1043 3087 notat
1053 3056 1096 3095 gl.
1107 3055 1141 3087 in

87 3100 124 3131 32
144 3101 178 3122 ca
181 3101 210 3132 p.
221 3093 440 3139 Ordinationes
450 3117 460 3131 ,
479 3096 505 3126 il
514 3098 612 3136 primo
624 3118 632 3132 ,
651 3098 720 3128 ead.
730 3095 798 3138 dist.
818 3105 836 3134 7
841 3107 867 3135 5.
889 3096 952 3128 Hic
975 3106 1080 3128 autem
1090 3098 1142 3129 ha-

152 3135 242 3167 betur
254 3135 349 3167 licere
358 3135 514 3178 Episcopis
533 3138 672 3171 Ordines
691 3140 828 3171 minores
840 3139 985 3171 conferre
1006 3150 1070 3171 non
1084 3152 1140 3182 pro

151 3177 309 3213 libitu,sed
320 3182 449 3218 quando
460 3181 599 3213 minores
609 3183 749 3215 conferri
761 3183 945 3223 porsunnvcl
956 3183 1064 3214 diebus
1076 3184 1142 3215 Do—

150 3220 280 3267 minicis
294 3243 303 3256 ,
315 3222 360 3253 vel
374 3222 444 3253 aliis
456 3222 571 3256 festivis
580 3225 689 3258 diebus
700 3248 710 3262 ,
720 3229 752 3257 δι
764 3236 922 3268 propterea
933 3235 967 3257 ut
976 3225 1095 3259 dicitur
1107 3238 1139 3258 in

151 3268 180 3309 <⁷3-
192 3275 216 3295 c.
227 3264 281 3303 fin.
295 3273 344 3302 75.
356 3263 424 3304 dist.
444 3276 508 3297 non
521 3267 631 3300 sufficit
642 3291 652 3305 ‚
672 3269 694 3300 si
704 3269 907 3302 observentur
919 3270 1117 3302 hebdomad-1:
1131 3282 1138 3306 ¹,

149 3308 197 3338 ied
209 3310 241 3338 ὅ(
257 3307 322 3338 dies
341 3307 473 3348 ipsarum
492 3311 759 3345 debdomadarum
780 3313 815 3344 in
836 3313 865 3345 id
877 3313 1016 3352 deputati
1037 3316 1139 3348 obier-

150 3350 245 3381 vandi
254 3350 326 3381 sunt
336 3372 345 3386 ‚
360 3351 405 3381 ita
415 3359 449 3381 ut
458 3352 592 3394 majores
601 3355 711 3386 diebus
720 3355 848 3388 Sabbati
860 3356 1015 3386 dictarum
1025 3356 1139 3388 liebdo-

150 3394 312 3425 madatum
323 3403 336 3428 ‚·
353 3393 490 3428 minores
502 3394 577 3426 vero
587 3398 634 3428 vel
645 3398 759 3431 eisdem
770 3420 780 3434 ‚
802 3400 848 3431 vel
861 3399 1044 3430 Dominicis
1057 3421 1067 3435 ,
1088 3399 1138 3431 seu

152 3435 242 3466 l'estis
253 3435 391 3468 conferri
402 3438 535 3468 debeant
546 3461 553 3470 .

86 3485 122 3517 31
188 3477 247 3509 Pro
256 3479 412 3513 solutione
424 3480 677 3520 distinguendum
691 3482 732 3514 est
743 3495 752 3513 :
776 3494 848 3517 nain
860 3485 959 3520 autin
969 3484 1054 3521 dicio
1065 3487 1137 3518 loco

236 3521 341 3563 Prosp.
359 3525 386 3555 F
387 3534 495 3563 ‚agnam
516 3527 548 3556 in
568 3526 594 3569 ζ.
615 3525 688 3567 Ιλύς
703 3527 859 3559 Dccremt.

97 1327 136 1357 27

1196 1154 1281 1187 Ct‘im
1295 1157 1302 1186 i
1306 1155 1392 1195 gitur
1402 1157 1550 1189 statutum
1562 1157 1670 1194 fuerit,
1680 1168 1719 1189 ne
1730 1157 1893 1197 generales
1903 1155 2195 1193 ordinationesmi-

1196 1199 1217 1230 fi
1229 1198 1313 1230 statis
1323 1200 1432 1232 diebus
1445 1224 1454 1237 ,
1466 1203 1498 1232 &
1508 1202 1703 1242 temporibus
1712 1222 1722 1237 ‚
1733 1200 1918 1235 habeantur,
1928 1198 2003 1230 cum
2013 1200 2198 1240 derogatio·

1195 1252 1235 1273 ne
1246 1242 1485 1276 consuetudinis
1497 1244 1666 1277 contraria?
1677 1266 1687 1280 ‚
1707 1242 1818 1284 utpote
1830 1241 2051 1274 Ecclesiasticae
2071 1242 2195 1275 institu-

1195 1286 1278 1317 tioni
1292 1286 1429 1319 inimica:
1440 1310 1449 1323 ,
1469 1298 1534 1329 cap.
1545 1287 1740 1328 pransum-ii
1752 1285 1869 1317 eodem:
1890 1286 1965 1317 hinc
1977 1285 2118 1327 sequitur
2129 1307 2138 1322 ,
2158 1296 2194 1318 ut

1195 1330 1268 1360 talis
1279 1330 1475 1363 consuetudo
1485 1340 1550 1362 tion
1565 1331 1600 1362 sit
1620 1331 1806 1364 tolei·anda;
1825 1328 1994 1370 praesertim
2011 1327 2086 1361 ci‘iin
2104 1331 2194 1361 nulla

1195 1372 1278 1404 ratio
1288 1373 1441 1405 sufficiens
1453 1373 1554 1405 afferri
1567 1374 1658 1414 poffit
1672 1395 1682 1410 ,
1694 1374 1735 1404 ob
1745 1372 1840 1413 quam
1851 1372 1897 1404 rei
1908 1382 1974 1403 tam
1983 1371 2064 1403 serio
2076 1372 2196 1405 flatutae

1193 1418 1345 1457 derogare
1355 1427 1501 1458 oporteat
1514 1429 1520 1448 ε
1545 1428 1619 1449 nam
1631 1427 1663 1448 ut
1676 1416 1769 1447 simili
1783 1424 1874 1447 notat
1886 1414 1976 1446 Host.
1992 1414 2043 1446 liic
2054 1418 2087 1447 in
2096 1419 2192 1455 princ.

1193 1462 1226 1490 in
1234 1471 1297 1490 ver.
1310 1460 1394 1493 Unus
1406 1483 1415 1496 ,
1436 1470 1490 1491 aut
1502 1459 1574 1492 duos
1583 1483 1593 1497 ,
1613 1459 1687 1491 cum
1700 1459 1869 1490 Doininici
1879 1480 1889 1494 ‚
1911 1469 1946 1490 ac
1959 1458 2035 1490 Festi
2045 1458 2111 1490 dies
2123 1482 2133 1496 ‚
2155 1460 2190 1491 in

1193 1504 1308 1543 quibus
1318 1504 1457 1535 minores
1468 1503 1606 1535 Ordines
1618 1503 1759 1535 conferri
1770 1503 1896 1542 possunt
1906 1524 1916 1538 ,
1927 1512 1993 1533 tam
2003 1501 2072 1542 sepe
2082 1512 2195 1535 occur-

1193 1556 1265 1577 rant
1279 1569 1287 1578 ,
1308 1548 1396 1578 nullo
1409 1547 1479 1578 casu
1491 1557 1580 1579 tanta
1591 1547 1713 1578 utilitas
1724 1568 1733 1582 ‚
1754 1548 1787 1578 &
1799 1544 1966 1577 necessitas
1982 1544 2195 1578 Ecclesiariini

1193 1589 1307 1622 subesse
1318 1591 1427 1632 potest,
1439 1600 1474 1622 ut
1485 1591 1627 1623 adversus
1637 1589 1787 1623 Canones
1799 1589 2033 1621 introducenda
2042 1588 2079 1621 sit
2089 1589 2194 1632 liujus-

1193 1633 1280 1665 modi
1292 1633 1488 1666 consuetudo
1497 1657 1505 1664 .

1235 1677 1300 1708 Aut
1311 1677 1478 1718 Episcopus
1488 1677 1573 1710 dieto
1583 1678 1635 1710 die
1647 1678 1781 1711 Veneris
1790 1676 1916 1710 confert
1939 1678 2078 1710 minores
2097 1678 2194 1712 Ordi-

1193 1731 1246 1752 nes
1259 1731 1324 1752 non
1336 1725 1524 1762 permodtim
1534 1723 1674 1754 tenentis
1694 1723 1854 1763 generales
1873 1722 2094 1754 ordinationes
2108 1745 2117 1759 ,
2140 1725 2190 1756 sed

1191 1764 1339 1804 privatim
1351 1766 1382 1796 in
1396 1765 1447 1796 sua
1457 1764 1607 1806 Capella,
1629 1766 1676 1797 vel
1689 1765 1787 1798 etiam
1798 1765 1831 1797 in
1842 1764 1960 1797 secreta
1970 1765 2135 1802 Sacristia,
2159 1770 2193 1799 &

1191 1807 1342 1848 suppofita
1354 1808 1534 1841 necestitate
1545 1831 1556 1845 ,
1567 1810 1614 1840 vel
1629 1809 1771 1841 utilitate
1783 1808 1990 1840 Ecclesiarum
1999 1831 2009 1845 ‚
2030 1809 2110 1840 utin
2120 1821 2190 1850 pro-

1190 1852 1288 1891 posita
1297 1851 1466 1892 quaestione
1479 1864 1484 1882 z
1498 1854 1530 1884 &
1541 1853 1676 1884 arbitror
1686 1851 1803 1885 dietam
1813 1852 2076 1884 consuetudinem
2086 1854 2193 1893 legiti-

1188 1893 1240 1925 me
1253 1895 1460 1935 praescriptam
1472 1895 1616 1927 excusare
1627 1898 1742 1928 nedum
1761 1897 1777 1926 a
1798 1906 1890 1936 poeria
1900 1917 1910 1931 ,
1931 1894 1979 1927 sed
1991 1896 2089 1927 etiam
2098 1897 2115 1927 a
2126 1899 2194 1929 cul·
2218 1906 2256 1939 35

1189 1948 1226 1977 pa
1236 1950 1245 1967 .·
1257 1949 1330 1969 nam
1342 1939 1395 1969 etii
1410 1940 1499 1969 nullo
1513 1940 1576 1978 jure
1590 1940 1711 1979 legatur
1721 1938 1901 1980 permissum
1914 1938 2084 1978 Episcopis,
2096 1941 2187 1973 urdi—

1188 1981 1240 2011 cko
1251 1982 1302 2012 dit¹
1316 1993 1453 2013 minores
1465 1982 1631 2014 conferant
1641 1983 1782 2014 Ordines
1792 2005 1802 2018 ,
1815 1982 1893 2013 sicut
1903 1982 2099 2022 permittitur
2108 1994 2186 2023 quo—

1189 2026 1225 2055 ad
1238 2025 1370 2064 primam
1381 2025 1541 2056 tonsuram
1552 2048 1563 2062 ‚
1573 2036 1636 2066 que
1645 2026 1794 2058 omnibus
1803 2024 1912 2056 diebus
1922 2024 2061 2056 conferri
2073 2027 2170 2066 potest
2178 2052 2188 2063 ,

1189 2068 1295 2098 utdixi
1307 2068 1368 2108 sup.
1380 2079 1442 2107 mii.
1455 2079 1560 2100 tamen
1573 2080 1630 2100 nec
1643 2070 1750 2110 aliquo
1762 2071 1828 2112 jure
1838 2068 1896 2099 hoc
1909 2067 1953 2099 eis
1964 2068 2100 2109 expresse
2113 2071 2188 2111 legi—

1188 2120 1238 2140 tur
1249 2112 1442 2151 prohibitum
1453 2134 1462 2147 ,
1477 2112 1542 2142 imi)
1554 2123 1610 2144 nec
1622 2114 1775 2154 reperitur
1786 2112 1901 2152 aliquis
1909 2110 2026 2144 Canon
2038 2135 2047 2149 ‚
2058 2113 2113 2153 qui
2124 2114 2187 2154 spe-

1186 2155 1278 2184 cifice·
1294 2154 1430 2186 stati-ciii
1444 2165 1585 2196 tempora
1597 2178 1605 2191 ‚
1627 2156 1785 2196 inquibus
1804 2156 1943 2186 minores
1961 2155 2090 2187 ordines
2109 2167 2188 2190 cone-

1186 2197 1258 2228 serri
1270 2198 1385 2228 debent
1399 2221 1406 2228 .
1427 2197 1512 2230 Nam
1522 2197 1634 2237 dJfin.
1644 2198 1681 2231 Θ
1691 2212 1713 2229 s.
1727 2198 1964 2234 Ordinationes,
1986 2197 2118 2238 cumseq.
2131 2209 2182 2240 75.

1185 2239 1253 2280 dist.
1267 2241 1440 2281 loquuntur
1456 2243 1493 2272 de
1505 2242 1684 2273 Ordinibus
1699 2243 1756 2273 saci
1769 2243 1791 2273 is
1805 2265 1813 2272 .
1830 2242 1920 2273 Sicut
1939 2242 2035 2273 etiam
2054 2254 2078 2274 c.
2089 2246 2186 2276 Prox-

1177 2283 1309 2324 fhpaemd.
1323 2295 1396 2315 cum
1409 2285 1478 2316 aliis
1490 2284 1641 2316 similibus
1653 2287 1826 2326 loquuntur
1837 2287 1875 2316 de
1886 2285 1980 2316 sacris
1991 2284 2182 2324 Ordinibus,

1184 2327 1233 2358 seu
1244 2327 1379 2368 publicis
1391 2328 1658 2360 ordinationibus.
1669 2328 1790 2360 ‘sextus
1806 2337 1911 2359 autem
1922 2328 1954 2358 in
1967 2328 2105 2368 prsesenti
2117 2340 2184 2361 non

1184 2371 1325 2412 loquitur
1336 2372 1543 2411 probibendo,
1555 2375 1600 2403 ied
1612 2372 1835 2411 permittendo,
1850 2370 2009 2406 videlicet,
2020 2381 2053 2402 ut
2064 2372 2180 2412 pollint

1183 2413 1320 2445 conferri
1333 2414 1430 2445 etiam
1444 2414 1626 2446 Dominicis
1638 2419 1685 2451 ‚tx
1700 2414 1814 2446 festivis
1825 2414 1936 2444 diebus
1948 2437 1955 2444 .
1975 2414 2061 2445 Hinc
2074 2414 2180 2449 Palud-

1182 2458 1214 2487 in
1224 2456 1500 2498 4·d-'st·25·‘1·2·f¹t·
1511 2469 1533 2492 z.
1546 2462 1577 2489 in
1588 2459 1695 2490 confla
1704 2482 1710 2488 .
1720 2456 1794 2489 cum
1807 2457 1949 2497 loquitur
1960 2458 2183 2492 deminoribus
2206 2465 2245 2502 36

1182 2501 1372 2535 Ordinibus,
1384 2501 1475 2532 caute
1489 2502 1590 2532 utitur
1602 2501 1704 2532 verbis
1715 2499 1912 2541 permillivis,
1924 2499 2082 2536 videlicet,
2094 2501 2179 2542 Epis-

1182 2554 1277 2584 copus
1287 2544 1383 2584 potest
1393 2543 1538 2575 conferre
1549 2544 1687 2575 minores
1699 2543 1839 2575 Ordine:
1852 2544 1969 2574 nedum
1987 2544 2096 2575 diebus
2107 2546 2178 2586 qui—

1182 2588 1237 2618 bus
1249 2586 1457 2618 conferuntur
1468 2587 1545 2618 sacri
1557 2610 1566 2623 ‚
1579 2587 1625 2618 scd
1638 2588 1734 2618 ctiam
1748 2586 1837 2618 Etesiis
1849 2608 1858 2622 ‚
1877 2588 1908 2617 &
1920 2586 2102 2619 Dominicis
2113 2612 2120 2619 .
2133 2590 2177 2621 At

1181 2631 1254 2661 cum
1268 2631 1299 2661 in
1313 2629 1450 2663 conclus.
1467 2640 1491 2670 3.
1515 2630 1579 2671 agit
1591 2633 1628 2662 de
1640 2631 1812 2671 iuajoribtss
1823 2652 1832 2666 ‚
1856 2631 1997 2669 loquitur
2016 2641 2070 2670 per
2085 2633 2181 2665 verba

1181 2673 1373 2714 prohibitiva
1384 2696 1393 2708 ,
1405 2674 1553 2704 videlicet
1565 2696 1573 2709 ‚
1594 2673 1671 2704 Non
1686 2674 1780 2704 liceat
1791 2672 1948 2712 Episcopis
1958 2683 2011 2703 eos
2022 2673 2178 2712 conferre,

1181 2717 1238 2748 nisi
1260 2716 1293 2747 in
1314 2716 1457 2748 Sabbatis
1476 2727 1613 2757 quatuor
1644 2726 1820 2756 temporum
1830 2738 1840 2752 ‚
1869 2714 2007 2747 Sabbato
2019 2717 2178 2750 Medianae

1179 2759 1434 2800 Qiadragclimx
1444 2782 1453 2795 ‚
1474 2762 1506 2791 &
1515 2759 1653 2791 Sabbato
1669 2759 1774 2790 {aneto
1783 2782 1790 2789 .
1815 2758 1893 2800 Qio
1905 2759 2056 2798 loquendi
2079 2763 2175 2793 modo

1180 2804 1279 2833 utitur
1292 2803 1388 2833 etiam
1398 2803 1459 2834 list-c
1474 2803 1649 2834 Decreta'iis
1664 2826 1670 2833 .
1682 2802 1767 2834 Cum
1780 2812 1855 2842 ergo
1867 2803 1970 2833 nullus
1981 2802 2097 2834 Canon
2108 2805 2176 2836 resi-

1180 2846 1236 2876 ssat
1248 2868 1257 2881 ,
1267 2846 1437 2885 quominus
1449 2845 1586 2877 Ordines
1599 2846 1735 2877 minores
1747 2845 1869 2886 poil'unt
1882 2845 2021 2876 conferri
2032 2846 2102 2878 aliis
2112 2848 2175 2879 die-

1181 2889 1235 2919 bus
1247 2899 1258 2924 ;
1268 2889 1406 2928 sequitur
1419 2911 1427 2924 ,
1441 2899 1474 2920 ut
1488 2888 1664 2920 subsistente
1676 2889 1766 2920 causa
1777 2888 1914 2928 potuerit
1928 2888 2089 2921 introduci
2100 2901 2174 2922 coii-

1179 2932 1309 2962 suetudo
1318 2953 1327 2966 ,
1341 2942 1375 2964 ut
1385 2932 1482 2963 etiam
1494 2933 1558 2964 alio
1568 2942 1706 2972 tempore
1717 2954 1726 2968 ‚
1736 2941 1830 2972 quam
1846 2931 1880 2962 in
1890 2931 1965 2972 Jure
1977 2934 2124 2973 expresso,
2137 2935 2174 2965 li-

1179 2975 1243 3005 cite¹
1254 2973 1472 3012 conferantur,
1483 2986 1519 3007 ex
1530 2985 1599 3007 not.
1611 2986 1661 3016 per
1673 2976 1748 3015 glan
1758 2984 1824 3015 clip.
1836 2975 1926 3006 ulain
1937 2986 2000 3006 ver.
2012 2975 2173 3017 Consuetu-

1178 3016 1226 3052 do,
1238 3018 1274 3048 de
1283 3016 1498 3057 confltet.lib.6.
1520 3018 1659 3050 maxime
1673 3017 1746 3049 cum
1756 3019 1814 3048 lioc
1827 3028 1929 3059 neque
1942 3018 2001 3061 juri
2015 3021 2149 3051 naturali
2161 3042 2171 3055 ,

1179 3070 1280 3100 neque
1298 3060 1410 3092 divino
1426 3071 1578 3101 repugnet
1589 3084 1598 3096 ‚
1618 3072 1682 3102 cap.
1698 3060 1903 3103 fimsupraide
1921 3061 2046 3101 consuet.
2064 3062 2172 3104 juncia

1178 3107 1219 3143 gl.
1231 3114 1296 3142 cap.
1314 3114 1338 3134 1.
1360 3104 1414 3135 ubi
1434 3105 1565 3140 Gemini
1585 3107 1617 3136 &
1628 3105 1738 3136 Fraiic.
1761 3105 1858 3135 eodem
1879 3107 1928 3136 tit.
1951 3105 2003 3136 lib.
2025 3109 2054 3136 6.
2075 3104 2174 3146 Qiod
2197 3115 2235 3147 37

1179 3146 1275 3177 etiam
1288 3147 1494 3178 confirmatur
1506 3158 1542 3178 ex
1555 3150 1652 3180 modo
1672 3148 1822 3188 loquendi
1835 3148 2010 3179 Doctorum
2021 3152 2058 3178 de
2070 3148 2124 3178 liae
2138 3158 2170 3179 re

1178 3188 1386 3220 scribentium
1398 3201 1404 3219 z
1418 3200 1491 3221 nam
1503 3191 1607 3222 Abbas
1618 3190 1681 3232 post
1692 3191 1888 3223 Hostiensem
1899 3194 1931 3221 in
1942 3191 1999 3221 dx.
2012 3189 2171 3230 Conflata-

1177 3234 1264 3267 ti'om',
1276 3231 1490 3273 amefinaeiun
1498 3233 1622 3266 dixisset
1632 3234 1766 3277 majores
1777 3233 1915 3265 Ordines
1927 3243 1991 3263 non
2003 3233 2083 3272 posse
2094 3244 2170 3265 con-

1177 3273 1249 3305 ferri
1266 3297 1274 3310 ,
1288 3274 1344 3305 nisi
1357 3276 1389 3306 in
1400 3275 1492 3307 dietis
1502 3277 1646 3309 §abbatis
1656 3300 1665 3314 ,
1679 3279 1800 3309 addidit
1811 3300 1820 3313 ,
1830 3278 1867 3307 Et
1878 3279 1937 3306 lioc
1950 3275 2167 3310 nonobstante

1175 3328 1375 3358 quacumque
1384 3319 1628 3352 consuetudine.
1650 3322 1692 3353 At
1711 3319 1785 3352 vero
1797 3320 1894 3360 pollen
1916 3327 2010 3358 agens
2018 3321 2055 3350 de
2067 3320 2169 3351 mino—

1176 3361 1262 3392 ribus
1272 3360 1462 3398 Ordinibus,
1474 3363 1592 3404 inquit,
1603 3364 1717 3396 &illos
1726 3365 1838 3394 debere
1850 3360 1965 3398 eisdem
1976 3362 2085 3393 diebus
2097 3384 2106 3399 ,
2118 3365 2167 3394 vel

1176 3404 1267 3434 fellis
1280 3426 1288 3439 ‚
1297 3403 1349 3439 seu
1358 3403 1541 3437 Dominicis
1555 3406 1713 3439 conferri:
1727 3410 1757 3437 ss:
1770 3414 1808 3436 iic
1822 3405 1921 3435 utitur
1930 3405 2025 3436 verbo
2038 3405 2166 3442 Debere,

1174 3448 1258 3486 quod
1271 3457 1335 3477 non
1349 3447 1464 3488 semper
1475 3449 1515 3480 est
1537 3450 1680 3490 praecepti
1691 3471 1700 3484 ,
1733 3448 1820 3489 glois.
1831 3450 1863 3478 in
1873 3448 1970 3478 Clem.
1990 3448 2164 3479 Attenden-

1174 3499 1217 3521 tes
1229 3492 1261 3521 in
1271 3501 1335 3522 ver.
1348 3491 1485 3524 Debeant
1508 3491 1629 3533 alestam
1645 3490 1863 3563 filomela-Ziiec
1876 3490 1964 3522 addit
1972 3490 2143 3522 clausulam
2155 3513 2164 3527 ‚

1865 3544 1882 3564 2
2054 3543 2122 3573 qux

2216 1689 2258 1722 3⁴1·
