2397 3664
827 116 914 172 De
939 112 1105 171 Elec}-
1129 126 1177 164 c·
1212 112 1512 181 Querelam.

134 204 406 252 5³³⁵.d‘⁶i.s10nem
425 207 519 242 Rota
529 216 594 242 non
604 206 913 247 effeintelligendam
935 206 968 237 in
997 201 1142 249 term-inis

111 254 132 284 4
150 256 229 288 juris
239 252 418 284 communis
427 274 438 290 ‚
458 252 508 284 sed
519 252 554 284 in
563 249 709 285 terminis
719 249 866 282 Concilii
875 260 887 286 ,·
899 247 1055 291 quoniam
1066 250 1087 276 ιι
1098 251 1145 274 ita

148 295 399 336 intelligeretur,
418 295 555 337 primum
571 294 750 326 membrum
767 291 978 324 distindtionis
996 289 1070 321 esset
1088 286 1145 335 fal-

151 339 219 372 suin
230 350 242 375 ,-
262 338 339 380 quia
348 349 406 371 nec
417 339 452 371 in
462 337 600 378 personis
611 336 741 377 privatis
750 334 815 377 post
831 334 1022 367 Concilium
1032 330 1144 365 sufficit

156 382 242 424 quasi
253 382 395 424 possessio
415 381 491 424 juris
503 379 701 421 presentandi
710 401 720 415 ,
742 381 775 410 ὃς
785 379 962 411 correctum
973 376 1015 408 est
1025 376 1085 407 hoc
1094 385 1149 406 ca-.

151 426 288 469 pitulum
296 447 307 461 ,
315 427 349 457 δι
357 419 662 464 c.Constaltationibus
672 444 682 458 ,
692 420 779 462 infra*
789 419 826 453 de
835 421 900 460 jure
901 431 966 463 pat.
979 419 1037 451 nisi
1045 427 1144 461 quan-

152 471 196 502 do
213 477 358 511 ageretur
366 469 405 500 de
413 465 607 509 pertinentia
617 465 875 507 jurispatronatus
895 466 979 498 inter
990 463 1144 504 presenta-

108 521 125 552 5
149 521 200 545 tos
210 535 220 549 ‚
240 510 407 545 ut.ibidixi
415 519 494 540 num.
509 513 556 541 16.
568 508 632 541 Dic
643 518 720 551 ergo
729 518 787 540 nec
799 509 834 540 in
844 504 1144 552 communitatibuff,

155 557 203 588 vel
217 556 286 587 aliis
294 577 305 591 ‚
323 554 357 586 in
367 552 481 594 quibus
491 552 685 594 praesumitur
696 552 855 592 usurpatio
864 574 874 588 ‚
895 561 955 583 nec
967 551 1001 583 in
1011 549 1143 592 privatis

154 598 287 633 familiis
302 595 397 628 hodie
419 597 457 628 ad
466 594 663 627 validitatem
674 594 935 636 presentationis,
954 595 1003 625 vel
1023 591 1144 625 institu-

152 642 254 676 tionis
274 638 413 671 sufficere
431 638 517 680 quasi
539 638 755 679 posseffion'em
773 636 971 679 presentandi
989 659 999 674 ‚
1020 636 1069 667 vel
1089 636 1145 667 eli-

151 683 247 727 gendi
257 706 267 720 ,
286 683 338 714 seu
347 682 537 714 nominandi
550 692 559 718 ς
579 682 733 723 quoniam
745 704 754 718 ‚
774 691 808 713 ut
817 680 984 721 colligitur
994 690 1032 713 ex
1042 677 1072 710 d.
1084 690 1143 716 c.9.

144 726 212 770 seff.
224 737 240 758 2
245 735 274 766 5.
285 725 398 758 titulus
409 725 668 767 jurispatronatus
679 724 800 757 ostendi
809 725 901 756 debet
914 723 985 755 vere
1000 746 1010 760 ,
1020 723 1066 754 vel
1078 732 1144 763 pre-

150 769 323 811 sumptive.
344 769 377 801 Si
387 767 457 801 vere
469 778 534 800 non
545 767 587 799 est
602 768 772 802 discrimen
791 769 1011 808 personarum,
1033 767 1081 799 sed
1102 765 1145 799 sa-

149 814 193 846 tis
201 813 243 845 est
254 812 385 845 titulum
395 811 556 844 ostendere
566 821 603 843 ex
614 811 800 844 authentico
819 813 1017 843 documento
1035 809 1108 841 fund
1114 820 1145 841 a·

149 856 270 893 tionis,
294 857 343 888 vel
362 855 558 887 dotationis.
581 854 615 887 Si
627 855 701 887 vero
712 853 920 897 presumptive
939 852 1144 894 distinguitur

150 901 235 932 inter
254 899 392 941 privatos
412 900 445 930 ἅτ
465 898 563 934 alios,
584 898 619 929 in
635 898 750 939 quibus
771 898 858 940 viget
877 897 1011 938 suspicio
1023 897 1146 937 usurpa-

151 943 271 976 tionis.·
291 942 409 975 namin
417 942 548 982 privatis
559 940 672 974 sufficit
690 944 804 974 docere
822 943 861 974 de
872 941 968 973 titulo
978 949 1014 972 ex
1036 940 1144 973 multi-

153 986 279 1027 plicatis
297 984 603 1026 presentationibus,
622 994 685 1026 que
704 984 870 1019 hominum
889 983 1075 1016 memoriam
1095 994 1144 1015 ex-

151 1032 287 1066 cedant,
307 1030 355 1060 vel
368 1027 443 1060 alias
462 1027 635 1060 secundum
651 1028 734 1068 juris.
748 1027 1001 1068 dispositionem.
1024 1026 1060 1058 In
1071 1027 1143 1059 aliis

154 1072 230 1104 vero
249 1071 511 1105 immemorabilis
531 1081 598 1102 non
618 1069 729 1102 sufficit
749 1093 760 1107 ,
787 1071 837 1102 sed
856 1070 995 1111 preterea
1017 1071 1143 1110 probari

151 1117 269 1148 debent
281 1114 475 1147 authenticis
495 1114 656 1154 scripturis
665 1113 911 1155 presentationes
923 1115 1114 1155 continuate
1133 1137 1143 1152 ‚

149 1161 184 1192 &
201 1158 348 1201 effectum
367 1154 499 1198 sortite,
520 1167 588 1191 non
606 1157 725 1188 minori
735 1156 853 1199 spatio,
873 1156 969 1198 quam
988 1156 1144 1198 quinqua-

151 1201 242 1243 ginta
250 1211 406 1233 annorum
419 1212 428 1238 3
439 1202 472 1233 ὃ(
484 1201 548 1233 tam
559 1203 663 1242 quoad
673 1200 812 1242 privatos
820 1220 832 1236 ‚
844 1199 938 1241 quam
948 1203 1052 1241 quoad
1065 1201 1144 1232 alios

149 1243 330 1277 indistincte
342 1244 459 1286 reliqui
469 1253 653 1286 patronatus
664 1244 858 1284 abrogantur
877 1253 951 1275 cum
969 1243 1055 1285 quasi
1077 1244 1143 1285 pos—

146 1287 279 1321 sessione
299 1288 373 1320 inde
384 1287 531 1329 sequuta.
552 1287 664 1331 Qiare
681 1287 876 1328 presentatus
894 1288 934 1317 ab
944 1287 1144 1328 eo,quiexi-

148 1331 202 1365 stit
214 1331 248 1363 in
257 1330 343 1372 quasi
354 1331 536 1372 possessione
548 1331 622 1372 juris
629 1329 839 1372 presentandi²
850 1331 1031 1363 nullatenus
1050 1331 1142 1363 hodie

148 1377 241 1407 debet
253 1375 397 1412 admitti,
409 1374 466 1407 nisi
476 1374 642 1407 verificato
652 1373 760 1410 titulo,
770 1375 803 1405 &
813 1373 1003 1414 proprietate
1014 1374 1142 1415 jurispa-

123 1455 127 1458 ,
148 1427 294 1451 tronatus
306 1420 344 1450 ad
354 1418 559 1459 prescriptum
568 1416 714 1451 Concilii
724 1439 734 1453 ‚
756 1426 790 1449 ut
799 1427 836 1449 ex
849 1417 1005 1449 sententia
1014 1418 1045 1449 S.
1056 1417 1143 1449 Con-

146 1461 344 1504 gregationis
363 1460 454 1504 plene
473 1462 585 1495 notavi
605 1460 641 1492 in
659 1459 798 1502 prediti&
807 1454 1142 1502 DeeretaliConfidta-

148 1503 296 1542 rtombns,
315 1507 349 1537 in
362 1517 390 1538 2.
401 1514 460 1538 not.
470 1503 508 1536 de
516 1506 698 1545 jurepatron.

104 1554 124 1582 6
187 1547 388 1589 QUAERO,
409 1559 450 1580 an
461 1547 651 1581 l’arochiani
674 1547 797 1588 possunt
815 1547 1002 1588 perscribere
1024 1548 1144 1589 presen—

146 1593 304 1625 tationem
315 1591 460 1625 Restoris
470 1591 662 1624 Parochialis
672 1590 827 1632 Ecclesie?

192 1636 263 1677 Hec
285 1635 407 1677 questio
426 1634 565 1668 difficilis
583 1634 625 1667 est
643 1656 652 1670 ,
680 1636 713 1666 &
743 1635 913 1667 admodum
941 1635 1144 1667 controversa

148 1679 404 1712 dissentientibus
413 1680 536 1711 duobus
545 1678 623 1722 juris
634 1677 797 1710 Canonici
808 1678 1077 1709 illuminatoribus
1087 1679 1145 1710 Ar-

103 1732 126 1764 7
145 1723 229 1756 chid.
242 1724 275 1755 &
284 1721 477 1764 Joan.Andr.
488 1722 599 1763 opinio
609 1731 716 1753 tamen
737 1720 843 1753 favens
864 1720 1065 1755 parochianis
1074 1732 1145 1763 pro-

151 1768 243 1799 batur
255 1764 513 1806 irrefragabiliter
526 1765 560 1798 in
571 1766 627 1797 hac
640 1763 802 1798 Decretali
816 1775 906 1796 .nain
917 1763 938 1795 si
951 1764 1144 1805 presentatus

149 1810 168 1842 a
185 1810 307 1851 Populo
331 1809 381 1851 jus
391 1808 598 1848 praesentandi
609 1807 782 1849 possidente
801 1808 893 1839 debet
914 1809 1063 1845 admitti,
1083 1808 1146 1840 for-

151 1854 214 1886 tius
226 1852 456 1884 admittidebet
467 1855 482 1883 a
494 1851 616 1893 Populo
625 1854 673 1895 jus
695 1861 878 1892 patronatus
895 1851 1111 1892 praescribente
1135 1874 1145 1889 ,

150 1897 315 1929 absurdum
327 1895 412 1927 enim
424 1896 496 1927 esset
510 1897 615 1926 minus
632 1898 705 1927 dare
725 1896 934 1935 praescribenti
944 1917 954 1932 ,
975 1898 1070 1936 quain
1081 1895 1146 1936 pos-

147 1939 263 1975 sideri,
282 1949 375 1979 atque
395 1938 442 1969 ita
460 1948 512 1979 pei·
532 1939 632 1974 lianc,
652 1940 685 1969 δε
707 1939 784 1970 alias
803 1938 985 1971 fortissimas
1005 1940 1145 1971 rationes

149 1983 231 2015 hanc
243 1991 363 2023 partem
376 1980 496 2014 strenue
506 1991 613 2014 tuetur
625 1982 670 2020 Jo.
684 1981 782 2013 Andr.
794 1991 907 2013 contra
926 1981 1055 2013 Archid.
1081 1992 1146 2013 ma-

148 2025 278 2067 gistrum
288 2024 395 2061 suum,
418 2025 451 2056 in
464 2022 495 2057 d.
504 2036 529 2057 c.
540 2024 629 2069 Quod
639 2025 755 2061 alicui,
776 2023 880 2063 dereg.
898 2023 954 2062 jur.
976 2023 1030 2056 lib.
1050 2025 1145 2057 6.ubi

149 2070 248 2102 etiam
259 2068 423 2109 respondet
435 2069 472 2099 ad
483 2069 542 2100 hoc
553 2071 653 2109 casnm
663 2067 848 2108 verfiSalva
859 2066 1008 2108 quaestione
1016 2067 1147 2108 jurispa-

148 2120 284 2145 tronatus
304 2113 314 2152 (
335 2122 372 2143 ex
382 2121 447 2153 quo
457 2112 629 2154 colligebat
639 2111 891 2145 Arcliidiaconus
911 2112 1059 2151 populum
1080 2123 1146 2143 non

148 2154 380 2200 ptoescripsiise)
399 2156 432 2186 ὅ(
444 2153 538 2187 refert
550 2155 631 2187 hanc
642 2154 845 2196 quael'tionem
853 2155 1022 2195 contigisse
1035 2155 1068 2186 in
1078 2153 1146 2187 Cu-

147 2202 196 2234 ria
215 2208 355 2239 tempore
374 2196 509 2229 Nicolai
528 2199 583 2229 lv.
604 2208 718 2229 contra
733 2196 951 2238 praes'entatum
980 2197 996 2229 a
1028 2199 1144 2238 populo

146 2241 256 2278 santstae
275 2240 414 2274 Caeciliae
424 2242 462 2272 de
474 2241 635 2277 Florentia
643 2263 653 2278 ‚
674 2243 710 2273 ad
720 2251 815 2282 quem
825 2243 863 2272 de
875 2242 1007 2282 antiqua
1017 2241 1146 2273 consue-

149 2285 259 2320 tudine
269 2285 467 2326 praesentatio
476 2286 652 2326 pertinebat
665 2308 672 2316 .
696 2284 783 2316 Nam
793 2284 867 2315 cum
878 2284 1083 2316 Dioecesanus
1092 2296 1147 2316 no·

151 2329 256 2363 luisset
269 2328 542 2369 praesentationem
553 2328 721 2362 admittere
732 2349 741 2363 ‚
762 2328 962 2368 praesentatus
972 2331 1008 2359 ad
1032 2327 1145 2369 Papam

149 2372 338 2414 appella-aiv,
360 2374 392 2402 ὃς
412 2371 600 2404 sententiam
623 2371 830 2404 favorabilem
849 2371 989 2403 obtinuit
1011 2394 1020 2408 ,
1041 2381 1108 2412 quae
1128 2372 1145 2407 a

151 2417 235 2458 Papa
254 2413 315 2447 fuit
336 2415 546 2452 confirmata,
566 2415 669 2451 &ibi‚
691 2414 800 2446 inserit
811 2423 954 2450 tenorem
968 2415 1146 2448 litterarum

152 2457 410 2492 confirmationis
428 2479 437 2493 ,
457 2461 490 2488 esc
509 2458 553 2489 ita
571 2469 627 2498 pro
646 2459 702 2489 hac
721 2457 874 2498 opinione
883 2458 1031 2490 habemus
1042 2458 1147 2490 casum

149 2504 183 2536 in
195 2504 250 2533 hac
261 2500 436 2536 decretali,
457 2501 489 2532 &
503 2501 547 2531 ita
558 2501 701 2542 praedidta
711 2501 956 2532 confirmatione
965 2501 1148 2542 Apostolica

148 2548 323 2579 secundum
331 2543 421 2586 Joan.
430 2542 528 2574 Andr.
539 2554 634 2584 quam
644 2543 741 2576 etiam
751 2543 957 2576 canonizavit
980 2544 1153 2577 Tridenti-·

149 2601 191 2623 na
201 2589 344 2630 Synodus
353 2590 390 2618 in
400 2598 424 2619 c.
436 2597 464 2623 9.
476 2586 554 2627 verfi
563 2588 599 2618 In
609 2590 651 2618 tis
661 2597 732 2618 vero
743 2609 752 2622 ‚
766 2587 820 2618 ubi
829 2587 971 2621 admittit
983 2589 1031 2631 jus
1044 2598 1147 2629 patro—

149 2642 242 2666 natus
254 2631 288 2664 in
298 2629 615 2666 Communitatibus,
635 2630 681 2661 vel
697 2628 966 2664 Universitatibus
986 2632 1067 2672 posse
1079 2642 1147 2672 pro—

150 2675 216 2709 bari
229 2685 282 2716 per
292 2672 578 2707 immemorabilem
588 2695 598 2709 ,
619 2671 794 2707 dummodo
804 2683 998 2706 concurrant
1010 2674 1146 2716 aliaque⁴

152 2720 219 2762 jure
230 2717 395 2750 communi
407 2718 564 2748 adduntur
575 2717 592 2747 ii
602 2716 806 2752 Concilio‚ut
818 2715 851 2748 in
863 2716 1005 2756 proxime
1017 2718 1146 2758 sequen-

152 2764 177 2795 ti
186 2761 354 2803 quaestione
367 2760 460 2791 fusius
472 2760 591 2799 patebit
601 2783 608 2791 .

108 2809 127 2839 8
191 2802 549 2844 SecundoQUAERO‚
570 2803 620 2836 An
633 2805 670 2835 ad
688 2801 908 2843 probationem
925 2802 1147 2844 jurispatrona-

150 2858 221 2885 tus,
240 2848 353 2891 quoda
365 2846 567 2879 Parocliianis
578 2846 802 2887 intenditur,
822 2845 994 2886 requiritur
1013 2845 1067 2877 illa
1086 2848 1147 2887 ple-

150 2892 222 2924 nior
231 2913 241 2927 ,
252 2894 284 2923 &
294 2889 432 2924 exacuor
444 2889 698 2931 probatiofluam
717 2888 906 2921 Concilium
917 2887 1146 2921 Tridentinum

152 2946 178 2966 c.
188 2932 302 2975 9·seffi2
310 2933 375 2973 5.dc
383 2931 502 2974 reform.
515 2933 647 2973 requirit
660 2933 693 2964 in
706 2932 743 2964 iis
755 2932 1146 2973 personis‚communitati-

150 2977 208 3010 bus
219 2999 228 3013 ,
239 2980 271 3008 &
282 2976 584 3012 iiniverfitatibiis‚in
595 2976 709 3017 quibus
721 2976 752 3007 id
763 2977 809 3017 jus
821 2976 1001 3017 plerumque
1014 2985 1051 3006 ex
1063 2975 1146 3006 usur-

152 3020 280 3062 patione
291 3019 452 3061 quaesitum
463 3020 604 3060 praesumi
614 3019 709 3052 solet?

197 3063 259 3094 Die
271 3062 423 3098 Venetis,
443 3073 510 3103 qua:
529 3061 589 3094 fuit
611 3074 661 3102 24.
676 3061 865 3103 Septembris
886 3068 976 3099 1595.
996 3060 1030 3091 in
1049 3059 1145 3092 Sacra

152 3105 416 3145 Congregatione
437 3105 585 3138 Concilii
613 3105 672 3137 fuit
693 3106 884 3146 disputatum
906 3103 1145 3144 suprascriptum

152 3151 303 3182 dubium:
325 3149 358 3178 &
376 3157 484 3180 omnes
501 3147 588 3181 fuere
608 3150 642 3180 in
662 3160 699 3180 ea
718 3148 890 3183 sententia,
912 3157 946 3178 ut
966 3146 1144 3187 requiratur

153 3193 208 3225 illa
219 3191 341 3232 plenior
352 3212 361 3226 ,
382 3192 415 3222 δέ
425 3189 562 3223 exactior
575 3192 720 3232 probatio
730 3214 740 3228 ,
761 3192 834 3222 cum
854 3194 891 3222 de
906 3191 968 3231 iure
979 3190 1145 3221 communi

153 3236 188 3268 in
201 3232 402 3266 parochianis
420 3234 618 3273 prcesumatur
637 3235 794 3275 usurpatio
814 3244 865 3275 per
883 3232 1060 3264 doch-inam
1081 3233 1145 3263 An—

154 3278 236 3310 tonii
254 3280 292 3309 de
314 3275 425 3307 Burrio
441 3275 474 3307 in
492 3286 558 3317 cap.
570 3278 710 3310 Ditenus
721 3278 758 3309 de
769 3278 844 3318 offic.
856 3277 946 3314 legat.
959 3277 1053 3315 &per
1072 3275 1145 3315 Spe-

153 3323 286 3353 culator.
305 3323 339 3351 in
357 3321 406 3349 tit.
428 3317 465 3349 de
482 3317 710 3392 jurejat.&ita
720 3321 812 3355 sentit
826 3319 912 3352 Rota
932 3328 1039 3351 coram
1060 3317 1146 3350 Tho-

152 3375 206 3396 ma
221 3366 259 3396 de
278 3362 402 3394 Tliunis
421 3361 455 3394 in
475 3371 532 3398 qua
556 3373 607 3394 am
624 3365 749 3398 Lucana
770 3386 780 3400 ‚
807 3365 841 3396 ὃς
860 3372 971 3394 coram
991 3360 1113 3393 Achille
1133 3385 1141 3392 .

151 3407 238 3439 Rota
257 3407 377 3438 nullam
394 3404 495 3446 posuit
513 3404 817 3441 differentiamintet
837 3408 1066 3447 juspatronatus
1075 3415 1146 3445 prae-

153 3449 275 3481 tensum
285 3449 302 3480 a
312 3448 510 3489 magnatibus
529 3469 539 3483 ‚
559 3449 591 3478 ὃς
602 3449 782 3487 praetensum
793 3446 1023 3480 aPatochianis
1034 3469 1044 3484 ‚
1064 3457 1098 3479 ut
1110 3447 1144 3479 in

154 3493 298 3535 decisione
307 3492 448 3523 Achillis
466 3492 578 3530 156.&
592 3490 668 3522 licet
683 3492 724 3523 ibi
736 3492 861 3524 dicatur
881 3491 1017 3523 sufficere
1037 3491 1145 3523 imme-

156 3535 340 3567 morabilem
353 3557 362 3572 ,
383 3544 489 3567 tamen
508 3533 601 3567 hodie
616 3534 802 3570 nonsufficit
814 3557 824 3573 ,
846 3535 905 3568 nisi
925 3544 998 3567 cum
1017 3544 1054 3567 ea
1064 3543 1142 3566 con-

1966 102 1984 121 ο

2025 129 2121 178 27¹

1179 211 1308 247 currant
1334 208 1588 245 pra-lentationes
1617 207 1778 241 continuat
1803 214 1871 239 non
1897 202 2018 238 minori
2047 200 2144 241 spatio
2163 220 2175 236 ‚

1178 246 1273 286 quiin
1283 249 1518 290 quinquaginta
1528 261 1686 283 annorum
1695 274 1706 288 ,
1725 261 1794 293 quae
1806 259 1917 281 omnes
1927 246 2073 280 affectum
2083 243 2174 294 sorti:

1180 298 1218 320 ιω
1230 289 1289 322 sint
1299 313 1310 328 ‚
1333 294 1365 323 ὅ(
1377 292 1560 325 Cardinalis
1572 293 1715 327 Cusanus
1729 294 1761 327 in
1772 292 1916 335 praedicta
1934 289 2093 323 sententia
2111 297 2175 318 una

1179 342 1254 380 curn
1267 334 1339 366 aliis
1359 337 1526 368 concurrit
1545 348 1619 370 cum
1638 337 1919 373 illalimitatione‚
1939 335 2069 377 quando
2081 330 2174 363 Paro-

1179 375 1287 409 chiani
1299 378 1358 410 sint
1368 378 1584 419 viripotentes
1593 403 1602 418 ‚
1614 382 1647 413 &
1657 381 1731 413 talis
1742 380 1957 415 authoritatis,
1968 388 2004 410 ut
2015 376 2052 409 ab
2062 383 2184 407 eorum>

1179 420 1370 461 potentia‚&
1382 422 1576 456 authoritate
1587 424 1656 465 pres
1654 426 1790 457 timenda
1800 424 1834 456 iri
1845 423 1889 456 eis
1903 423 1939 454 sit
1950 419 2108 462 usurpatio
2120 440 2129 454 ³
2139 418 2181 449 &

1179 463 1266 504 quod
1282 463 1426 505 Episcopi
1447 466 1622 498 authoritas
1641 477 1706 498 non
1728 467 1821 499 fuerit
1833 466 1986 499 sufficiens
1995 462 2174 503 ‚adimpedi-

1179 508 1292 554 endam
1303 508 1398 541 talem
1409 507 1767 550 usurpationem,omnes
1778 519 1882 542 autem
1892 509 1948 540 alii
1958 508 2042 542 fuere
2054 505 2174 540 absolu-

1179 559 1212 585 te
1232 560 1266 582 in
1285 549 1442 583 sententia
1460 561 1494 583 ut
1509 552 1545 583 in
1564 551 1766 585 Parochianis
1788 555 1879 585 cadat
1890 552 2049 593 usurpatio
2060 549 2173 590 absque

1180 594 1245 625 ulla
1254 593 1458 627 distinetione
1468 618 1476 626 .
1495 595 1556 627 His
1566 598 1643 628 adde
1654 595 1787 630 Puteum
1796 595 1885 636 demfi
1899 604 1947 634 57.
1959 593 2011 627 lib.
2028 605 2052 626 1.
2065 595 2097 625 &
2107 592 2173 624 Ro-
2194 599 2213 628 9

1180 645 1246 668 tam
1256 635 1345 677 dectfi
1360 647 1427 677 154.
1438 650 1486 670 nu.
1500 648 1528 677 7.
1539 648 1606 680 par.
1619 651 1648 671 z.
1659 648 1768 671 recent.
1817 642 1877 670 uod
1890 638 2032 679 procedit
2049 635 2172 672 etiamsi

1180 680 1366 713 universitas
1394 681 1664 715 Parocliianorum
1684 681 1720 714 sit
1737 692 1789 723 par
1813 693 1848 718 a,
1870 692 1904 713 ut
1915 691 1966 722 per
1978 680 2098 715 Rotam
2108 677 2170 711 dec.

1180 726 1252 763 481.
1263 735 1292 755 n.
1309 734 1333 755 1.
1345 736 1412 766 par.
1430 735 1454 756 i.
1465 735 1573 758 recent.
1586 725 1641 758 ubi
1651 727 1719 760 aliae
1728 728 1765 757 de
1788 724 1901 757 isiones
1913 724 2092 755 referuntur
2103 745 2111 756 .

1224 766 1314 800 Fallit
1325 778 1431 800 tamen
1443 769 1581 810 preditsta
1591 769 1753 801 conclusio
1765 769 1800 801 in
1809 770 2063 812 jurepatronatus
2074 766 2178 798 mixto
2201 772 2239 797 10

1180 810 1394 843 universitatis
1406 835 1415 849 ,
1426 814 1457 844 ὅ(
1469 813 1664 853 privatorum
1676 835 1685 850 ‚
1699 813 1732 844 in
1741 823 1807 854 quo
1817 813 1955 853 prevalet
1965 810 2102 852 qualitas
2111 809 2173 850 pri-

1180 862 1253 894 vate
1263 852 1398 896 famili&
1409 858 1441 888 &
1453 855 1525 888 ideo
1536 856 1649 890 sufficit
1662 856 1808 896 probatio
1818 853 1982 890 ordinaria
1991 875 2001 889 ‚
2022 852 2172 884 Menoch.

1179 895 1216 928 de
1225 896 1824 943 praesumptdib.3.praefumpt.99.n.15.<·'9·
1840 896 1928 931 16.&
1937 895 2014 936 cons·
2026 901 2064 935 65
2069 907 2099 936 4·
2112 894 2176 926 Ro-

1180 949 1214 972 ta
1221 939 1327 981 decifii
1335 942 1588 983 5421.7.par.z.&
1600 942 1861 984 dec1fi219.n.2.p.
1869 939 2074 975 1.rec.Caval.
2084 936 2174 977 decis]

1180 986 1230 1020 89.
1242 988 1338 1019 71.2.&
1351 985 1409 1017 fuit
1421 986 1558 1022 decisum
1570 987 1604 1018 in
1615 985 1750 1020 Lauden.
1760 986 2017 1026 jurispatronatus
2029 982 2175 1025 28.Junii

1184 1031 1276 1068 1630.
1287 1038 1397 1061 coram
1409 1029 1566 1064 Pirovano
1580 1052 1590 1067 2
1600 1032 1631 1061 δι’
1644 1030 1750 1071 scripti
1762 1028 1908 1063 latissime
1920 1029 1955 1060 in
1972 1040 1996 1059 c.
2017 1026 2096 1059 Citm
2107 1034 2173 1066 pro-

1178 1080 1245 1112 Pter
1255 1094 1265 1108 ‚
1275 1074 1308 1103 in
1321 1081 1349 1110 5.
1359 1082 1385 1109 (Ι,
1396 1071 1415 1103 a*
1426 1085 1455 1104 n.
1467 1082 1518 1113 74.
1530 1072 1615 1113 astque
1625 1076 1657 1104 in
1668 1072 1720 1113 fin.
1733 1073 1818 1114 infra·
1826 1072 1863 1105 de
1874 1071 2025 1112 inrepatr.

1223 1114 1342 1146 Rursus
1354 1115 1435 1148 fallit
1445 1118 1554 1149 eadem
1565 1117 1727 1151 conclusio
1747 1117 1779 1148 in
1798 1118 2049 1159 jurepatroriatus
2060 1134 2069 1149 ,
2090 1112 2176 1153 quod

1180 1168 1246 1189 non
1257 1158 1369 1199 spectat
1380 1162 1416 1190 ad
1428 1160 1664 1194 universitatem
1676 1159 1944 1195 Paroehianorum
1954 1181 1963 1195 ‚
1987 1157 2036 1189 sed
2059 1159 2095 1187 ad
2116 1154 2174 1187 ali-

1179 1211 1275 1242 quam
1283 1212 1393 1234 eorum
1402 1213 1523 1245 partem
1539 1205 1722 1239 dumtaxat,
1743 1213 1778 1234 ut
1798 1203 1832 1234 in
1853 1201 2054 1241 infrascripta
2070 1199 2174 1230 decla-

1179 1245 1304 1276 ratione
1313 1245 1327 1276 s
1326 1255 1402 1278 acrae
1412 1245 1685 1287 congregationis
1699 1246 1845 1280 videlicet
1868 1245 1901 1276 in
1912 1244 2028 1285 oppido
2037 1240 2174 1289 Soncini

1180 1298 1288 1320 extant
1309 1290 1376 1321 duae
1395 1289 1612 1326 parochiales,
1630 1300 1765 1331 quarum
1787 1300 1850 1322 una
1870 1289 1962 1322 habet
1974 1287 2009 1320 in
2021 1286 2177 1318 Parochia

1179 1332 1232 1363 sua
1243 1332 1410 1364 Ecclesiam
1432 1333 1484 1365 sub
1502 1333 1707 1365 invocatione
1727 1332 1758 1364 S.
1777 1331 1935 1367 Martini,
1957 1331 1991 1365 in
2009 1340 2072 1371 qua
2093 1326 2175 1360 adest

1179 1374 1310 1416 Capella
1319 1375 1350 1407 S.
1363 1376 1516 1414 Antonii,
1537 1379 1574 1413 ad
1584 1387 1679 1417 quam
1693 1376 1790 1409 vicini
1803 1373 1892 1406 dicke
1903 1374 2045 1407 Ecciefiae
2055 1372 2176 1404 S.Mar-

1181 1419 1265 1454 tini,
1284 1420 1339 1460 qui
1351 1419 1474 1453 faciunt
1485 1429 1631 1464 quartam
1643 1428 1762 1460 partem
1775 1419 1808 1450 in
1819 1418 1906 1450 circa
1925 1417 2070 1449 omnium
2088 1415 2181 1448 Paro·-
2202 1424 2239 1448 ιι

1179 1462 1367 1496 cliianorum
1379 1463 1557 1504 supradid'tae
1566 1462 1758 1495 parochialis
1769 1485 1778 1499 ,
1798 1463 1913 1493 liabent
1934 1461 1981 1502 jus
2001 1459 2178 1503 presentati-⁴

1180 1506 1211 1537 di
1223 1505 1431 1546 Capelianum
1443 1529 1453 1543 ,
1474 1506 1624 1547 qumi-itur
1647 1517 1687 1539 an
1705 1505 1789 1538 diCta
1806 1515 1920 1546 quarta
1931 1514 1999 1546 pars
2010 1501 2177 1535 Parocliia—

1180 1559 1295 1580 norum
1306 1550 1432 1582 dicatur
1442 1550 1633 1583 constituere
1652 1551 1815 1591 personas,
1838 1558 1891 1580 aut
1911 1546 2179 1581 communitatem

1180 1593 1231 1624 seu
1241 1592 1478 1627 universitatem
1490 1615 1500 1630 ,
1522 1593 1610 1628 itaut
1618 1594 1740 1635 plenior
1749 1615 1760 1629 ‚
1780 1594 1814 1624 δε
1824 1590 1962 1628 exaCtiot
1972 1590 2120 1633 probatio
2138 1590 2177 1636 ad

1180 1638 1360 1668 docendum
1379 1639 1417 1671 de
1439 1637 1691 1678 jurepatronatus
1720 1636 1898 1678 requiratur
1917 1657 1925 1666 .
1947 1634 2008 1666 Die
2032 1636 2079 1666 18.
2101 1632 2178 1673 Julii

1186 1680 1366 1712 1602.saci·a
1376 1679 1597 1721 Congregatio
1607 1679 1753 1713 Concilii
1764 1679 1886 1711 censuit
1897 1676 2077 1720 hujusmodi
2085 1686 2179 1718 quar-

1181 1732 1247 1755 tam
1258 1733 1378 1764 partem
1389 1723 1658 1757 parochianorum
1670 1734 1735 1755 non
1746 1721 1971 1763 comprehendi
1991 1721 2071 1761 vers.
2092 1722 2129 1752 In
2136 1721 2180 1751 iis

1183 1767 1253 1798 vero
1272 1765 1424 1807 personis,
1443 1766 1473 1798 d.
1493 1779 1518 1798 c.
1538 1778 1566 1804 9.
1580 1766 1716 1808 Ideoque
1726 1767 1831 1807 quoad
1842 1762 1911 1799 eam
1921 1764 2057 1797 sufficere
2069 1764 2180 1804 proba-

1181 1810 1306 1842 tionem
1317 1811 1511 1843 ordinariam
1519 1833 1530 1848 ,
1554 1820 1610 1843 nec
1623 1810 1740 1851 requiri
1755 1809 1842 1841 illam
1853 1808 2052 1841 exaeiionem
2061 1829 2072 1843 ‚
2082 1817 2179 1848 quam

1181 1853 1322 1894 exposuit
1342 1853 1529 1886 Concilium
1549 1854 1583 1886 iu
1603 1854 1650 1886 his
1660 1853 1798 1895 personis
1809 1875 1819 1889 ,
1845 1852 2004 1892 inquibus
2015 1850 2188 1895 usurpatio*

1182 1896 1370 1938 presumitur
1382 1920 1390 1932 .
1411 1898 1496 1929 Idem
1509 1897 1543 1929 in
1555 1898 1611 1929 liae
1624 1897 1686 1938 ipsa
1695 1896 1786 1929 causa
1796 1895 1922 1928 resolvit
1936 1894 2023 1926 Rota
2031 1892 2094 1926 dec.
2110 1902 2178 1934 154.

1181 1952 1211 1972 n.
1222 1950 1251 1979 7.
1265 1949 1332 1980 par.
1346 1952 1374 1976 2,
1385 1952 1443 1973 rec.

1226 1982 1324 2014 Porro
1336 1983 1410 2015 cum
1423 1984 1455 2015 in
1468 1983 1816 2025 sacraCongregatione
1827 1981 1926 2024 sepius
1938 1980 2033 2014 fuerit
2044 1980 2182 2021 diligen-

1183 2026 1298 2061 tissime
1318 2027 1485 2063 discussum
1504 2038 1643 2069 quenam
1662 2028 1759 2059 essent
1778 2026 1908 2068 persone
1917 2048 1927 2062 ‚
1950 2025 1985 2057 in
1994 2024 2109 2066 quibus
2123 2024 2181 2065 jus-

1182 2080 1366 2113 patronatus
1379 2070 1568 2111 presumitur
1578 2081 1615 2102 ex
1637 2071 1839 2112 usurpatione
1850 2092 1860 2106 ,
1882 2078 1917 2101 ut
1929 2078 2014 2110 patet
2037 2068 2070 2099 in
2093 2068 2180 2099 libris

1184 2113 1319 2154 publicis
1332 2113 1423 2154 ipsius
1438 2112 1712 2155 Congregationis
1725 2116 1760 2145 :id
1773 2108 1917 2154 c.9.seff.2
1926 2121 2096 2152 5.tempore
2109 2113 2182 2143 bon.

1182 2167 1278 2188 mem.
1288 2155 1438 2189 Cardinal
1446 2157 1469 2188 is
1479 2155 1704 2198 Carafe,fhl.45
1712 2169 1740 2188 2.
1751 2159 1880 2191 tandem
1891 2155 1941 2187 fel.
1956 2157 2075 2186 record.
2086 2155 2182 2194 Greg.

1182 2200 1269 2231 XIII.
1281 2201 1381 2232 edidit
1395 2200 1525 2237 Motum
1536 2201 1697 2242 proprium
1708 2223 1718 2238 ‚
1728 2201 1785 2242 qui
1795 2200 1926 2233 habetur
1935 2197 2182 2240 ibid.fol.473.&

1176 2242 1314 2291 few-sm
1321 2243 1382 2284 post
1391 2253 1461 2284 pag·
1474 2253 1550 2284 472-

1226 2286 1340 2318 Tertio
1351 2286 1532 2328 QUAERO
1543 2309 1553 2326 ,
1575 2287 1625 2319 An
1646 2287 1680 2319 in
1696 2289 1949 2330 jurepatronatus
1961 2284 2092 2317 Abbatis
2105 2294 2185 2317 tem-
2207 2294 2250 2325 14

1182 2331 1320 2371 poralem
1342 2330 1590 2371 jurisdictionem
1601 2331 1745 2366 habentis
1756 2330 1957 2372 requirantur
1967 2328 2132 2368 ampliores
2143 2327 2180 2359 il-

1183 2375 1211 2414 le
1222 2374 1436 2415 probationes,
1447 2385 1524 2415 quas
1535 2374 1673 2415 exposuit
1685 2372 1874 2405 Concilium
1883 2371 2112 2408 Tridentinum
2123 2373 2176 2402 de-

1182 2427 1271 2451 creto
1286 2427 1311 2449 c.
1332 2428 1362 2454 9.
1376 2416 1443 2458 seff.
1464 2425 1513 2456 25.
1535 2417 1569 2449 in
1589 2417 1627 2448 iis
1639 2416 1795 2458 personis,
1820 2416 1854 2448 in
1863 2415 1979 2457 quibus
1991 2414 2176 2456 presumitur

1183 2460 1343 2501 usurpatio
1355 2467 1363 2491 Ξ
2035 2458 2038 2460 ’

1225 2503 1287 2535 Etsi
1300 2504 1332 2535 in
1344 2502 1483 2535 dominis
1495 2502 1720 2543 temporalibus
1731 2512 1909 2543 perpetuam
1929 2499 2178 2542 jurisdictionem
2201 2510 2213 2534 1
2220 2508 2236 2541 ς

1182 2547 1370 2583 habentibus
1389 2546 1568 2586 requiratur
1577 2545 1723 2586 probatio
1735 2545 1788 2577 illa
1809 2544 1965 2580 exafflor,
1984 2554 2078 2584 quam
2090 2542 2178 2576 Con-

1183 2591 1297 2622 cilium
1315 2588 1478 2630 prescribit
1491 2588 1524 2620 in
1535 2589 1582 2620 his
1594 2588 1731 2629 personis
1742 2611 1752 2625 ‚
1773 2589 1806 2620 in
1816 2588 1930 2629 quibus
1941 2587 1972 2618 id
1984 2587 2032 2629 jus
2041 2588 2176 2626 plerum-

1183 2644 1244 2675 que
1264 2643 1299 2664 ex
1320 2632 1521 2673 usurpatione
1544 2631 1701 2673 quesitum
1729 2631 1862 2673 presumi
1890 2630 1966 2662 solet
1986 2630 1996 2666 ς
2016 2629 2178 2670 Seraphin.

1184 2675 1247 2708 dec.
1264 2685 1353 2716 1421.
1362 2685 1442 2706 num.
1458 2685 1483 2706 1.
1495 2674 1582 2711 Rota
1591 2674 1653 2709 dec.
1667 2686 1682 2706 2
1692 2685 1737 2712 ¹9·
1748 2682 1941 2715 num.1.part.
1954 2673 2177 2715 1.retent.&se-

1184 2718 1254 2761 pius
1266 2718 1387 2750 censuit
1398 2718 1484 2749 sacra
1494 2717 1715 2759 congregatio
1726 2717 1872 2751 Concilii
1883 2740 1890 2748 .
1912 2717 1984 2748 Hoc
1997 2726 2105 2749 tamen
2125 2727 2176 2749 ca-

1184 2763 1216 2794 su
1238 2762 1361 2793 videtur
1380 2761 1629 2802 respondendum
1650 2760 1786 2797 sufficere
1805 2759 2003 2793 ordinariam
2015 2760 2174 2802 probatio-

1184 2816 1257 2837 nem
1267 2827 1276 2840 ,
1298 2815 1359 2845 que
1369 2804 1540 2846 requiritur
1551 2806 1584 2836 in
1605 2805 1734 2845 privatis
1755 2803 1889 2845 personis
1900 2826 1908 2835 .
1930 2802 2017 2835 Nam
2036 2812 2088 2835 aut
2110 2803 2175 2835 Ab·

1184 2850 1236 2879 bas
1247 2848 1402 2888 presentat
1413 2848 1538 2880 ratione
1549 2848 1730 2889 temporalis
1741 2848 1898 2882 dominii,
1917 2848 2002 2889 quod
2011 2846 2104 2878 habet
2115 2846 2173 2879 Ec-

1183 2892 1275 2922 clesia
1293 2891 1476 2924 Abbatialis
1486 2913 1496 2928 ‚
1516 2892 1550 2923 ὃς
1570 2891 1819 2926 Monas'tei·ium:
1841 2900 1895 2923 aut
1913 2890 1988 2932 quia
2008 2890 2079 2923 vere
2093 2913 2102 2927 ‚
2123 2891 2170 2923 vel

1184 2935 1263 2976 jutis
1274 2934 1505 2974 presumptione
1519 2934 1671 2967 Ecclesias
1682 2934 1827 2966 fundavit
1837 2957 1848 2971 ,
1868 2932 2012 2966 construx
2020 2933 2044 2965 it
2056 2956 2065 2970 ‚
2076 2935 2109 2966 ὃς
2117 2936 2174 2966 do-

1183 2977 1284 3008 tavit.
1306 2976 1412 3008 Primo
1434 2977 1505 3008 casu
1523 2977 1754 3020 juspatronatus
1773 2977 1816 3009 est
1831 2976 2080 3011 Ecclesiasticum
2098 2999 2107 3014 ‚
2141 2978 2175 3009 &

1183 3023 1220 3051 ad
1232 3019 1403 3052 Ecclesiam
1412 3019 1525 3060 speostat
1535 3043 1545 3057 ‚
1569 3030 1603 3052 ut
1615 3022 1710 3052 tradit
1720 3021 1868 3052 Gambar.
1880 3019 1916 3052 de
1925 3019 2008 3052 auth.
2029 3021 2119 3059 legat.
2137 3019 2175 3050 de

1182 3061 1340 3096 latercula.
1355 3073 1381 3103 3.
1392 3074 1470 3094 num.
1483 3073 1555 3102 417.
1567 3062 1646 3103 verfi
1657 3065 1736 3095 Item
1745 3062 1851 3106 quidfi
1861 3065 1974 3102 aliquis
1984 3085 1993 3100 ‚
2017 3064 2071 3095 ubi
2080 3062 2174 3104 pluri-

1183 3108 1238 3136 bus
1251 3107 1360 3145 probat
1371 3128 1381 3142 ‚
1402 3105 1421 3136 si
1433 3106 1503 3146 quis
1524 3106 1709 3147 Episcopus,
1731 3115 1785 3139 aut
1795 3106 1936 3148 Pte-latus
1956 3117 1992 3138 ex
2004 3106 2172 3146 largitione

1183 3149 1323 3183 fidelium
1341 3149 1532 3182 comitatum
1551 3171 1561 3185 ,
1582 3149 2021 3186 velDucatumobtineat‚in
2030 3148 2173 3190 quojura

1183 3191 1368 3231 temporalia
1386 3201 1530 3227 exerceat
1540 3214 1549 3227 ,
1572 3191 1680 3233 ibique
1701 3202 1735 3224 ut
1754 3193 1904 3229 dominiis
1925 3190 2104 3232 temporalis
2122 3190 2173 3221 ha-

1183 3237 1253 3266 beat
1265 3233 1495 3275 juspatronatus
1505 3256 1514 3270 ,
1535 3235 1565 3267 id
1575 3236 1623 3278 jus
1634 3236 1822 3268 censendum
1832 3237 1890 3268 esse
1902 3233 2150 3266 Ecclesiasticum
2160 3255 2171 3269 ,

1182 3277 1260 3318 quia
1280 3278 1438 3317 competit
1457 3277 1606 3319 Episcopo
1625 3279 1657 3310 in
1668 3289 1823 3320 quantum
1844 3278 2015 3319 Episcopo,
2032 3274 2172 3318 quicum

1184 3322 1219 3352 sit
1231 3319 1370 3360 Prelatus
1383 3320 1539 3361 Ecclesie‚
1560 3321 1600 3357 est
1612 3322 1710 3354 etiam
1731 3321 1964 3354 administrator
1982 3330 2093 3352 eorum
2110 3330 2174 3361 que

1183 3364 1253 3395 sunt
1274 3363 1410 3403 Ecclesie
1429 3374 1550 3395 annexa
1560 3388 1568 3396 .
1589 3364 1736 3397 Secundo
1756 3364 1827 3397 casu
1837 3363 1979 3394 similiter
1990 3362 2129 3404 Prelatus
2140 3363 2174 3394 in
2198 3372 2236 3401 17

1183 3406 1281 3439 dubio
1290 3406 1433 3437 censetur
1451 3406 1621 3439 Ecclesiam
1632 3407 1782 3442 fundasse,
1793 3417 1827 3437 ac
1838 3405 2003 3438 dotasse-de
2015 3406 2106 3438 bonis
2117 3406 2171 3437 Ec-

1183 3448 1361 3481 clesiasticis
1371 3470 1380 3484 ‚
1401 3449 1570 3482 secundum
1579 3451 1675 3481 Felin.
1688 3451 1720 3481 in
1729 3462 1753 3481 c.
1769 3451 1820 3480 Ex
1831 3449 1947 3480 litteris
1957 3471 1965 3484 ,
1977 3450 2030 3480 col.
2048 3447 2130 3487 1.fiaeb
2140 3459 2168 3477 n.

1186 3503 1214 3534 3.
1236 3490 1273 3523 de
1290 3489 1402 3532 constit.
1422 3491 1558 3534 ideoque
1578 3504 1643 3525 non
1656 3492 1791 3533 acquirit
1804 3491 1859 3523 sibi
1879 3501 2078 3531 patronatum
2090 3512 2099 3526 ‚
2119 3489 2169 3521 sed

1185 3535 1239 3575 ipsi
1251 3534 1388 3577 Ecclesie
1398 3557 1407 3573 ‚
1427 3546 1479 3577 per
1491 3546 1551 3568 tex.
1563 3547 1586 3569 c.
1601 3535 1784 3578 Apostolicos
1795 3557 1804 3571 ‚
1825 3537 1857 3566 in
1872 3533 1931 3577 fin.
1952 3534 2003 3566 ubi
2025 3534 2055 3565 id
2066 3542 2167 3607 lnostat

2043 3585 2062 3617 g
2076 3580 2106 3607 ol
2121 3598 2128 3606 .

2200 1119 2236 1143 11

2208 1990 2244 2022 ¹3

2204 2634 2240 2663 16
