2397 3664
607 30 706 91 De
741 27 974 87 Constit.
1010 45 1057 86 c.
1095 28 1390 86 Canonum
1425 18 1648 87 statuta.

164 122 244 156 Non
251 119 375 153 videtur
384 138 394 154 2
413 118 488 161 quia
497 117 625 151 statuere
639 126 676 147 ex
687 116 811 156 propria
832 114 1058 155 significatione
1067 111 1106 142 est

123 167 171 208 jus
181 174 299 198 novum
309 164 454 195 inducere
463 182 473 197 ‚
482 161 639 194 Clement·
675 160 735 195 n.§.
741 156 874 199 final-de
880 155 1017 197 rescript.
1026 155 1107 195 glos-

120 211 153 241 (a
162 212 195 241 in
205 210 385 246 Extravag.
395 204 530 247 Suscepi
537 205 572 235 in
579 212 636 233 ver
655 202 838 233 Statuamus
848 220 858 235 ‚
865 198 1059 241 Joan.XXII.
1070 196 1107 230 de

122 250 448 291 eleffiAretaeonstlqz.
457 250 491 279 in
502 246 573 279 casu
580 241 756 286 supradidb
764 264 774 278 ,
783 241 895 285 colfin.
905 241 1106 285 verfic.Nam

122 292 183 336 ista
192 293 249 326 duo
258 313 268 329 ,
285 305 314 325 n.
324 296 375 334 46.
386 293 438 324 ubi
445 288 530 331 quod
538 289 726 327 ubicumque
734 285 880 327 Princeps
887 286 986 317 utitur
994 285 1088 316 verbo
1096 304 1106 318 ‚

123 339 296 370 Statuimus
305 356 316 371 ,
336 336 386 368 vel
394 334 553 366 Sancimus
561 351 572 365 2
591 329 706 369 semper
714 330 836 361 inducit
852 329 898 367 ius
906 337 1025 360 novum
1034 349 1042 358 .
1063 327 1106 359 At

123 379 292 412 declaratio
300 379 346 420 jus
354 386 474 409 novum
482 384 546 406 non
554 372 681 407 inducit
689 392 700 408 ,
717 372 766 405 sed
773 370 896 405 tantum
905 371 1037 412 explicat
1044 370 1106 412 jam

121 423 270 455 statutum
278 443 290 458 ‚
297 423 319 453 l.
329 417 582 458 Haeredespalam
589 437 601 453 2
611 414 730 461 §ngd
739 415 811 448 vero
818 435 829 450 ,
839 416 871 447 δέ
881 416 907 452 §.
918 411 981 447 Sed
988 413 1044 456 etsi
1054 423 1107 444 no-

121 474 187 498 tam
195 486 206 501 ,
227 468 261 498 &
271 465 314 496 ibi
324 464 404 495 Bart.
414 461 498 493 Bald.
508 460 591 493 Paul.
600 462 636 492 de
647 459 744 494 Castr.
754 461 788 491 &
808 459 912 490 caeteri
923 465 1034 488 notant
1043 476 1053 491 ,
1066 453 1105 498 ff.

123 509 161 540 de
170 506 322 550 testamen.
333 517 358 538 c.
369 502 448 538 Cum
457 513 487 536 tu
497 525 509 539 ,
528 513 602 536 cum
612 504 656 535 ibi
664 504 799 537 notatis,
819 499 855 533 de
863 499 951 542 Ustir.
959 501 992 532 δε
1003 501 1107 531 dicam

121 550 241 593 plenius
251 551 285 582 in
292 560 316 581 c.
321 547 380 591 fin.
391 560 420 580 n.
435 558 447 579 1
454 559 481 579 2.
490 545 577 591 infra
586 544 688 579 eodem
696 567 705 576 .

166 591 234 626 Res
231 594 354 634 pondeo
363 592 534 623 dicendum
550 602 559 623 ε
573 590 606 622 Si
614 589 839 622 declarationes
855 588 986 618 edantur
997 587 1107 617 imme-

122 635 207 669 diate
223 635 382 667 aSummo
396 633 566 669 Pontifice,
585 632 696 674 absque
711 632 807 663 dubio
815 631 948 662 veniunt
965 627 1107 660 Canonis

121 679 328 720 appellatione
336 698 347 713 ,
355 679 389 710 ὃς
398 677 519 710 faciunt
525 677 574 719 jus
582 678 686 718 quoad
695 684 806 708 omnes
814 694 824 708 ,
841 681 904 712 cap.
917 682 928 704 1
935 694 943 703 .
951 671 988 704 de
997 669 1106 710 bigam.

122 720 209 755 lib-6.
219 729 283 762 cap.
290 720 354 753 1.de
360 721 505 760 privileg.
513 718 575 752 eod.
582 718 655 752 libr.
663 719 694 750 ol.
703 716 785 760 c-fin.
794 715 832 749 δ’*
841 715 919 758 Lfin.
929 713 1057 749 Caci-De
1066 714 1109 747 le-

58 772 96 805 25
117 763 217 805 gibus.
234 763 399 807 Quinimo
419 764 454 796 in
463 763 613 796 Concilio
619 761 812 795 Tridentino
828 759 976 793 Canones
987 756 1108 800 proprie

122 808 322 849 accipiuntur
332 817 388 848 pto
402 807 663 839 declarationibus
684 817 692 836 ε
714 814 787 837 nam
803 803 1007 836 diffinitiones
1015 801 1088 833 fidei
1099 821 1108 836 ‚

123 861 192 892 quae
208 851 226 882 a
241 851 271 883 S.
281 850 409 892 Synodo
417 848 566 882 Canones
587 849 778 890 appellantur
786 868 796 883 ,
818 857 884 879 non
905 846 973 877 sunt
983 845 1029 888 jus
1052 854 1109 876 no-

123 904 201 926 vum
210 914 221 929 ,
241 893 291 926 sed
299 894 374 935 juris
395 893 499 924 divini
509 893 752 926 declarationes,
771 902 795 923 c.
805 892 885 922 Sunt
899 886 1021 927 quidam
1029 908 1039 921 ,
1060 895 1109 926 25.

123 947 151 976 q.
165 947 191 969 1.
201 936 231 968 d.
242 948 267 969 c.
278 934 359 970 Ciam
366 944 400 967 tu
409 955 419 970 s
429 936 461 968 &
473 937 517 967 ibi
525 935 609 977 gloss.
618 937 652 966 in
661 933 745 968 verb.
755 937 834 966 Sive
841 931 904 975 post
913 953 923 967 ‚
937 931 973 963 de
982 931 1108 972 ufiir.Jo.

124 981 223 1013 Andr.
235 980 319 1012 Butr.
327 980 361 1011 &
369 978 504 1010 Anchar.
515 981 550 1010 in
559 989 583 1010 c.
592 977 673 1010 Ciam
688 976 826 1018 Christus
834 997 844 1011 ,
866 987 964 1008 omnes
972 976 1005 1006 in
1012 977 1109 1014 princ.

124 1021 161 1055 de
169 1026 285 1056 Haeret.
295 1024 328 1055 &
338 1020 432 1053 fufius
441 1022 543 1053 dicam
552 1023 585 1053 in
607 1023 676 1053 eod.
686 1032 711 1053 c.
713 1020 773 1063 fin.
784 1030 866 1052 num.
876 1028 923 1059 55.
934 1016 1021 1060 infra
1030 1038 1039 1051 ‚
1060 1015 1110 1048 hoc

122 1068 174 1099 tit.
195 1065 266 1099 Nec
280 1065 377 1097 obstat
397 1065 525 1096 verbum
537 1085 549 1099 ,
568 1066 711 1096 Statuere
719 1084 729 1098 ‚
749 1064 823 1104 quia
843 1062 995 1094 consonat
1016 1063 1111 1094 etiam

124 1119 200 1141 curn
208 1109 304 1141 verbo
311 1128 321 1143 ‚
342 1108 514 1140 Declarare
522 1128 533 1142 ,
552 1115 615 1147 cap.
623 1105 873 1148 Constitutionem
882 1125 892 1140 ‚
914 1105 977 1140 ibi,
999 1106 1112 1137 Decla-

123 1161 229 1185 rantes
237 1149 440 1185 decernimus,
450 1149 488 1181 de
489 1151 569 1192 sent.
580 1160 727 1182 excomm.
738 1146 823 1181 lib.6.
833 1148 870 1181 (ῥ’
877 1158 901 1180 c.
914 1158 925 1179 1
932 1170 939 1177 .
952 1150 984 1180 ὅ(
995 1150 1037 1180 ibi
1048 1149 1111 1180 Ge-

123 1198 204 1228 min.
213 1197 247 1226 in
257 1191 386 1226 2.notab.
396 1192 432 1225 de
441 1195 525 1226 Cler.
535 1202 634 1233 egrot.
643 1193 705 1225 eod.
714 1191 767 1225 lib.
778 1194 875 1224 Clem.
887 1203 914 1223 2.
924 1193 957 1223 &
966 1192 1010 1223 ibi
1020 1192 1113 1233 gloffa

123 1241 159 1271 in
173 1248 240 1271 ver.
250 1239 448 1270 Decernimus
457 1258 468 1273 ,
489 1235 525 1270 de
533 1237 678 1277 appellat.
689 1235 910 1279 Qiamobrem
930 1235 1113 1267 declaratio-

124 1292 182 1313 nes
203 1280 380 1322 hujusmodi
397 1290 463 1312 non
483 1279 655 1321 incongrue
675 1281 738 1312 dici
757 1279 877 1319 possunt
900 1277 1022 1310 Statura
1032 1299 1042 1313 2
1065 1279 1113 1309 seu

124 1323 379 1356 constitutiones
389 1324 596 1356 declaratoriae
605 1344 616 1358 ,
637 1333 671 1355 ut
680 1332 768 1354 notat
774 1322 918 1363 JoAndr.
931 1321 964 1353 in
975 1330 1069 1361 capa.
1081 1325 1113 1352 2⁴71

122 1369 222 1409 princ.
233 1369 265 1399 in
276 1366 523 1408 ver.Diffir1imus
533 1388 543 1402 ,
558 1364 595 1398 de
602 1366 749 1406 privileg.
763 1363 816 1397 lib.
827 1369 856 1396 6.
865 1366 973 1396 dicens
983 1376 1046 1396 non
1058 1366 1113 1396 eise

124 1412 301 1442 curandum
309 1430 319 1445 ,
339 1411 426 1451 quod
435 1410 485 1442 ille
495 1419 595 1443 textus
605 1411 688 1441 dicat
698 1430 709 1444 ,
730 1410 928 1441 Decernimus
939 1429 948 1442 ,
958 1411 1031 1449 quia
1043 1407 1114 1439 'iicet

123 1453 163 1485 sit
172 1455 342 1486 declaratio
351 1474 362 1489 ,
382 1463 489 1485 tamen
500 1453 540 1485 est
551 1450 762 1489 Constituti03
778 1453 812 1484 δε
822 1462 894 1484 cum
909 1462 947 1484 co
958 1452 1115 1484 transeunt

125 1499 170 1528 ibi
181 1497 307 1529 Gemin.
317 1498 350 1529 &
359 1497 430 1528 alii.
449 1495 550 1539 Qiod
560 1495 581 1527 fi
591 1496 815 1528 declarationes
827 1497 1042 1526 emanaverint
1051 1504 1115 1527 non

125 1540 165 1572 ab
173 1539 304 1581 ipsomet
312 1540 446 1572 Summo
460 1539 630 1574 pontifice,
651 1538 701 1570 sed
712 1540 750 1570 ab
771 1540 854 1572 alio,
876 1539 1051 1578 Apostolica
1070 1548 1116 1570 ta-

125 1593 202 1615 men
211 1584 420 1618 authoritate,
442 1593 476 1614 ut
486 1583 554 1614 sunt
564 1583 787 1614 declarationes
810 1579 1116 1621 §.congregationis

126 1624 292 1662 Concilii,
313 1626 421 1659 dicam
435 1626 606 1669 plenislime
615 1627 650 1658 in
666 1625 948 1667 praeallegamapn.
963 1621 1138 1667 finalia?

120 1668 181 1712 fra
189 1669 290 1702 eodem
301 1693 310 1701 .

60 1720 102 1749 27
166 1712 366 1755 QUAERO.
387 1714 480 1759 Qiid
491 1717 528 1747 de
543 1715 662 1748 statutis
672 1714 815 1757 Episcopi
826 1734 837 1748 ‚
857 1723 896 1746 an
913 1713 1041 1747 veniant
1052 1710 1115 1746 Ca-

128 1759 492 1802 nonumlappellatione?

63 1799 103 1829 28
167 1798 228 1847 Pro
245 1801 396 1833 solutione
408 1802 561 1843 distingue
573 1824 580 1832 .
603 1801 690 1834 Nam
706 1812 758 1834 aut
769 1802 924 1834 versamur
936 1803 969 1834 in
987 1804 1117 1834 materia

126 1842 252 1879 odiosa,
272 1853 326 1875 aut
343 1846 377 1877 in
387 1848 517 1877 materia
537 1845 716 1878 favorabili.
739 1845 843 1878 Primo
865 1846 937 1877 casu
946 1844 1117 1878 Canonum

127 1887 334 1926 appellatione
351 1898 473 1929 propter
491 1890 707 1921 excellentiam
725 1889 1031 1930 comprehenduntur
1045 1898 1118 1927 ‚tan-

127 1930 294 1961 tummodo
305 1931 494 1973 promulgati
507 1932 524 1963 a
532 1930 614 1974 Papa
624 1952 632 1967 ,
655 1943 720 1963 non
731 1942 835 1964 autem
852 1934 890 1964 ab
900 1932 1099 1964 inferioribus
1107 1952 1117 1966 ,

127 1981 163 2003 ut
172 1973 281 2012 probat
291 1982 393 2006 textus
413 1977 447 2006 in
455 1978 554 2007 Clem.
567 1985 592 2007 1.
601 1973 664 2017 post
672 1977 768 2014 princ.
780 1974 817 2006 de
837 1976 983 2015 privileg.
994 1976 1045 2006 ubi
1054 1973 1119 2005 Ca-

127 2024 192 2045 non
200 2035 212 2050 ,
232 2016 265 2047 &
276 2015 386 2048 statuta
396 2018 582 2050 inferiorum
591 2028 750 2059 ponuntur
768 2028 917 2058 tanquam
927 2017 1045 2048 diversa
1055 2038 1066 2051 ‚
1085 2018 1118 2048 ὅ(

128 2060 263 2090 materia
277 2059 318 2089 est
339 2061 484 2099 poenalis,
508 2063 543 2093 ὃς
564 2063 608 2092 ita
622 2063 663 2092 ibi
686 2061 745 2092 lioc
755 2070 842 2092 notat
864 2059 974 2091 Paulus
985 2061 1020 2091 de
1031 2060 1118 2091 Elea-

124 2110 188 2131 zar.
198 2103 233 2133 &
242 2111 363 2142 reputat
375 2103 526 2143 singulare
540 2102 671 2134 Cardin.
683 2105 717 2136 in
736 2107 785 2135 26.
795 2101 886 2143 quaest.
895 2104 973 2134 &in
986 2103 1044 2134 lioc
1057 2105 1118 2141 pri-

128 2153 183 2175 mo
191 2143 264 2188 casu
272 2145 407 2184 intelligi
416 2147 507 2175 deber
518 2146 630 2177 Baldus
641 2146 690 2177 bic
705 2156 784 2177 num.
794 2157 824 2184 4.
835 2147 910 2176 dum
920 2147 963 2176 ait
972 2145 1118 2176 statutum

128 2185 275 2226 Episcopi
285 2195 350 2217 non
362 2187 439 2227 posse
458 2186 677 2218 dicistatutuni
696 2186 867 2219 Canonum
877 2208 887 2222 ,
909 2189 983 2229 quia
992 2189 1065 2219 alias
1076 2188 1116 2219 se*

125 2238 291 2274 queretur,
313 2238 348 2261 ut
364 2230 410 2269 jus
422 2229 611 2271 municipale
628 2230 697 2261 effer
711 2230 754 2270 jus
777 2241 963 2267 commune,
984 2233 1066 2272 quod
1076 2232 1116 2262 est

126 2272 256 2304 sallum.
277 2271 314 2304 Et
332 2275 476 2313 quamvis
486 2272 544 2305 hoc
567 2273 654 2305 Baldi
673 2283 894 2314 argumentum
913 2276 1048 2314 pluribus
1067 2276 1116 2306 liic

124 2317 291 2357 impugnet
301 2315 447 2361 ‚Andreas
465 2316 609 2348 Barbatia
618 2337 629 2351 ‚
650 2319 844 2348 contendens
867 2328 930 2348 non
953 2318 1010 2349 esse
1031 2316 1117 2350 abso-

126 2368 226 2393 num,
248 2368 282 2389 ut
299 2360 544 2400 Jusmunicipale
561 2362 683 2391 dicatur
694 2361 738 2399 jus
757 2371 943 2396 commune,
965 2362 1117 2392 tainenil-

126 2401 189 2447 lius
197 2400 328 2440 objeek'is
337 2404 492 2434 cumulate
509 2403 669 2444 respondet
685 2405 803 2435 Anton.
816 2403 933 2444 Burgos
951 2416 984 2435 in
994 2407 1116 2443 repetit.

126 2443 212 2482 hujus
221 2453 284 2483 cap.
294 2455 373 2476 num.
383 2454 411 2484 7.
423 2447 456 2478 &
467 2456 538 2478 ante
549 2457 621 2478 eum
632 2446 709 2478 Dec.
720 2458 798 2477 mim.
808 2458 836 2486 4.
849 2449 903 2488 qui
914 2457 1021 2479 tamen
1032 2448 1117 2478 limi-

126 2497 175 2519 tat
196 2487 256 2534 lioc
273 2489 410 2529 primum
431 2491 604 2522 membrum
613 2510 623 2524 ‚
644 2500 678 2520 ut
700 2500 763 2522 non
786 2492 931 2531 procedat
941 2511 950 2525 ‚
971 2492 1023 2522 ubi
1040 2501 1117 2522 con-

125 2540 225 2581 currit
235 2533 421 2563 omnimoda
429 2532 602 2565 similitudo
612 2553 622 2568 ‚
637 2533 826 2565 &identitas
836 2534 968 2565 rationis
976 2554 985 2568 ,
994 2543 1032 2565 eo
1043 2544 1116 2574 prae-

126 2575 219 2614 cipue
236 2573 460 2609 fundamento,
481 2578 555 2615 quia
563 2586 638 2607 tunc
654 2579 750 2607 etiam
763 2579 795 2608 in
817 2579 947 2608 materia
957 2576 1063 2608 odiosa
1080 2577 1115 2608 fit

127 2617 267 2649 extensio
274 2619 314 2649 ad
321 2617 426 2649 casum
435 2638 444 2652 ,
460 2617 515 2658 qui
526 2616 639 2650 sublata
648 2619 876 2660 significatione
886 2620 1028 2652 vocabuli
1038 2630 1115 2652 con-

125 2662 245 2692 tinetur
254 2680 266 2695 ‚
285 2661 306 2692 l·
318 2662 435 2693 Filium
443 2658 533 2692 habeo
543 2681 553 2695 ,
566 2659 605 2702 ff
615 2660 657 2692 ad
665 2662 828 2694 Macedon.
840 2663 896 2702 leg.
908 2675 936 2694 2.
947 2666 973 2701 §.
984 2661 1073 2707 Qod
1083 2662 1115 2706 fi

126 2705 292 2735 Curatores
303 2724 313 2739 ‚
315 2702 355 2746 ff
362 2702 405 2735 ad
414 2704 554 2747 Tertyll.
564 2706 599 2736 ὃς
609 2714 696 2736 notat
707 2705 786 2736 Butr.
797 2708 831 2737 in
840 2717 863 2737 c.
877 2705 965 2745 final.
975 2709 1007 2737 in
1017 2716 1115 2737 mate-

127 2748 177 2777 ria
186 2747 373 2790 extenstom's
383 2749 416 2778 in
430 2745 564 2789 1.fallen.
575 2745 661 2789 infra
668 2746 705 2778 de
714 2745 1006 2786 co‘nsuet.Gemin.in
1014 2759 1077 2789 cap.
1087 2759 1098 2780 1
1105 2770 1113 2779 .

126 2789 185 2822 col.
196 2798 223 2829 3.
232 2792 315 2822 circa
329 2789 409 2826 med.
420 2790 500 2831 vers.
510 2790 610 2821 Fallit
623 2793 719 2830 primo
729 2789 783 2822 haec
793 2793 896 2830 regula
906 2813 916 2827 ,
937 2795 974 2824 de
988 2800 1114 2831 tempor.

126 2830 264 2866 ordinat.
271 2831 326 2866 lib.
334 2837 365 2866 6.
374 2835 408 2866 ὃς
416 2843 489 2865 cum
498 2833 603 2865 Decio
611 2834 764 2865 consentit
774 2834 825 2865 liic
834 2834 982 2867 Alexand.
993 2837 1030 2866 de
1041 2834 1116 2867 Nae-

126 2885 171 2907 vo
179 2887 258 2907 num.
269 2885 300 2915 7.

165 2919 203 2950 In
212 2918 347 2952 secundo
355 2918 426 2952 casu
436 2940 447 2956 ‚
467 2920 614 2951 videlicet
623 2919 698 2952 ct'im
717 2920 847 2952 materia
856 2919 897 2952 est
914 2919 1092 2953 favorabilis
1103 2941 1114 2957 ,

126 2960 274 3011 siatutum
289 2962 432 3004 Episcopi
440 2963 523 3005 large
545 2962 711 3004 potestdici
727 2962 863 2999 Canon3
883 2964 917 2996 &
937 2965 983 2995 ita
992 2965 1114 2995 notabi-

127 3004 197 3037 liter
206 3006 368 3048 distinguit
377 3027 388 3042 ‚
408 3009 440 3038 ὅ(
451 3007 585 3040 declarat
593 3004 683 3038 Cald.
693 3009 727 3039 in
735 3006 814 3047 confi
827 3011 873 3038 16.
884 3008 975 3047 incip.
985 3008 1043 3038 An
1052 3009 1115 3039 Ca-

61 3056 97 3089 31
122 3050 212 3079 nonis
218 3050 423 3089 appellatione
431 3070 442 3085 ‚
463 3048 514 3082 hoc
522 3052 574 3081 tit.
584 3050 638 3082 ubi
646 3060 683 3081 ex
692 3050 776 3083 facto
785 3049 941 3091 respondit
950 3070 960 3085 ,
982 3050 1115 3090 appella-

128 3093 216 3140 tione
230 3091 374 3125 Canonis
386 3091 468 3135 large
484 3093 707 3134 comprehendi
729 3095 826 3125 etiam
843 3091 1114 3124 Constitutionem

128 3135 270 3174 Lapituli
280 3135 314 3167 in
323 3136 514 3168 materiailla
529 3135 694 3167 favorabili
703 3136 922 3170 absolutionis,
946 3134 1019 3167 licet
1030 3135 1113 3167 secus

126 3179 211 3209 dicat
229 3177 305 3213 else,
324 3179 346 3210 si
369 3181 499 3211 materia
509 3178 545 3209 sit
569 3179 791 3220 prohibitoria,
813 3181 845 3210 &
865 3178 994 3219 poenalis
1004 3199 1014 3212 ,
1036 3178 1113 3210 sicut

62 3229 102 3263 32
124 3220 166 3252 est
174 3219 259 3252 dieta
269 3219 370 3254 Clem.
384 3231 410 3253 1.
421 3222 459 3255 de
466 3223 576 3262 privil.
586 3224 619 3254 &
629 3222 783 3254 consentit
792 3222 895 3254 Abbas
904 3223 938 3252 in
947 3232 971 3253 c.
982 3222 1092 3261 Nuper
1101 3242 1112 3257 ‚

126 3275 156 3295 n.
166 3271 193 3313 Σ.
203 3261 290 3306 infra
298 3262 335 3294 de
347 3264 427 3305 sent.
437 3276 583 3297 excomm.
591 3265 645 3297 ubi
654 3265 892 3306 tenet‚regulam
901 3265 982 3296 illius
991 3273 1091 3296 textus
1101 3284 1112 3299 ‚

127 3308 214 3348 quod
233 3308 272 3338 ab
291 3307 381 3338 omni
400 3310 727 3341 excommunicatione
750 3309 811 3339 lata
831 3306 848 3339 a
870 3305 1003 3338 Canone
1026 3307 1112 3348 possit

125 3351 198 3397 quis
207 3349 337 3381 inferior
346 3348 499 3383 absolvere
507 3372 517 3387 ‚
537 3354 661 3393 quoties
675 3353 819 3384 conditor
829 3349 973 3382 Canonis
994 3351 1113 3382 absolu-

127 3402 250 3425 tionem
258 3392 312 3424 sibi
323 3403 387 3424 non
397 3392 562 3425 reservavit
573 3415 583 3429 ‚
605 3395 716 3427 habere
735 3395 839 3426 locum
847 3403 912 3425 tam
933 3395 966 3424 in
978 3391 1111 3425 Canone

126 3435 214 3478 Papae
224 3457 234 3471 ,
255 3436 348 3476 quam
370 3438 403 3467 in
424 3434 576 3470 canone,
598 3437 647 3468 seu
669 3438 782 3470 statuto
802 3436 1010 3480 cujuscunque
1027 3435 1112 3478 Epis-

212 3481 352 3519 Fagnan.
363 3481 397 3511 in
406 3481 430 3511 I.
443 3478 510 3512 Lib·
524 3481 680 3512 Decretat.

61 2927 103 2959 30

2000 47 2062 93 17

1148 111 1240 153 copi,
1261 112 1309 143 vel
1319 113 1442 143 alterius
1453 111 1571 144 Praelati
1582 133 1590 142 ·
1611 109 1726 151 Neque
1741 107 1817 140 verb
1826 118 1862 140 ex
1879 108 2070 141 hoclaedimr
2088 109 2134 150 ju<

1148 153 1289 187 indictio
1296 154 1319 185 E
1323 154 1369 195 pis
1367 157 1437 196 copi
1446 176 1456 190 ‚
1480 165 1515 187 ut
1524 155 1645 196 putavit
1655 153 1705 186 hic
1721 152 1840 184 Anton.
1849 153 1888 184 de
1899 152 2017 194 Burgos
2027 162 2076 183 nu.
2087 163 2134 183 22.

1148 197 1276 229 Etenim
1289 196 1540 239 curnEpiscopus
1557 196 1816 230 statuticonditor
1833 194 2060 227 absolutionem
2082 194 2135 225 fibi

1149 251 1214 272 non
1223 242 1407 277 retinuerit,
1429 251 1467 272 eo
1476 240 1541 282 ipso
1550 239 1724 273 conceffiffe
1739 240 1863 271 videtur
1872 238 2052 270 facultatem
2066 237 2137 269 aliis

1147 284 1326 319 relaxandi,
1346 293 1382 315 ut
1399 285 1514 316 dicitur
1523 286 1562 317 ad
1583 285 1705 316 literam
1714 283 1748 314 iri
1763 280 1793 314 d.
1801 292 1826 314 e.
1837 282 1948 321 Nuper
1957 301 1966 316 ‚
1986 282 2020 312 δε
2029 280 2070 312 sic
2081 281 2135 311 ista

1147 327 1297 359 relaxatio
1307 328 1446 368 procedit
1454 337 1491 359 ex
1500 328 1597 359 tacita
1606 328 1766 359 voluntate
1775 324 1918 367 Episcopi
1927 335 1936 361 3
1955 324 2073 355 volenti
2081 334 2135 355 au-

1149 379 1214 402 tem
1223 379 1288 402 non
1298 371 1333 402 fit
1343 370 1475 410 injuria,
1495 369 1516 401 l.
1532 379 1557 400 1.
1569 372 1594 407 §.
1604 370 1700 410 Usque
1708 369 1780 402 adeo
1790 381 1803 404 a
1812 366 1852 411 ff.
1861 367 1897 400 de
1904 366 1996 406 injur.
2007 366 2091 408 gloff.
2102 368 2135 398 in

1148 414 1329 452 Extravag.
1339 414 1470 446 Dierum
1478 433 1488 448 ,
1506 414 1551 455 Jo.
1561 413 1665 444 XXII.
1676 415 1708 444 in
1719 423 1784 445 ver.
1795 413 1958 446 Bainun,
1979 409 2015 442 de
2021 412 2119 451 poenis
2130 420 2139 439 .·
2163 418 2198 450 33

1148 457 1181 489 ὃ(
1189 457 1230 489 ob
1249 458 1392 490 eamdem
1402 458 1559 489 rationem
1579 455 1651 487 cum
1661 454 1789 487 facultas
1799 454 1991 496 dispensandi
1999 453 2035 485 sit
2046 452 2135 485 favo-

1147 499 1271 534 rabilis,
1292 501 1325 534 &
1336 499 1395 531 late
1406 500 1636 540 interpretanda
1644 518 1654 533 ,
1676 507 1710 530 ut
1720 507 1807 529 notat
1815 499 1900 538 Joan.
1909 498 2006 529 Andr.
2017 498 2051 528 in
2069 504 2133 536 cap.

1142 540 1201 583 fin.
1211 553 1291 574 num.
1302 550 1328 582 3.
1339 544 1371 574 &
1381 544 1426 574 ibi
1435 544 1534 574 etiam
1545 541 1639 573 Felin.
1651 551 1701 573 nu.
1710 545 1739 572 6.
1749 539 1834 582 infra
1844 539 1880 573 de
1893 541 2006 582 stmon.
2018 538 2134 571 habens

1148 585 1329 619 facultatem
1340 584 1531 626 dispensandi
1547 583 1867 625 superirregularitate
1889 581 2055 624 impositaa
2072 581 2136 614 Ca-

1150 639 1254 663 none,
1275 629 1370 670 potest
1387 627 1638 669 dispensarecum
1659 626 1991 667 Monachoirregulari
2012 636 2048 657 ex
2059 626 2138 657 cele-

1150 674 1290 704 bratione
1300 671 1362 713 post
1372 669 1528 704 incursam
1535 671 1897 705 excommunicationem
1906 669 1998 700 latam
2006 680 2043 701 ex
2051 667 2140 701 Con-

1150 716 1309 748 stitutione
1318 715 1450 748 Ordinis
1459 735 1469 750 ,
1487 724 1520 746 ut
1528 716 1613 746 idem
1622 713 1783 747 Calderin.
1793 712 1946 744 consuluit
1956 713 1989 743 in
1999 712 2076 752 cons.
2090 721 2100 743 ι
2106 722 2136 749 9.

1149 762 1241 799 incip.
1252 756 1360 791 Abbas
1368 756 1456 791 habet
1462 758 1660 798 privilegium
1670 777 1681 793 ‚
1689 758 1721 788 in
1730 758 1781 789 tit.
1792 757 1843 787 De
1852 754 2135 793 regular-Eamdeiii

1151 801 1384 834 distinotionem
1394 822 1403 836 ‚
1413 811 1453 833 an
1464 803 1596 833 materia
1606 801 1641 833 fit
1651 798 1830 832 favorabilis
1841 818 1850 834 a
1862 799 1908 828 vel
1919 797 2023 829 odiosa
2033 818 2044 832 ‚
2066 808 2135 839 pro-

1151 847 1262 878 barunt
1273 845 1324 877 hic
1332 846 1419 878 Alex.
1429 846 1466 879 de
1482 844 1584 877 Naevo
1593 855 1622 876 n.
1637 853 1682 885 13.
1693 844 1787 875 Felin.
1797 853 1828 874 n.
1838 852 1866 872 2.
1877 843 1911 873 &
1928 840 2007 872 Dec.
2017 851 2047 871 n.
2057 850 2086 878 7.
2098 840 2135 871 Er

1150 891 1294 930 quamvis
1305 888 1430 929 Berojus
1440 900 1488 920 nu.
1504 897 1549 926 14.
1560 888 1646 920 illam
1656 889 1819 928 impugnet
1829 884 1940 917 duetus
1950 883 2138 915 authoritate
2163 893 2200 923 34

1151 932 1249 974 glossae
1258 934 1424 964 inSumma
1436 941 1462 972 3.
1473 929 1606 972 distinli.
1615 933 1647 963 ὃς
1657 930 1730 971 glos.
1744 940 1770 961 1.
1779 932 1813 961 in
1822 935 1885 968 cap.
1896 939 1922 960 2.
1933 926 1970 959 de
1980 924 2088 964 major.
2098 925 2135 958 (J

1151 973 1232 1008 obed.
1242 985 1308 1016 quae
1325 974 1505 1015 simpliciter
1513 974 1624 1005 dicunt
1639 973 1806 1014 Episcopos
1818 971 1896 1013 polle
1918 972 2052 1003 condere
2074 968 2138 1001 Ca-

1152 1028 1250 1050 nones
1262 1018 1455 1058 Episcopales
1466 1038 1475 1052 ,
1483 1019 1515 1049 δε
1525 1016 1781 1058 Archiepiscopos
1791 1014 2002 1047 Provinciales
2013 1024 2019 1043 ε
2030 1021 2136 1044 tamen

1153 1062 1211 1093 illae
1220 1062 1317 1102 glossa:
1328 1061 1486 1101 accipiunt
1494 1059 1642 1091 Canones
1651 1059 1732 1100 large
1742 1057 2026 1101 sumptqvocabulo
2034 1066 2042 1093 ·,
2051 1057 2135 1096 quod

1154 1114 1236 1146 patet
1247 1115 1283 1135 ex
1300 1106 1421 1134 ratione
1431 1123 1441 1137 ,
1462 1112 1556 1143 quam
1574 1101 1755 1133 immediate
1766 1101 1930 1143 subjiciunt
1939 1120 1949 1135 ,
1970 1099 2118 1131 videlicet
2127 1119 2137 1133 ‚

1153 1150 1227 1189 quia
1234 1148 1363 1187 quilibet
1381 1146 1509 1188 populus
1519 1165 1529 1180 ‚
1551 1145 1599 1176 vel
1621 1144 1756 1176 Ecclefia
1765 1144 1858 1184 potest
1880 1144 1934 1175 sibi
1944 1143 2073 1174 statuere
2081 1142 2137 1173 ali-

1153 1191 1237 1232 quod
1247 1190 1294 1232 jus
1305 1211 1312 1220 .
1335 1188 1405 1221 Nec
1414 1188 1511 1223 obstat
1521 1197 1622 1220 texms
1632 1208 1642 1223 ,
1653 1187 1687 1219 in
1696 1197 1759 1228 quo
1770 1185 1917 1227 praecipue
1928 1186 1954 1217 se
1964 1185 2073 1217 fundat
2083 1184 2139 1216 Be-

1153 1243 1238 1275 roJus
1249 1236 1280 1264 in
1298 1241 1360 1272 cip.
1371 1233 1486 1271 Regula
1495 1253 1505 1266 ‚
1528 1233 1553 1268 §.
1564 1232 1659 1265 Porro
1668 1251 1677 1266 ,
1701 1240 1726 1271 3.
1737 1227 1868 1271 distini‘i.
1880 1228 2046 1271 Qioniam
2064 1230 2139 1260 dum

1155 1278 1270 1309 dicitur
1285 1278 1326 1308 ibi
1337 1297 1346 1310 ,
1370 1275 1542 1307 Canonum
1563 1275 1616 1305 alii
1627 1274 1695 1305 funt
1712 1273 1846 1309 Decreta
1855 1271 2045 1303 Pontificum
2054 1292 2064 1306 ,
2086 1272 2140 1303 alii

1156 1320 1397 1355 Conciliorum3
1418 1321 1450 1350 &
1462 1318 1685 1350 Conciliorum
1702 1317 1762 1352 alia
1774 1315 1842 1349 sunt
1857 1314 2039 1346 universalia
2050 1335 2059 1349 ,
2081 1315 2141 1345 alia

1157 1364 1361 1405 provincialia
1380 1374 1386 1392 τ
1410 1362 1469 1393 hoc
1479 1371 1543 1392 non
1553 1364 1658 1401 probat
1669 1359 1890 1391 Conciliorum
1899 1359 2141 1399 provincIalium

1157 1407 1268 1439 statura
1288 1407 1343 1438 eil'e
1362 1405 1511 1437 Canones
1522 1424 1531 1439 ,
1553 1414 1611 1435 nec
1633 1405 1684 1435 ille
1702 1405 1728 1441 §.
1749 1402 1807 1434 hoc
1830 1402 1926 1438 dicit3
1949 1400 1996 1432 sed
2017 1400 2141 1431 Gratia-

1157 1459 1215 1482 nus
1235 1451 1280 1482 ibi
1301 1449 1439 1480 distinxit
1454 1468 1465 1483 ,
1485 1449 1560 1489 quia
1581 1447 1635 1478 illa
1656 1445 1860 1488 provincialia
1883 1445 2040 1475 interdum
2062 1444 2140 1475 fiunt

1156 1493 1346 1525 authoritate
1369 1491 1454 1531 Papae
1470 1511 1479 1525 ,
1500 1501 1564 1532 quo
1585 1490 1655 1522 casu
1677 1500 1742 1522 non
1764 1489 1932 1528 ambigitur
1949 1508 1959 1522 ,
1984 1489 2061 1527 quin
2083 1486 2141 1518 sint

1158 1537 1294 1570 Decreta
1316 1535 1503 1567 Pontificum
1513 1555 1523 1569 ,
1546 1534 1618 1566 alias
1628 1544 1691 1565 non
1702 1554 1712 1568 ,
1734 1542 1768 1564 ut
1790 1531 1832 1563 ibi
1844 1529 1946 1572 aperte
1968 1529 2058 1562 sentit
2079 1529 2141 1561 Ge<

1158 1581 1236 1612 min.
1247 1590 1326 1610 num.
1340 1588 1365 1620 3.
1377 1581 1408 1609 in
1418 1576 1478 1618 fin.
1490 1578 1548 1608 Sed
1569 1580 1678 1610 statuta
1687 1577 1811 1607 illorum
1832 1573 2051 1606 Conciliorum
2060 1593 2070 1607 ‚
2091 1573 2143 1605 ubi

1159 1634 1224 1655 non
1246 1622 1451 1654 intervenerit
1473 1620 1646 1653 authoritas
1668 1620 1753 1660 Papae
1769 1640 1779 1653 ,
1801 1628 1864 1649 non
1886 1618 1943 1648 elie
1964 1615 2112 1648 Canones
2131 1636 2141 1650 ,

1157 1667 1288 1699 ostendi:
1299 1667 1400 1698 littera
1412 1667 1452 1697 ibi
1465 1665 1496 1696 in
1509 1666 1569 1696 sine
1580 1685 1589 1700 ,
1611 1666 1685 1695 dum
1697 1665 1792 1696 dicit.
1815 1664 1885 1694 Haec
1893 1659 1931 1691 de
1949 1660 2139 1698 generalibus

1158 1711 1270 1752 regulis
1278 1709 1350 1752 sum
1361 1730 1370 1746 ³
1393 1708 1454 1744 0²¹0·-
1465 1710 1497 1743 δέ
1521 1709 1566 1744 ita
1577 1709 1663 1741 ilium
1685 1717 1758 1739 text.
1769 1707 1806 1737 ad
1830 1706 1888 1735 iioc
1899 1705 2069 1744 ponderant
2079 1702 2144 1733 An-

1157 1767 1224 1789 ton.
1236 1755 1351 1797 Burgos
1362 1758 1395 1787 in
1405 1763 1494 1794 repet.
1505 1753 1588 1792 hujus
1598 1762 1698 1794 capnt.
1714 1762 1761 1792 ιι,
1772 1748 1856 1791 &Jo
1869 1746 2000 1789 Baptista
2019 1746 2141 1779 Ferrett.

1159 1813 1190 1832 η.
1202 1810 1228 1841 3.
1238 1804 1318 1841 vers.
1331 1800 1407 1832 Non
1416 1796 1510 1839 obstat
1519 1800 1613 1830 tertia
1623 1800 1703 1829 meio
1714 1819 1723 1826 .

1202 1844 1241 1875 Et
1251 1843 1324 1875 liinc
1335 1843 1445 1883 collige
1457 1844 1588 1882 ptimim
1601 1841 1822 1872 limitationem
1839 1840 1876 1870 ad
1887 1835 2066 1879 praedistam
2074 1845 2149 1867 con·
2173 1841 2206 1874 35

1159 1887 1329 1921 elusionem
1347 1887 1433 1917 Baldi
1445 1905 1454 1920 ‚
1475 1885 1560 1925 quod
1579 1885 1783 1924 appellatione
1799 1881 1942 1913 Canonis
1959 1890 2022 1910 non
2038 1881 2143 1910 veniat

1160 1931 1306 1963 statutum
1316 1928 1477 1970 Episcopi,
1499 1938 1530 1959 ut
1543 1928 1657 1959 icilicct
1681 1936 1744 1957 non
1754 1927 1898 1966 procedat
1909 1944 1918 1958 ,
1941 1923 1960 1954 si
1974 1923 2119 1954 staturum
2128 1921 2143 1951 a

1159 1973 1242 2015 Papa
1260 1973 1295 2004 sit
1316 1973 1535 2004 confirmatum
1546 1992 1554 2005 ‚
1575 1981 1649 2011 quia
1671 1969 1792 2000 ratione
1813 1967 2063 1999 confirmationis
2085 1964 2146 1996 effi-

1160 2019 1242 2048 citur
1253 2017 1398 2047 ssatutuni
1411 2015 1518 2055 Papale
1529 2035 1538 2047 ,
1547 2024 1579 2044 u:
1591 2023 1700 2044 norant
1712 2013 1792 2043 ’.Ε-αἶα.
1802 2016 1833 2053 ξε
1846 2011 1935 2042 Salic.
1949 2012 1980 2039 in
1990 2010 2010 2040 l.
2020 2008 2147 2047 Expla-

1159 2063 1219 2092 cito
1231 2080 1240 2094 ‚
1250 2061 1284 2091 C.
1297 2058 1332 2089 de
1342 2067 1443 2089 rerum
1451 2067 1577 2097 permut.
1587 2060 1618 2088 δέ
1631 2061 1660 2088 in
1672 2056 1766 2096 specie
1779 2055 1877 2086 nostra
1890 2052 1951 2093 post
1961 2052 2086 2083 Gemin.
2096 2052 2146 2082 ubi

1161 2103 1247 2142 supra
1257 2102 1382 2132 firmant
1394 2101 1443 2132 liic
1454 2101 1579 2131 Alex.de
1590 2099 1692 2131 Naevo
1703 2100 1810 2130 ⁷1.8.&
1822 2098 1895 2128 Ant.
1907 2097 2022 2137 Burgos
2035 2107 2062 2125 n.
2072 2105 2101 2134 4.
2111 2103 2146 2124 ex

1160 2146 1248 2186 cujus
1259 2144 1352 2176 dictis
1363 2157 1388 2174 n.
1402 2155 1430 2181 9.
1442 2145 1553 2184 collige
1563 2145 1594 2174 ὃ(
1607 2144 1698 2174 aliam
1711 2142 1932 2173 limitationem
1942 2159 1952 2173 ,
1963 2138 2108 2169 videlicet
2118 2146 2149 2167 ut
2173 2139 2210 2176 36

1161 2199 1226 2220 non
1237 2189 1401 2229 procedat,
1425 2187 1445 2218 si
1457 2187 1602 2218 statutum
1613 2186 1752 2226 Episcopi
1775 2185 1810 2215 sit
1821 2182 1987 2215 secundum
1997 2183 2145 2213 terminos

1162 2232 1236 2272 juris
1253 2233 1453 2265 communis,
1473 2232 1548 2271 quia
1565 2239 1639 2261 tunc
1651 2231 1765 2260 dicitur
1789 2227 1833 2267 jus
1851 2234 2019 2258 commune
2031 2245 2040 2258 ‚
2062 2224 2146 2265 l.Jus

1160 2285 1260 2306 autem
1270 2275 1383 2308 civile,
1398 2271 1437 2315 ff.
1445 2273 1482 2304 de
1489 2272 1555 2314 just.
1567 2276 1603 2305 (9¹
1613 2271 1670 2310 jur.
1682 2273 1722 2314 gl.
1735 2272 1837 2304 notab.
1846 2281 1880 2301 in
1890 2280 1913 2301 c.
1930 2270 1997 2300 1.in
2010 2278 2073 2300 ver.
2083 2268 2145 2299 Fa-

1159 2319 1200 2350 &i
1212 2339 1221 2353 ‚
1243 2317 1280 2348 de
1288 2314 1389 2357 Const.
1400 2315 1453 2348 tib.
1465 2322 1495 2348 6.

1206 2371 1231 2400 3.
1256 2360 1437 2402 QUAERO
1447 2382 1454 2390 .
1477 2359 1570 2404 Qiid
1580 2361 1617 2392 de
1626 2358 1719 2391 dietis
1730 2357 1873 2390 Gratiani
1882 2377 1892 2392 ,
1902 2365 1941 2387 an
1951 2355 2078 2386 veniant
2088 2351 2150 2384 Ca·
2172 2361 2210 2395 37

1161 2414 1283 2436 nonum
1300 2405 1524 2444 appellatione?

1203 2448 1341 2478 Breviter
1352 2447 1594 2487 negatJo.Andr.
1604 2448 1637 2478 in
1645 2457 1700 2478 σα.
1710 2457 1740 2476 η.
1752 2455 1798 2484 24.
1808 2442 1892 2485 infra
1903 2439 1941 2471 de
1951 2439 2087 2481 rescript.
2098 2440 2145 2470 di-

1159 2501 1233 2522 cens
1251 2490 1488 2522 Gratianidista
1510 2500 1574 2521 non
1589 2489 1645 2520 effe
1667 2498 1723 2527 pro
1742 2485 1925 2517 Canonibus
1947 2484 2123 2523 recipienda
2132 2501 2143 2518 ,

1159 2536 1191 2567 δε
1202 2532 1343 2575 quotidie
1351 2533 1507 2572 reprobari
1518 2542 1526 2566 ς
1547 2533 1580 2562 &
1591 2530 1758 2570 sequuntur
1767 2529 1810 2559 ibi
1832 2527 1909 2559 Abb.
1919 2538 1965 2557 nu.
1977 2536 2003 2561 9-
2015 2528 2048 2557 ὗε
2057 2535 2144 2556 coni-

1159 2579 1297 2608 inuniter
1308 2574 1382 2606 DD.
1393 2574 1471 2605 Petr.
1480 2575 1516 2604 de
1527 2571 1662 2604 Anchar.
1673 2574 1705 2603 in
1723 2579 1815 2611 repet.
1827 2568 1862 2601 hu
1865 2569 1910 2608 jus
1919 2577 1980 2608 cap.
1990 2580 2037 2599 nu.
2048 2571 2099 2608 48.
2109 2569 2144 2600 &

1158 2618 1304 2651 Gratiani
1325 2627 1441 2648 errores
1461 2617 1560 2657 plures
1578 2624 1804 2646 commemorat
1825 2613 1903 2644 Bart.
1919 2611 2034 2652 Caepol.
2045 2610 2082 2642 de
2096 2621 2143 2642 co-

1156 2665 1235 2701 gnir.
1245 2659 1466 2702 librorumJur.
1477 2662 1593 2691 Canon.
1603 2670 1632 2690 n.
1640 2668 1686 2698 14.
1694 2659 1776 2689 inter
1785 2656 1872 2688 trafl.
1882 2665 2024 2687 commun.
2035 2663 2107 2685 tom.
2115 2663 2140 2685 1.

1152 2705 1213 2749 fol.
1221 2716 1230 2736 i
1238 2708 1286 2743 85.
1296 2705 1329 2735 &
1341 2702 1503 2734 novissime
1513 2699 1878 2733 Car-dinarssellarminus
1887 2697 1923 2729 de
1929 2698 2142 2736 Scriptor.Ec-

1157 2747 1227 2786 clefi
1238 2750 1270 2778 in
1280 2745 1362 2778 verb.
1371 2747 1542 2777 Gratianus
1551 2765 1561 2780 ‚
1575 2753 1643 2784 pag.
1655 2754 1670 2785 3
1679 2754 1687 2775 i
1695 2754 1723 2780 9.
1734 2745 1767 2775 ὃς
1774 2742 1880 2784 glossas
1889 2742 2034 2781 plurimas
2044 2761 2054 2775 ‚
2074 2750 2142 2782 quse

1158 2792 1303 2823 Gratiani
1312 2791 1478 2830 opiniones
1489 2789 1653 2829 reprobant
1662 2808 1672 2821 ‚
1694 2787 1830 2818 cumulat
1853 2784 1945 2816 Felin.
1955 2786 1988 2815 in
1998 2782 2028 2814 d.
2040 2791 2102 2823 cap.
2114 2795 2140 2814 2.

1158 2843 1291 2874 num.43.
1303 2843 1368 2865 ver.
1380 2834 1561 2872 Opinionem
1571 2832 1721 2862 Gratiani
1731 2851 1738 2859 .
1759 2829 1855 2859 Unde
1864 2826 2032 2859 secundum
2042 2837 2094 2858 eos
2105 2827 2146 2858 le-

1157 2888 1211 2920 ges
1220 2877 1330 2909 civiles
1352 2878 1385 2907 in
1396 2876 1557 2907 volumine
1579 2873 1786 2906 Decretorum
1793 2870 1910 2902 insertae
1921 2891 1931 2905 ‚
1952 2870 1972 2902 si
1996 2870 2054 2901 sint
2066 2880 2142 2901 con-

1157 2922 1258 2952 trariae
1279 2918 1464 2951 Canonibus
1474 2938 1484 2953 ‚
1505 2928 1570 2949 non
1592 2916 1606 2948 s
1605 2926 1659 2948 unt
1676 2915 1826 2947 servandae
1843 2915 1877 2945 in
1898 2913 1967 2945 foro
1983 2912 2138 2945 Ecclesiae.

1157 2963 1352 2996 Generaliter
1372 2963 1459 2992 enim
1479 2963 1601 2992 decreta
1622 2958 1840 2990 Conciliorum
1857 2977 1867 2992 ,
1889 2957 2055 2988 decretales
2069 2976 2079 2990 ,
2101 2957 2136 2987 &

1156 3007 1238 3048 leges
1255 3003 1389 3037 civilesa
1405 3004 1682 3036 Gratianoibidem
1702 2999 1829 3036 insertae,
1839 3010 1903 3031 non
1913 3000 2007 3031 aliam
2026 2999 2137 3030 habent

1156 3047 1501 3088 authoritatemquiim
1511 3047 1590 3087 leges
1601 3044 1667 3086 ipsae
1676 3065 1687 3080 ,
1700 3045 1839 3080 decreta,
1851 3044 1897 3075 vel
1907 3043 2073 3089 decretales
2083 3061 2091 3075 ,
2103 3050 2137 3071 ut

1156 3102 1245 3124 notat
1255 3093 1337 3122 idem
1343 3090 1486 3131 Jo-Andr.
1498 3090 1549 3121 ubi
1560 3089 1575 3119 s
1573 3098 1645 3129 upra
1655 3108 1664 3123 ,
1678 3085 1716 3120 ῥ’
1723 3088 1756 3119 in
1765 3084 1909 3118 adoliam
1915 3089 1940 3118 S
1940 3086 2032 3126 pecul.
2042 3087 2074 3115 in
2084 3085 2135 3115 tit.

1155 3134 1192 3167 de
1199 3134 1343 3174 appellat.
1355 3135 1381 3171 §.
1391 3135 1427 3165 In
1435 3131 1535 3171 quibus
1544 3152 1553 3166 ‚
1563 3131 1643 3171 verfi
1652 3129 1714 3162 Sed
1718 3139 1810 3170 pone:
1820 3132 1853 3163 &
1863 3130 1921 3161 illae
1930 3127 2052 3161 tantum
2061 3127 2141 3167 leges
2162 3136 2202 3168 39

1155 3178 1317 3211 censentur
1326 3177 1518 3208 canonizatae
1526 3195 1535 3209 ‚
1551 3173 1641 3215 quaea
1650 3173 1730 3215 Papa
1739 3172 1925 3206 Canonibus
1944 3171 2117 3203 inferuntur
2126 3190 2137 3205 ,

1155 3231 1189 3253 ut
1198 3222 1232 3252 in
1239 3227 1302 3260 cap.
1312 3222 1349 3252 In
1366 3221 1475 3260 primis
1483 3237 1493 3252 ,
1515 3219 1548 3249 &
1559 3218 1602 3248 ibi
1613 3226 1700 3249 notat
1722 3216 1795 3258 glos.
1804 3219 1838 3248 in
1846 3226 1910 3248 ver.
1921 3213 2060 3252 Capitale·
2069 3233 2079 3248 ‚
2106 3224 2134 3243 2.

1154 3274 1201 3303 qu·
1213 3273 1239 3296 1.
1248 3263 1330 3304 &Jo-
1342 3263 1436 3295 Andr.
1447 3261 1480 3292 in
1490 3257 1520 3291 d.
1531 3271 1555 3292 c.
1565 3271 1592 3291 2.
1602 3271 1632 3292 n.
1644 3268 1690 3300 25.
1702 3259 1826 3301 Praepos.
1836 3261 1868 3290 in
1876 3266 1996 3297 prooem.
2008 3257 2135 3288 Decreti

1155 3319 1185 3340 n.
1197 3318 1223 3338 2.
1235 3307 1298 3348 post
1306 3305 1474 3337 Archid.in
1491 3314 1515 3336 c·
1524 3303 1726 3350 Quicumque,
1752 3313 1800 3336 11.
1810 3313 1837 3341 q.
1851 3311 1875 3333 1.
1888 3300 1973 3332 Rota
1992 3297 2055 3332 dec.
2067 3307 2134 3341 353.

1154 3362 1184 3383 n.
1197 3358 1245 3389 59.
1261 3358 1325 3388 par.
1337 3352 1365 3379 6.
1383 3357 1440 3378 rec.

1197 3393 1241 3424 Ex
1250 3392 1298 3422 his
1307 3389 1470 3422 deducitur
1479 3389 1598 3431 primo,
1621 3399 1655 3422 ut
1664 3389 1808 3423 rubricat,
1829 3397 1896 3429 quae
1906 3386 2032 3428 singulis
2053 3386 2137 3427 capi-
2157 3395 2198 3424 40

1153 3435 1226 3468 tulis
1243 3433 1372 3466 Decreti
1387 3435 1581 3475 reperiuntur
1600 3431 1781 3474 praepositae,
1803 3429 1947 3505 Czli3nonis
1963 3430 2134 3461 authorita-

2033 3481 2096 3502 tem
