2397 3664
378 150 1036 231 svtMMARJUM.

262 286 273 308 1
355 277 394 308 Pi
390 273 493 315 scopus
501 293 511 307 ,
533 270 583 307 qui·
600 265 793 298 renunciavit
813 264 874 295 loco
883 261 1007 294 tantum
1018 284 1028 298 ,
1048 262 1204 292 invitatus

373 313 464 358 potest
472 311 615 345 ordinare
627 309 708 351 ficut
726 309 809 347 prius
819 330 826 337 .
847 308 886 337 Si
904 307 975 337 vero
984 302 1022 336 δ’*
1033 303 1183 343 dignitati
1194 325 1204 340 ,

339 358 544 391 characterem
554 353 706 394 imprimit
719 349 790 390 ·,Jed
796 360 852 381 non
864 346 977 391 confert
987 350 1204 383 executionem,

339 401 377 434 ὠ·
389 410 466 432 num.
485 397 567 438 seqq.
1042 435 1047 440 ¹

300 442 467 484 Dispensat
479 443 508 472 E
511 438 644 482 piscopus
647 436 722 478 suus
731 446 794 467 cum
805 434 943 466 ordinato
952 431 993 465 ad
1002 443 1143 468 minores,
1153 432 1205 463 vel

340 489 513 525 ignoranter
524 481 565 514 ad
566 481 672 522 sacros
682 478 719 511 ab
731 477 888 519 Episcopo,
898 479 947 516 qui
957 477 1150 508 renunciavit
1162 475 1205 506 lo-

339 540 372 560 co
380 551 390 565 ‚
410 527 446 560 ὠ
457 526 626 566 dignitati,
648 521 762 555 ibidem
772 545 779 552 .

254 586 272 608 2
294 571 424 605 Ordinis
434 567 562 612 potestas
570 576 621 607 per
631 564 862 609 resignationem
873 562 1016 605 Episcopi
1036 563 1128 594 morti
1126 559 1204 602 fica·

341 624 409 651 tur,
423 612 545 654 sednon
555 608 694 651 funditus
718 610 847 639 moritur
859 631 866 638 .

259 669 274 700 3
298 657 470 691 character
480 658 509 687 E
510 657 588 697 piJco
589 653 673 694 palis
694 654 798 682 anima
817 648 932 691 infixus
951 653 971 680 a'
989 650 1057 680 Deo
1074 657 1126 688 per
1145 648 1205 691 mi-

340 699 496 742 nisterium
507 696 637 730 hominis
649 694 744 727 deleri
760 705 817 725 non
835 691 926 734 potest
936 714 946 729 ‚
968 692 1094 724 &nunu
1108 699 1157 730 34.
1169 694 1206 721 Θ·

336 743 417 785 sew-
691 783 696 787 .
781 782 784 785 .
957 779 961 784 .

258 799 278 828 4
298 787 472 830 Restgnatio
483 795 540 816 non
553 781 711 825 subtrahit
721 777 869 820 Episcopo
879 776 1027 810 Ordinem
1038 798 1048 813 ‚
1062 775 1118 816 sed
1139 785 1207 814 ,etce-

344 832 489 862 curionem
501 851 509 858 .

259 882 273 914 5
296 875 412 906 Ordini
422 872 598 903 renunciare
609 865 681 906 quid
690 868 829 906 importet
840 886 848 894 .
1101 906 1105 910 y
1179 905 1184 910 ι

254 922 273 948 6
295 915 460 958 Episcopus
471 936 480 950 ‚
501 915 550 950 qui
558 911 753 943 renunciavit
773 905 890 939 Ordini
898 928 908 944 ‚
931 903 1023 947 potest
1034 904 1070 935 de
1080 905 1206 936 licentia

342 961 430 998 Papa
452 958 655 988 executionem
683 949 856 992 reaffiamere
870 950 938 992 fine
955 959 1036 980 nova
1055 946 1206 988 consecra-

343 1012 422 1033 tione
433 1023 440 1030 .

256 1055 270 1084 5
295 1043 463 1076 Charafler
473 1039 614 1075 Ordinis,
623 1035 754 1072 habitus,
765 1033 803 1068 ῥ’
813 1036 992 1066 exercitium
1001 1033 1132 1071 qualiter
1142 1044 1207 1073 con-

335 1085 505 1130 siderentur
525 1085 558 1114 in
578 1083 742 1113 ordinante
754 1103 760 1110 .

257 1133 277 1162 8
298 1129 498 1171 Episcopatus
526 1137 567 1157 an
588 1125 634 1167 fit
654 1121 742 1156 Ordo
762 1121 1008 1154 Sacramentalis
1028 1121 1207 1159 imprimens

340 1171 544 1204 characterem
553 1191 564 1207 ,
583 1169 644 1199 lati
640 1165 724 1208 slime'
737 1164 898 1206 discutitur
907 1163 993 1204 ufi1ue
1003 1165 1035 1194 in
1047 1162 1143 1204 finem
1155 1185 1164 1192 .

256 1226 275 1253 9
297 1217 412 1257 Opinio
432 1223 529 1245 eorum
548 1213 597 1249 qui
621 1210 767 1241 dixerunt
791 1210 819 1239 E
821 1208 988 1248 piscaptum
1007 1217 1063 1237 non
1082 1205 1126 1245 fui
1124 1203 1167 1246 sse
1186 1204 1208 1251 d

340 1255 460 1299 Christo
472 1253 639 1296 institutum
649 1275 659 1289 ,
678 1253 829 1294 refellitur
839 1260 995 1288 tamquam
1005 1260 1126 1280 erronea
1137 1270 1146 1284 ,
1171 1253 1207 1280 ΕΤ

338 1313 369 1333 η.
378 1305 428 1337 69.
441 1304 477 1332 (9⁴
486 1297 568 1339 seqq.

239 1354 277 1378 10
296 1347 326 1377 E
328 1343 513 1386 piscopatum
523 1352 580 1372 non
590 1338 643 1381 effe
653 1337 815 1373 Ordinem,
818 1346 903 1378 prout
913 1334 954 1376 est
964 1338 1208 1375 Sacramentum,

333 1386 393 1428 sed
401 1383 534 1427 proutest
545 1384 673 1425 officium
684 1405 694 1419 ,
714 1379 751 1413 &⁹
760 1379 887 1421 potestas
896 1378 937 1411 ad
947 1380 1078 1410 aftiones
1088 1377 1208 1408 hierar—

345 1429 446 1462 chicas
458 1451 468 1465 ‚
489 1430 538 1465 qui
551 1425 706 1458 Authores
720 1423 873 1464 senserint
883 1446 891 1453 .
1046 1463 1051 1468 ‚

237 1483 250 1507 1
261 1484 273 1506 1
296 1474 382 1506 Ordo
406 1470 617 1513 Episcoporum
643 1466 888 1508 quadripartitus
917 1464 958 1506 est
976 1487 986 1502 ‚
1025 1469 1062 1496 (φ
1091 1473 1209 1495 numero

364 1527 395 1548 0.

237 1570 273 1592 12
294 1526 462 1592 Coriciiium
482 1557 688 1590 Florentinum
698 1576 707 1590 ‚
730 1555 767 1585 6-
788 1550 1006 1599 Tridentinum
1026 1548 1208 1590 expenditur

340 1612 393 1644 pro
403 1600 558 1642 sententia
578 1597 794 1636 Theologorum
806 1617 816 1632 ‚
836 1601 873 1627 (φ’
882 1607 912 1626 n.
924 1598 974 1633 78.

241 1656 277 1688 13
300 1645 384 1678 Ordo
393 1655 450 1675 non
459 1645 587 1681 requirit
605 1640 811 1673 characterem
829 1639 958 1670 alterius
969 1634 1101 1669 Ordinis
1110 1647 1150 1667 ex
1159 1646 1209 1667 ne-

339 1688 475 1730 ceffitate
491 1686 687 1718 Sacramenti
697 1705 706 1720 ,
727 1681 764 1714 &⁵
773 1693 803 1714 n.
815 1684 833 1713 8
841 1691 867 1712 1.

237 1742 276 1772 14
295 1730 471 1764 Ordinatus
480 1731 512 1760 in
523 1726 735 1771 Presbyterum
746 1722 845 1765 omiffo
856 1725 1032 1755 Diaconatu
1041 1745 1052 1759 ,
1071 1722 1122 1755 vel
1132 1720 1206 1754 Sub-

341 1772 503 1805 diaconatu
513 1774 621 1812 recipit
630 1767 926 1803 charalteremdici’t
934 1778 990 1798 non
999 1765 1132 1798 Ordinis
1143 1775 1210 1796 exe-

345 1819 491 1849 cutionem
501 1839 509 1846 .

237 1869 272 1901 15
296 1862 324 1893 E
325 1859 403 1902 pisto
404 1860 488 1902 palis
508 1856 736 1898 consecrationis
749 1851 982 1896 fundamentum
1001 1851 1042 1893 est
1061 1855 1086 1884 S
1087 1848 1210 1884 acerdo-

343 1905 420 1936 tium
437 1924 447 1939 ‚
463 1902 530 1944 fine
548 1911 600 1939 quo
618 1899 698 1931 nihil
707 1899 850 1938 recipitur
861 1919 869 1927 .

300 1947 516 1981 Contrarium,
537 1956 566 1975 n.
587 1952 637 1981 79.

304 1989 510 2024 Declaratur,
529 1998 558 2018 n.
579 1989 630 2018 81.

245 2036 280 2065 16
302 2031 434 2065 Ordinis
463 2033 694 2062 Sacramentum
720 2023 867 2066 confertur
892 2027 924 2057 in
964 2023 1113 2057 Sabbatis
1141 2034 1212 2062 qua—

346 2084 411 2107 tuor
420 2074 601 2114 Temporum
612 2084 624 2108 ;
647 2069 848 2112 Episcopatus
869 2069 940 2100 vero
950 2069 1072 2100 tantum
1093 2069 1126 2099 in
1146 2069 1211 2099 Do-

347 2119 470 2149 minicis
482 2140 490 2147 .

244 2171 281 2200 17
304 2164 332 2193 E
334 2160 450 2242 piscopli}
471 2158 652 2200 consecratio
671 2168 727 2189 non
750 2150 816 2198 fuit
836 2154 975 2195 instituta
994 2151 1173 2187 immediate
1191 2154 1211 2184 a*

347 2203 424 2236 Chri
452 2214 467 2233 o
476 2225 484 2234 .

306 2249 517 2281 Contrarium,
545 2257 574 2276 n.
586 2247 638 2276 68.
648 2241 769 2283 &scw-
781 2240 817 2274 &
826 2253 856 2272 n.
867 2243 918 2279 85.

245 2302 256 2323 1
264 2294 281 2324 8
292 2289 425 2333 jacobus
438 2287 542 2331 frater
564 2289 694 2320 Domini
708 2284 773 2327 fuit
780 2286 895 2325 primus
907 2281 1069 2323 Episcopus
1078 2280 1116 2313 ab
1128 2281 1165 2312 A
1165 2290 1213 2322 po-

342 2332 431 2374 stolis
448 2330 624 2366 ordinatus,
645 2328 683 2362 ὅθ’
702 2340 731 2365 η,
743 2331 794 2367 85.

250 2386 286 2414 19
307 2376 540 2414 Euangeliorum
560 2373 636 2407 liber
653 2384 710 2404 non
728 2372 825 2412 potuit
843 2367 896 2411 csse
915 2370 1055 2413 materia
1066 2365 1215 2414 consecra-

349 2421 442 2450 tionis
454 2420 482 2450 E
484 2417 644 2458 pifi‘opalis
662 2424 733 2454 ante
750 2414 861 2451 obitum
872 2410 1008 2452 Christi,
1030 2416 1069 2443 01⁹
1087 2421 1157 2446 cur,
1178 2415 1215 2441 CT

351 2474 380 2494 n.
393 2465 444 2493 86.

245 2516 286 2537 20
305 2504 390 2538 Ordo
409 2527 419 2540 ,
443 2502 609 2544 secundum
627 2500 701 2540 quod
717 2499 758 2542 est
777 2503 1029 2533 Sacramentum,
1057 2494 1215 2528 ordinatur

345 2547 553 2588 spiritualiter
562 2546 603 2578 ad
622 2549 854 2577 Sacramentum
873 2538 1069 2581 Eucharistiae
1080 2563 1087 2571 .

309 2591 517 2627 Declaratur,
538 2601 566 2621 n.
578 2592 629 2621 88.
641 2588 678 2621 (ῤ’
690 2586 771 2628 seqq.

248 2645 263 2664 2
272 2643 283 2664 1
309 2633 472 2674 Episcopus
492 2632 589 2670 quoad
610 2635 841 2664 Sacramentum
860 2625 1055 2668 Eucharistiae
1063 2637 1119 2657 non
1128 2623 1216 2657 habet

354 2675 526 2717 potestatem
541 2675 727 2716 superiorem
741 2673 879 2718 fimplici
890 2671 1053 2703 Sacerdote
1063 2693 1070 2700 .
1160 2680 1164 2683 ·

313 2720 499 2751 Declaratur
510 2741 520 2755 ,
540 2720 625 2750 n.88.
636 2722 672 2750 &⁴
684 2714 898 2755 n.92.Useq11.

253 2771 268 2790 2
276 2771 289 2790 2
311 2763 458 2793 Ordinum
469 2761 621 2802 distinctio
631 2760 671 2802 est
681 2769 801 2800 propter
812 2754 1145 2797 Altarisfitcrificium,
1156 2752 1217 2796 post

357 2806 434 2844 cujus
444 2805 723 2845 consummationem
733 2803 861 2834 ulterius
870 2812 926 2833 non
944 2797 986 2841 est
997 2799 1081 2833 Ordo
1092 2821 1100 2835 ‚
1122 2804 1158 2830 (ἴ
1167 2810 1214 2829 nu.

361 2849 410 2878 88.
422 2846 459 2879 ὠ·
469 2858 487 2885 9
495 2858 520 2888 3.

318 2889 509 2920 Contrarium
523 2913 533 2927 ,
556 2900 605 2927 90.
782 2908 784 2911 ψ

256 2939 295 2970 23
317 2929 401 2962 Ordo
410 2930 517 2972 duplex
528 2955 538 2969 ,
547 2932 582 2965 (ῥ’
593 2932 630 2965 de
638 2943 691 2972 quo
700 2930 802 2963 ordine
811 2931 1024 2968 intelligantur
1032 2931 1168 2960 Canones
1178 2930 1217 2961 lo—

359 2982 474 3010 quentes
484 2974 520 3006 de
529 2977 631 3007 ordine
641 2999 651 3012 ‚
671 2975 709 3008 <J
728 2974 915 3007 ordinatione
927 2971 1069 3014 Episcopi
1080 2994 1088 3002 .

255 3026 297 3062 ²4.
313 3015 445 3048 Ordines
464 3016 641 3051 hierarchici
657 3028 718 3051 tres
737 3019 757 3049 a
778 3017 926 3063 Dionyfio
946 3017 1129 3057 affignantur
1148 3037 1158 3052 ,
1180 3013 1217 3047 (ῤ’

259 3089 262 3092 Δ
362 3070 442 3090 num.
454 3070 504 3099 41.
731 3071 735 3076 ·

256 3110 293 3141 25
317 3101 460 3144 Episcopi
471 3101 597 3143 potestas
607 3105 791 3147 quamvisfit
802 3101 1086 3139 indelebilis,tamen
1097 3111 1153 3133 non
1161 3100 1217 3132 ha-

363 3144 412 3177 bet
430 3147 577 3176 rationem
596 3147 773 3180 charecleris
784 3171 791 3178 .

260 3191 299 3220 26
320 3187 534 3229 Episcopatum
553 3185 605 3229 effe
625 3189 772 3220 Ordinem
787 3189 1050 3221 Sacramentalcm
1062 3210 1070 3225 ‚
1085 3185 1143 3228 sed
1161 3197 1218 3218 non

361 3229 534 3272 diffinitum
544 3230 582 3264 ab
591 3230 707 3262 Ordine
718 3234 906 3264 sacerdotali
916 3255 926 3270 ,
936 3234 984 3270 qui
995 3231 1139 3270 Theologi
1151 3239 1218 3260 tra-

365 3273 499 3305 diderint
511 3297 518 3306 .

259 3324 298 3351 27
320 3317 467 3348 Ordinem
483 3319 508 3348 E
511 3315 589 3356 pisco
591 3316 689 3356 palem
700 3317 741 3346 im
745 3319 868 3355 primeri-
875 3317 1075 3349 characterem
1088 3339 1097 3353 ,
1117 3315 1154 3348 Θ
1161 3327 1217 3348 non

365 3358 418 3399 effe
438 3363 687 3395 Sacramentum,
708 3370 762 3389 non
774 3363 989 3399 compatiuntur
1000 3383 1007 3390 .

258 3401 298 3431 28
319 3403 346 3433 C
348 3400 485 3434 harafier
492 3401 700 3434 Sam-dotalis
710 3403 742 3432 in
752 3403 934 3444 impositione
955 3414 1095 3435 manuum
1114 3411 1220 3436 exten.

367 3443 448 3476 ditur
459 3445 499 3476 ad
515 3443 686 3486 potestatem
701 3444 840 3485 ligandi,
860 3442 896 3476 (J
909 3444 1068 3484 solvendi.

609 45 775 113 Prosp.
790 39 1015 110 fagnan.
1033 37 1084 94 in
1100 35 1323 97 Primum
1338 32 1543 97 *Librum
1571 33 1837 89 Decretal.

1411 127 1630 161 Contrarium,
1650 136 1732 156 num.
1749 135 1801 162 91.

1260 183 1300 210 29
1320 168 1405 204 Ordo
1415 181 1487 200 unus
1498 169 1538 209 est
1548 167 1728 200 eminentior
1738 164 2055 207 uliosecundimiquod
2064 173 2234 210 proximius

1367 212 1528 246 ordinatur
1537 210 1582 243 ad
1590 214 1823 246 Sacramentum
1834 207 2031 251 Eucharistiae
2039 232 2050 248 ,
2061 209 2192 246 &sm-88.
2289 213 2293 217 ⁴

1265 267 1304 298 30
1327 256 1426 288 Aftus
1437 251 1628 294 consecrandi
1640 255 1670 285 E
1673 251 1890 294 ucharistiam,
1911 254 1961 289 qui
1979 252 2023 285 ad
2039 254 2233 288 Sacerdotem

1367 299 1496 338 pertinet
1508 319 1517 334 ,
1540 297 1582 338 est
1600 296 1801 338 principalior
1820 294 1857 328 ῥ’
1876 293 2023 332 nobilior,
2044 295 2131 334 qua'm
2148 300 2234 331 aflus

1368 339 1559 385 consecrandi
1567 337 1736 381 Ministros
1746 361 1756 376 ,
1776 342 1826 378 qui
1845 340 1977 381 pertinet
1993 340 2037 371 ad
2047 339 2235 383 Episcopum,

1368 389 1406 415 (Ὺ
1416 394 1445 414 n.
1457 393 1476 419 9
1500 406 1508 414 .

1264 437 1280 468 3
1289 436 1300 458 1
1323 428 1413 459 Finis
1422 424 1463 467 est
1473 392 1568 466 p30tior
1578 428 1616 457 iis
1627 447 1638 463 ‚
1661 436 1718 464 qua
1731 423 1804 466 sunt
1813 423 1855 456 ad
1867 423 1962 466 finem
1973 447 1981 456 .

1263 480 1299 511 32
1322 467 1408 502 Ordo
1429 470 1458 500 E
1460 469 1624 510 piscopalis
1647 466 1688 510 est
1699 469 1835 509 superior
1856 467 2068 512 Presbyterali
2088 490 2098 506 ,
2125 467 2163 500 (ῥ’
2184 480 2237 501 nu-

1368 523 1441 544 mer.
1459 523 1478 550 9
1503 535 1511 542 .

1264 565 1300 597 33
1323 557 1351 588 C
1351 521 1531 596 anonistae3in
1543 565 1596 593 quo
1605 552 1753 596 differant
1763 551 1802 586 ab
1811 552 1997 595 opinionibus
2019 553 2237 593 Theologorum

1368 600 1450 631 circa
1460 597 1592 630 ordinem
1613 600 1642 630 E
1643 597 1821 638 piscopalem
1830 620 1838 628 .

1262 651 1302 682 34
1322 639 1458 682 Potestas
1477 663 1489 677 ,
1521 652 1577 679 quae
1605 639 1754 682 confertur
1783 639 1930 681 Episcopo
1949 643 1982 671 in
2000 639 2236 682 consecratione,

1369 695 1410 715 an
1429 686 1566 724 attingat
1586 686 1737 721 rationem
1758 684 1942 716 characteris
1959 706 1970 722 ‚
2000 683 2037 716 (ᾗ
2057 694 2175 716 numero
2188 682 2238 726 fi-

1369 736 1467 765 quenti
1479 750 1487 758 .

1265 779 1301 811 35
1326 770 1463 811 Potestas
1484 769 1652 812 conferendi
1673 771 1801 803 minores
1824 771 1959 802 Ordines
1975 791 1985 805 ,
2013 780 2101 807 quam
2121 771 2237 811 accipit

1369 812 1478 845 Abbas
1496 816 1529 846 in
1547 813 1736 855 imposttione
1752 823 1912 848 manuum,
1933 811 2024 853 potest
2042 814 2075 843 in
2095 821 2188 845 totum
2198 812 2238 844 ab

1370 857 1463 888 Eccle
1472 855 1509 888 ‘ia
1530 856 1665 895 auferri,

1266 901 1304 939 3⁶
1329 897 1440 931 Abbas
1455 872 1625 931 benediitus
1645 895 1813 931 ordinando
1832 895 1895 938 post
1916 897 2054 939 Ecclesia
2062 896 2240 937 prohibitio-

1369 953 1436 974 nem
1447 964 1457 978 ,
1471 940 1525 982 seu
1535 941 1681 975 mandati
1693 943 1915 974 revocationem
1925 963 1935 977 ,
1945 951 2002 972 non
2011 942 2163 981 imprimit
2171 940 2239 973 cha-

1370 986 1517 1016 rafflerem
1527 1008 1535 1017 .

1266 1037 1305 1069 37
1327 1029 1415 1069 Papa
1435 1029 1525 1069 potest
1539 1027 1643 1070 facere
1665 1028 1701 1060 de
1712 1026 1933 1060 Monachonon
1943 1025 2153 1060 Monachum.

1266 1074 1303 1110 38
1325 1070 1586 1111 Cotisecrati'onis,
1605 1073 1658 1104 vel
1679 1071 1809 1113 potestas
1835 1073 1869 1102 in
1889 1068 2107 1110 consecratione
2127 1070 2241 1102 collata

1370 1112 1486 1155 auferri
1514 1112 1607 1156 potest
1635 1125 1686 1157 per
1716 1118 1838 1156 Papam
1858 1135 1868 1151 ,
1895 1123 1999 1155 prater
2026 1116 2241 1145 Sacramenta-

1370 1158 1429 1189 lem
1447 1181 1455 1188 .

1331 1203 1392 1234 Res
1404 1199 1499 1240 sacrae
1510 1212 1551 1232 an
1592 1201 1675 1243 offlnt
1695 1202 1728 1233 in
1748 1199 1888 1242 profanos
1906 1199 1973 1241 ufiis
1992 1202 2128 1232 converti
2137 1198 2241 1231 autho-

1375 1247 1470 1275 ritate
1490 1210 1654 1285 Εριγέορί,
1673 1243 1747 1284 ibid.

1266 1295 1310 1327 39·
1324 1285 1455 1360 Orzinis
1475 1287 1603 1328 potestas
1621 1296 1758 1320 remanet
1788 1289 1822 1319 in
1851 1285 1998 1328 Episcopo
2016 1288 2112 1318 etiam
2134 1285 2239 1325 degra-

1392 1339 1442 1361 ato
1454 1353 1462 1360 .

1263 1382 1306 1411 40
1326 1373 1517 1409 Intellectus,
1538 1383 1566 1404 c.
1585 1372 1716 1410 Cleros,
1737 1383 1786 1405 21.
1808 1372 1878 1406 dist.

1263 1426 1302 1454 41
1325 1414 1449 1447 Gradus
1459 1416 1661 1456 appellatione
1680 1416 1753 1455 quid
1770 1419 1879 1449 veniat
1890 1440 1898 1448 .

1264 1470 1304 1498 42
1326 1459 1518 1496 Intellectus,
1542 1458 1749 1497 c.Per!e‹5¹:is,
1769 1459 1898 1499 25‚dist.

1262 1511 1304 1542 43
1327 1503 1494 1533 Concilium
1513 1501 1754 1543 Carthaginense
1773 1513 1897 1540 quarum
1926 1504 2086 1543 expeditur
2103 1510 2155 1542 pro
2169 1499 2240 1541 sen-

1374 1547 1472 1577 tentia
1493 1548 1520 1577 C
1520 1544 1725 1585 anonistarum
1738 1569 1746 1583 ‚

1261 1598 1307 1627 44
1326 1589 1499 1620 Intellectus
1510 1610 1520 1625 ‚
1541 1599 1568 1619 c-
1582 1588 1747 1621 Diaconos
1758 1611 1769 1625 ‚
1788 1598 1841 1629 93-
1852 1587 1920 1620 dist.

1265 1643 1303 1671 45
1327 1632 1498 1705 intellecti&
1507 1654 1518 1669 ,
1543 1642 1639 1672 capa.
1648 1642 1695 1673 32.
1705 1631 1840 1664 distinet.
1854 1633 1887 1664 ὃ(
1897 1642 1963 1672 cap.
1971 1630 2062 1672 ina
2076 1629 2222 1663 sanstitas
2232 1652 2243 1671 ,

1375 1675 1466 1713 50·di
1495 1697 1503 1705 .

1264 1722 1305 1757 46
1326 1717 1521 1750 Sacerdotale
1531 1718 1659 1759 officium
1672 1717 1761 1759 potest
1772 1717 1825 1760 effe
1836 1718 1905 1761 fine
1915 1717 2105 1760 PmcificaH,
2120 1715 2242 1757 sednon

1373 1761 1389 1792 ὲ
1400 1760 1537 1802 converso
1548 1783 1557 1798 ‚
1580 1761 1617 1792 (ff
1626 1773 1655 1793 n.
1667 1771 1718 1800 79.
1730 1767 1767 1793 CV
1779 1762 1863 1801 seqq.

1263 1812 1306 1843 47
1326 1805 1356 1834 E
1354 1802 1542 1846 piscopatum
1553 1816 1565 1835 e
1563 1804 1606 1845 ffe
1616 1805 1765 1837 Ordinem
1784 1807 1809 1835 S
1810 1805 2047 1835 aeramentulcm
2057 1826 2067 1840 ,
2087 1802 2125 1835 (sy
2135 1801 2242 1844 distin-

1373 1848 1453 1879 stum
1462 1846 1500 1879 ab
1513 1848 1631 1881 Ordine
1641 1846 1853 1892 Presbyterali
1867 1869 1876 1884 ‚
1885 1846 2041 1878 deducitur
2052 1857 2091 1877 ex
2102 1847 2241 1879 Concilio

1373 1890 1469 1925 Trid.
1481 1888 1518 1922 (ῥ’
1526 1902 1556 1922 n.
1569 1901 1618 1929 71.

1263 1935 1305 1972 48
1327 1933 1451 1970 Dima,
1472 1933 1615 1970 Cretera,
1637 1933 1887 1975 estimplicativa
1899 1933 2072 1976 fimilium.

1267 1986 1309 2015 49
1331 1980 1358 2008 C
1359 1988 1469 2008 anoncs
1480 1978 1627 2014 loquentes
1636 1976 1673 2008 de
1683 1977 1803 2009 Ordine
1812 1999 1823 2013 ,
1830 1977 1868 2009 &⁶
1878 1978 2067 2008 ordinatione
2076 1974 2220 2016 Episcopi
2230 1997 2241 2012 ‚

1369 2022 1556 2058 generaliter
1573 2019 1780 2061 expenduntur
1790 2044 1799 2059 ,

1266 2071 1304 2101 50
1324 2064 1442 2094 Gratia
1452 2065 1484 2093 in
1494 2066 1708 2097 Sacramentis
1716 2061 1883 2104 confertur,
1902 2071 2067 2094 nonautem
2083 2064 2116 2094 in
2134 2060 2239 2104 sacris

1373 2108 1552 2138 ceremoniis
1571 2118 1630 2138 non
1647 2106 1852 2147 effentiiilibus
1863 2129 1871 2137 .

1270 2157 1306 2188 51
1330 2148 1497 2181 Ordinatio
1517 2149 1662 2191 Episcopi
1677 2159 1816 2189 gratiam
1834 2146 1946 2191 confert
1957 2172 1965 2179 .

1271 2201 1308 2231 52
1331 2194 1417 2225 Ordo
1437 2192 1509 2230 quid
1525 2196 1589 2234 sit.
1637 2197 1639 2199 ’
1685 2195 1689 2198 ’

1269 2245 1305 2275 53
1327 2238 1565 2269 Sacramentum
1582 2235 1668 2273 quid„

1269 2287 1310 2317 5.]-
1329 2279 1445 2309 Ordini
1456 2277 1654 2319 Episcopatus
1665 2280 1805 2311 convenit
1815 2275 1962 2319 diffinitio
1973 2276 2104 2310 Ordinis
2114 2299 2124 2314 ,
2136 2276 2173 2310 (ᾗ
2184 2280 2241 2310 Sa-

1377 2332 1409 2352 ίὙ
1410 2331 1476 2352 ame
1477 2333 1496 2351 71
1499 2331 1511 2351 ἴ
1512 2336 1523 2352 b
1536 2346 1543 2352 .

1270 2373 1283 2403 5
1292 2372 1306 2402 5
1330 2366 1475 2402 filateria
1489 2363 1621 2395 Ordinis
1640 2365 1669 2395 E
1671 2363 1835 2405 piscopalis
1855 2374 1911 2402 que
1929 2364 1971 2406 sit
1981 2387 1988 2395 .

1272 2411 1309 2445 56
1331 2407 1491 2490 &fillones
1510 2408 1543 2438 in
1560 2405 1779 2447 consecratione
1797 2406 1941 2449 Episcopi
1959 2419 2016 2440 non
2028 2405 2102 2447 fient
2121 2405 2158 2437 de
2168 2405 2243 2447 sub-

1403 2459 1491 2480 antia
1502 2472 1510 2480 .

1272 2501 1311 2532 57
1333 2494 1446 2532 Opinio
1464 2490 1659 2533 afferentium
1676 2494 1895 2537 impositionem
1913 2492 1987 2525 libri
2011 2493 2244 2531 Euangeliorum

1377 2547 1436 2567 non
1445 2534 1499 2577 effe
1509 2538 1674 2568 materiam
1685 2536 1816 2569 Ordinis
1828 2539 1856 2568 E
1857 2535 2031 2578 piscopalis‚
2035 2534 2092 2576 sed
2102 2546 2243 2567 manuum

1377 2579 1593 2621 imposttionem
1603 2601 1613 2616 ,
1633 2577 1785 2621 refellitur
1796 2603 1804 2617 ·.

1272 2624 1310 2661 58
1331 2623 1428 2653 Graeci
1437 2624 1614 2654 conveniunt
1624 2633 1688 2654 cum
1699 2625 1837 2663 Romana
1859 2623 1996 2665 Ecclesia
2013 2624 2046 2653 in
2057 2622 2243 2665 impofitione

1377 2663 1702 2739 i'ibridEuangeliorum
1714 2665 1807 2707 super
1827 2668 1959 2698 cervices
1987 2664 2128 2706 Episcopi
2148 2664 2242 2705 confie-

1379 2719 1452 2740 cran
1476 2722 1485 2739 i
1501 2731 1509 2739 .

1272 2760 1310 2791 59
1331 2753 1441 2782 Forma
1451 2754 1484 2782 in
1493 2750 1685 2784 ordinatione
1697 2751 1840 2794 Episcopi
1851 2762 1907 2790 ‹171ae
1920 2751 1966 2793 sit
1978 2774 1986 2782 .

1270 2800 1311 2826 60
1332 2795 1483 2879 Ordinpcm
1494 2796 1661 2838 diversttas
1681 2796 1802 2829 elicitur
1821 2806 1861 2827 ex
1881 2793 2064 2836 diverfitate
2082 2795 2212 2824 materie
2230 2816 2242 2830 ,

1381 2843 1418 2870 (θ’
1453 2849 1536 2870 ormae
1547 2863 1555 2869 .
1602 2845 1606 2847 '

1271 2885 1309 2912 61
1336 2883 1412 2912 Item
1422 2892 1462 2912 ex
1480 2881 1665 2925 diversttate
1683 2880 1935 2922 ministeriorum,
1953 2877 1990 2911 (θ’
2008 2877 2179 2920 potestatis.

1273 2930 1310 2956 62
1334 2926 1364 2956 E
1365 2923 1497 2965 piscopos
1516 2935 1572 2956 non
1593 2923 1647 2966 effi:
1669 2925 1858 2968 Presbyteris
1873 2922 2062 2964 fiiperiorcs,
2092 2923 2142 2954 vel
2161 2931 2242 2963 pote-

1370 2967 1507 3009 statem,
1527 2978 1618 3005 quam
1636 2966 1746 3000 habent
1765 2965 1985 3009 confirmandi,
2004 2970 2042 2997 (J
2064 2964 2242 3003 ordinandi,

1377 3009 1430 3052 effe
1448 3021 1514 3043 cum
1532 3008 1725 3055 Presbyteris
1745 3019 1925 3043 communem
1943 3031 1953 3046 ‚
1981 3007 2022 3050 est
2050 3008 2186 3053 haerefis,
2206 3014 2245 3041 Θ·

1378 3065 1457 3086 num.
1470 3056 1520 3091 89.

1271 3101 1308 3139 63
1332 3099 1429 3129 Greci
1438 3108 1494 3136 qua
1498 3096 1600 3138 forma
1611 3106 1733 3129 utantur
1743 3099 1775 3129 in
1785 3094 1973 3128 ordinatione
1983 3094 2127 3138 Episcopi
2137 3117 2147 3133 ‚
2167 3098 2241 3129 Pre-

1378 3139 1512 3186 sbyteri,
1535 3140 1572 3173 (ff
1595 3143 1728 3173 Diaconi
1739 3163 1747 3171 .

1271 3188 1313 3224 64
1332 3183 1470 3225 Potestas
1485 3182 1663 3224 spiritualis
1683 3182 1795 3224 duplex
1807 3206 1814 3213 .

1271 3233 1309 3267 65
1331 3227 1513 3260 Cardinalis
1520 3224 1561 3267 ist
1571 3226 1667 3264 major
1680 3225 1825 3267 Episcopo
1833 3224 1994 3265 dignitate,
2005 3230 2042 3258 cy*
2054 3225 2238 3267 officio‚·Epi»

1320 3279 1327 3282 ’
1377 3273 1479 3311 scopus
1489 3269 1528 3309 est
1538 3269 1634 3306 maior
1645 3270 1763 3302 Ordine
1773 3293 1782 3305 ,
1804 3273 1840 3301 (9-
1850 3281 1881 3301 η.
1892 3275 1942 3307 67.
2224 3280 2226 3283 ’

1271 3318 1310 3345 66
1331 3314 1473 3354 Episcopi
1478 3312 1549 3353 fimi
1558 3322 1645 3353 pares
1658 3314 1692 3343 A
1694 3311 1830 3353 postolis-o
1840 3322 1980 3351 quantum
1989 3310 2032 3345 ad
2041 3310 2239 3346 Ordinem&

1378 3357 1548 3397 potestatem
1570 3354 1815 3395 consecr-ationis.

1272 3404 1313 3439 67
1337 3400 1499 3442 Episcopus
1533 3397 1573 3440 cst
1604 3398 1700 3438 major
1738 3398 1839 3431 ordine
1876 3397 2054 3443 Presbytero
2083 3400 2109 3429 C
2111 3394 2238 3427 ardina-

1379 3444 1402 3475 li
1415 3465 1421 3473 .

2075 3485 2114 3515 68
2138 3484 2197 3514 Or-
