2397 3664
515 17 601 71 De
618 12 747 70 offic.
764 10 1004 68 Osdinar.
1016 26 1059 66 c·
1077 9 1426 81 I-riefragabili
1441 48 1455 74 ,
1471 13 1513 76 §.
1525 11 1758 67 Excessus
1773 50 1785 62 .

111 118 123 140 1
179 105 384 147 Rresroqnbili
396 130 403 138 .
421 107 696 140 Pioelatisubditos
706 105 872 146 corrigunt
884 127 895 141 ‚
913 106 945 137 &
957 103 1142 150 reformant,

146 116 176 184 Ι
197 150 402 191 appellatione
414 172 423 187 ‚
443 151 490 183 vel
504 151 732 183 consuetudine
754 157 819 181 non
828 147 969 180 obstante
981 170 988 177 .
1008 147 1081 178 Hoc
1094 149 1143 194 di-

149 202 195 225 cit
206 215 217 229 ‚
239 193 332 234 usque
343 200 383 225 aa
398 196 424 232 §.
439 191 583 234 Exi-efflas
594 217 601 225 .
623 192 790 224 Dividitur
813 192 847 224 in
866 193 944 223 duas
964 199 1066 232 partes
1076 212 1086 227 ,
1107 198 1142 220 in

149 236 251 277 prima
261 237 404 277 providet
416 259 426 274 ,
449 237 484 270 in
503 237 638 270 secunda
655 244 796 268 removet
815 234 994 272 obstacula,
1014 233 1083 270 ibi,
1102 232 1144 266 Ut

153 288 252 311 aufem
264 303 270 309 .

112 333 128 354 2
150 352 153 356 A
194 321 284 355 Nota
295 322 396 364 primo
406 324 450 356 ibi
461 345 470 360 ‚
491 324 545 355 Ne
559 321 688 363 sanguis
699 331 797 354 eorum
813 320 850 352 de
859 319 926 361 ficis
936 317 1077 352 manibus
1098 329 1142 350 re-

149 368 288 404 quiratur
306 390 314 398 .
348 365 640 399 Diffimulationeni
658 360 861 439 peccassfum
880 363 914 395 in
936 362 1066 395 Praelata
1083 362 1142 409 effe

152 410 276 450 culpam
285 411 453 442 mortalem
462 432 469 440 .
491 408 591 451 Qtod
604 408 754 440 latisinnt
802 406 888 447 gloss'.
897 417 921 439 i.
934 405 1000 443 hic,
1011 407 1087 438 dum
1096 406 1143 436 di·

151 452 214 484 cit:
239 452 362 485 Durum
374 453 502 484 verbum
512 452 553 483 ell
562 451 653 483 istrid
673 461 728 492 pro
750 446 886 482 Praelatis
908 449 1143 490 negligentibus

151 494 288 528 subditos
298 496 456 535 corrigere
470 507 480 524 .·
500 496 575 527 enm
586 494 672 526 enim
685 495 843 534 inci-epate
852 492 1073 533 delinquentes
1086 501 1143 522 no-

151 538 244 570 luerit
254 561 264 574 ‚
284 548 338 570 eos
349 538 558 578 proculdubio
569 540 704 570 tacendo
716 536 818 570 Pastor
827 535 949 568 occidit
958 557 969 572 ‚
981 546 1014 566 ut
1026 535 1145 574 Grego-

152 581 216 613 rius
227 581 270 613 ait
279 583 312 612 in
320 580 533 623 cap.Ephe,fiis
541 591 594 621 43.
604 579 674 622 dist.
685 582 717 612 δε
729 580 787 611 lioc
801 578 938 612 intendit
948 579 1012 611 hxc
1027 578 1144 613 littera,

151 626 226 664 dum
237 623 336 655 dicit:
356 623 490 664 Sanguis
499 634 620 657 eorum.
634 624 720 656 Idem
730 623 879 664 probatur
889 624 921 653 in
932 633 957 653 c.
972 621 1144 664 fidelior,

152 664 255 698 eadem
265 664 462 706 dstinfflwse,
473 666 510 699 &⁹
520 669 553 698 in
563 675 715 707 cap.error
727 670 744 698 8
752 664 912 707 3.dsstinH.
926 665 958 696 δε
970 673 1055 696 tenet
1068 664 1142 704 glos.

152 709 307 750 penult.in
318 721 354 741 ca
357 719 385 750 p.
404 711 537 742 Clericis
557 712 584 747 §.
596 707 655 751 fin.
674 710 710 740 de
730 710 927 742 immunitate
949 708 1062 747 Eccles.
1073 705 1144 739 libr.

155 755 185 783 6.
208 751 315 785 Petrus
345 753 483 786 Brixien.
509 756 542 785 in
568 755 732 794 repertorio
757 754 790 784 in
808 751 889 784 verb.
910 752 1118 794 Diffimulatio
1137 771 1147 786 ,

155 795 243 836 glori.
256 805 407 836 pragmat.
418 799 451 828 in
460 799 616 837 prooemio,
630 799 656 834 §.
668 797 741 840 Qgiae
750 794 1146 835 omniattiver.Diffimula-

152 849 186 870 re
197 861 206 875 ‚
229 839 374 872 Antonio
383 843 421 872 de
432 840 541 872 Burrio
553 842 585 871 in
594 851 618 872 c.
625 841 727 872 Novit
737 837 975 880 n.27.verfinota
985 837 1146 879 diffiniula—

152 885 265 913 tionem
283 892 468 923 peccatorum
479 881 655 925 inferiorum
667 882 719 923 effe
729 883 889 915 mortalem
899 885 931 913 in
943 882 1072 913 Praelato
1084 902 1092 915 ,
1112 881 1145 910 ὃς

154 925 197 956 ibi
207 925 303 958 ctiam
313 925 419 958 Petrus
441 928 479 959 de
501 926 639 958 Ancliar.
650 938 678 958 ti.
695 937 743 961 12.
754 925 838 966 infra'
849 924 885 957 de
893 923 982 965 judic.
997 923 1069 955 dixi
1076 925 1109 954 in
1119 934 1143 954 c.

148 966 241 1010 final.
261 972 294 1000 in
309 979 334 1001 1.
345 969 474 1002 notabili
485 969 520 1001 dc
529 970 658 1008 regular.

117 1021 133 1052 3
196 1010 343 1045 Secundo
355 1022 433 1045 nota
451 1012 730 1048 consuetudinem,
755 1022 823 1053 quae
841 1009 1069 1045 correctionem
1081 1031 1091 1046 ‚
1112 1011 1145 1041 δε

155 1053 415 1088 reformationem
426 1055 555 1095 impedit
567 1077 577 1092 ‚
597 1066 664 1087 non
684 1057 786 1089 valere
797 1077 808 1092 ,
828 1065 860 1086 ut
881 1055 932 1085 liic
944 1053 981 1085 ὠ·
991 1056 1022 1084 in
1033 1064 1057 1084 c.
1069 1053 1148 1085 Cum

157 1109 198 1129 ex
207 1098 299 1140 officii
309 1120 320 1136 ‚
343 1096 654 1140 depraescriptionibus
662 1111 672 1128 .·
691 1098 764 1131 esim
774 1098 857 1130 enim
868 1097 903 1128 sit
913 1096 1068 1129 nutritiva
1079 1107 1149 1138 pec-

156 1141 241 1178 cati,
264 1143 442 1182 corruptela
460 1142 586 1182 potius,
604 1141 699 1184 quam
718 1141 913 1173 consuetudo
932 1141 1065 1173 dicenda
1087 1139 1127 1171 est
1139 1161 1148 1175 ‚

156 1193 223 1225 cap.
233 1183 314 1217 Ciam
324 1182 518 1222 venerabili,
532 1184 629 1226 supra'
646 1184 683 1218 de
701 1183 863 1224 consuetud.
873 1193 947 1215 nam
956 1183 1149 1216 diuturnitas

161 1227 310 1268 temporis
322 1227 384 1261 sine
403 1228 535 1263 veritate
544 1251 554 1267 ‚
576 1230 609 1261 δι
630 1229 753 1262 ratione
762 1227 803 1261 est
814 1227 944 1259 vetustas
956 1227 1069 1260 erroris
1081 1249 1090 1263 ,
1111 1236 1149 1258 ut

119 1279 142 1309 4
160 1269 412 1313 incute-Veritate
421 1271 621 1312 saphath&
631 1271 752 1313 quanto
761 1270 942 1302 diuturnior
951 1292 961 1307 ‚
982 1271 1073 1303 tanto
1085 1272 1151 1302 cul-

157 1323 196 1355 pa
205 1315 342 1355 gravior,
349 1313 544 1356 cap.final.de
553 1314 785 1357 consuetudaeap.
797 1316 823 1345 F
826 1316 939 1353 lagitiae
952 1323 1001 1354 32.
1011 1312 1108 1355 quaest.
1120 1323 1150 1353 7.

154 1357 271 1389 Abb.in
281 1367 348 1399 cap.
360 1356 565 1400 Extirpandae
575 1380 584 1394 ‚
607 1360 633 1396 §.
645 1361 694 1396 qui
706 1368 777 1389 vero
787 1368 865 1388 num.
880 1362 928 1398 36.
939 1356 1145 1397 versssConsue-

157 1400 226 1431 tudo
233 1410 332 1433 autem
342 1402 428 1444 inJra'
439 1401 476 1434 de
487 1399 634 1434 Praebend.
649 1400 747 1433 Unde
758 1400 873 1433 merito
883 1400 1061 1442 hujusmodi
1071 1411 1147 1432 con-

159 1578 293 1637 ΒΕ
363 1577 876 1638 Officio
936 1580 1154 1651 Juo

2039 30 2123 75 57¹

1183 104 1379 136 suetudinem
1390 105 1505 136 lull-ilit
1526 104 1624 135 etiam
1646 102 1836 135 Concilium
1854 101 2080 135 Tridentinuin
2091 106 2123 135 in
2135 116 2181 136 ca-

1183 149 1245 187 pite
1255 158 1285 188 4.
1298 147 1419 188 sessione
1433 158 1478 186 ¹4-

1226 190 1326 231 Qiod
1339 201 1444 222 tamen
1456 191 1602 222 vendicat
1615 189 1670 222 sibi
1683 191 1809 227 locum,
1829 189 1850 221 si
1861 189 2002 221 subditus
2012 190 2178 222 consuetu·
2201 199 2214 230 5

1186 232 1259 265 dine
1270 256 1280 269 ‚
1301 234 1348 264 vel
1371 232 1598 274 pt·:esci·iptione
1623 233 1695 265 velit
1715 234 1742 265 sc
1760 233 1843 265 tueri
1862 232 2003 264 adversus
2014 232 2182 265 correctio-

1188 286 1259 308 nem
1271 276 1392 309 I’raelati
1405 298 1415 312 ‚
1426 286 1456 306 ut
1468 279 1500 307 in
1511 287 1576 317 cap.
1587 275 1665 308 Ciam
1678 288 1733 308 tion
1741 277 1835 308 liceat
1846 274 1882 307 de
1891 274 2148 317 prascript.Secus
2161 276 2181 307 si

1187 319 1266 350 alius
1277 319 1423 359 Superior
1435 321 1547 359 alleget
1558 320 1816 351 consuetudinem
1827 342 1836 356 ,
1859 320 1904 350 vel
1917 319 2182 360 proescriptioncm

1186 363 1365 403 corrigendi
1376 363 1503 393 alterius
1516 362 1651 393 subditos
1665 385 1673 400 ,
1694 373 1725 393 ut
1740 361 1880 403 probatur
1890 365 1922 394 in
1932 362 1961 394 d.
1973 372 2036 402 cap.
2049 362 2128 394 Cum
2141 373 2180 393 ex

1185 405 1275 445 officii
1289 428 1299 441 ,
1320 405 1372 436 ubi
1385 404 1523 436 subditus
1543 415 1608 436 non
1626 406 1720 446 porc-ll
1741 407 1933 446 praescribere
1955 405 2179 443 visitationem,

1183 450 1230 480 vel
1243 448 1498 488 procurationem
1509 458 1621 481 contra
1638 448 1813 484 Pia-latum,
1826 449 1873 480 sed
1886 449 1962 480 alius
1976 450 2006 481 in
2019 448 2179 490 personam

1186 492 1313 523 alterius
1334 491 1526 531 prxlcriberc
1550 492 1644 530 potest
1668 502 1831 532 utramque
1855 516 1862 522 .
1885 492 1922 523 Et
1945 493 1987 523 ita
2009 491 2180 523 secundnm

1186 533 1318 566 Abb.hic
1327 537 1359 565 in
1372 537 1466 575 princ.
1478 534 1683 566 Conciliatur
1694 535 1791 575 prima
1800 546 1867 574 pars
1888 535 1976 578 liujus
1988 535 2178 572 Dccrerufis,

1185 588 1254 619 qux
1267 578 1420 618 improbat
1432 577 1692 609 consuetudinem
1703 588 1773 609 cuin
1787 578 1919 609 secunda
1928 601 1937 614 ,
1950 589 2017 619 qua·
2030 579 2115 609 illam
2127 581 2180 610 ad-

1186 621 1284 653 mittit
1299 632 1310 655 ‚·
1333 631 1406 652 nam
1420 621 1520 659 primu
1533 620 1671 661 loquitur
1683 624 1720 652 de
1732 622 1958 652 consuetudine
1970 620 2176 653 corre-Ctionis

1182 664 1388 704 impeditiva3
1411 664 1555 695 Secunda
1573 663 1646 694 vero
1664 667 1701 695 de
1723 664 1947 695 consuetudine
1969 663 2177 699 correctionia

1188 708 1385 743 translativa,
1396 716 1448 747 per
1458 717 1553 747 quam
1564 707 1680 738 scilicet
1693 716 1737 749 jus
1748 707 1991 747 corrigendi‚seu
2003 707 2177 739 reforman-

1188 753 1220 781 di
1231 750 1369 782 subditos
1379 752 1417 782 ab
1428 760 1493 781 uno
1504 750 1536 781 in
1548 751 1645 782 alium
1665 749 1854 792 superiorem
1864 750 1982 781 transfu
1989 752 2095 782 nditur
2106 773 2114 780 .

1230 792 1363 825 Ultimo
1375 803 1451 825 nota
1461 793 1700 835 appellationem
1712 803 1776 824 non
1797 793 1946 833 impedire
1958 794 2176 826 executionem
2199 797 2218 824 6

1186 847 1253 879 quae
1265 839 1300 868 ad
1321 847 1446 869 morum
1466 847 1575 868 eorum
1594 836 1854 869 reformationem
1865 859 1874 872 ,
1895 837 1927 867 &
1947 835 2178 868 correctionem

1183 879 1516 921 pertinent,concordat
1527 891 1589 921 cap.
1604 877 1855 922 Reprelsensibilis
1865 881 1898 911 in
1908 877 2010 919 finem,
2020 877 2058 910 (ῥ’
2068 890 2102 910 ca
2105 877 2178 919 p.ad

1187 923 1318 964 nostram
1327 922 1411 962 infra'
1423 922 1458 954 de
1467 922 1651 964 appellan&
1662 933 1730 965 cap.
1743 926 1836 955 Prox.
1842 921 1938 964 supra'
1949 922 2047 953 eodem
2058 945 2065 952 .
2077 920 2175 962 Qiod

1189 967 1290 1008 ipsum
1299 966 1452 998 sancitum
1463 968 1503 998 cll
1515 970 1532 998 a
1543 966 1695 1000 Concilio
1706 966 1901 998 Tridentino
1912 969 1944 997 in
1954 977 1979 999 c.
1997 976 2021 996 1.
2033 966 2112 1005 vers.
2124 974 2175 996 nec

1190 1011 1353 1051 appellatio
1363 1020 1586 1048 exequutionem
1598 1010 1687 1047 hanc,
1697 1020 1753 1047 quae
1764 1009 1805 1041 ad
1812 1019 1923 1041 morum
1935 1009 2178 1051 reformationem

1191 1056 1319 1094 pertinet
1329 1076 1338 1089 ,
1355 1052 1682 1094 suspendatsefflzz&
1692 1053 1784 1085 fufius
1797 1065 1829 1084 in
1839 1063 1906 1094 cap.
1923 1050 2041 1092 rosels.
2055 1063 2105 1092 24.
2116 1051 2178 1084 Ve-

1189 1097 1259 1129 rum
1271 1107 1371 1137 neque
1382 1107 1416 1128 ex
1428 1096 1625 1137 dispositione
1638 1107 1740 1129 textus
1761 1096 1855 1128 nostri
1866 1119 1876 1133 ,
1899 1106 1999 1136 neque
2010 1105 2046 1128 ex
2058 1094 2177 1127 Decre-

1190 1140 1231 1172 tis
1242 1139 1386 1172 Concilii
1399 1141 1516 1172 sublata
1523 1141 1565 1172 est
1575 1140 1741 1181 appellatio
1750 1139 1992 1183 devoltitiv331ed
2005 1137 2178 1179 suspensiva

1190 1183 1317 1215 tantum
1327 1205 1336 1220 ‚
1348 1193 1381 1215 ur
1392 1183 1558 1215 ostendunt
1569 1185 1661 1215 verba
1672 1183 1726 1216 illa
1735 1205 1745 1219 ,
1756 1182 1907 1223 Impediat
1918 1205 1928 1218 ‚
1947 1191 2000 1213 aut
2004 1180 2176 1222 suspendat.

1191 1226 1262 1259 Nisi
1275 1226 1419 1259 Praelatus
1439 1228 1609 1268 procedens
1630 1228 1691 1258 tela
1711 1225 1879 1268 judiciaria
1888 1228 2048 1257 excederet
2063 1225 2179 1257 limites

1190 1270 1446 1306 visitationis‚seu
1455 1270 1674 1306 correctionis,
1685 1270 1760 1310 quia
1771 1279 1845 1301 tunc
1860 1270 1967 1301 licerer
1978 1270 2128 1309 appellare
2138 1270 2177 1300 ad

1190 1323 1358 1353 utrumque
1367 1313 1522 1350 esseorum,
1532 1323 1565 1344 ut
1576 1311 1627 1344 liic
1639 1323 1722 1353 patet
1733 1315 1765 1344 in
1775 1311 1915 1353 verfinifi
1924 1311 2052 1353 formam
2063 1314 2094 1343 in
2104 1312 2178 1342 tali-

1186 1355 1238 1389 bus
1249 1354 1424 1396 excesserint
1431 1355 1651 1397 observandam
1664 1379 1672 1393 ,
1694 1357 1725 1387 &
1739 1365 1774 1386 ex
1786 1355 1941 1387 sententia
1953 1355 2041 1386 sacra:
2053 1354 2175 1395 congr.

1185 1399 1290 1432 conc.
1301 1400 1423 1440 plenius
1435 1400 1536 1440 scripsi
1547 1403 1580 1431 in
1592 1399 1663 1431 diet.
1675 1408 1741 1441 cap.
1763 1397 1822 1431 Ad
1842 1396 1971 1437 nostram
1983 1396 2019 1429 de
2029 1398 2175 1439 appellat.

2080 1508 2146 1517 ..ὲ-

1188 1582 1419 1637 ICIS
1487 1577 2177 1636 ORDINARII.

782 1703 885 1770 Cap.·
919 1703 1228 1771 Irrefragabili,
1268 1702 1312 1775 §
1347 1697 1563 1770 Exceffias.

326 1827 987 1863 SUMMARJUM.

207 1921 219 1944 1
245 1912 472 1990 CApitulum
483 1913 518 1958 st
537 1916 752 1946 Canonicorum
763 1915 893 1957 exceffiss
902 1915 1053 1957 confiievit
1060 1920 1153 1948 corri-

322 1967 392 1994 gere
402 1977 412 1991 ‚
428 1958 461 1987 ni
457 1959 485 1999 Ji
499 1956 551 1989 hoc
568 1955 670 1996 faciat
689 1956 773 1999 infra
784 1962 945 1991 terminum
955 1959 993 1991 ab
1004 1959 1153 2001 Episcopo

288 1996 444 2040 praefixum
454 2021 464 2036 ,
486 1999 650 2041 Episcopus
668 2004 793 2040 corriget
805 2025 815 2038 ‚
836 2006 873 2034 (5⁶
888 2014 917 2034 n.
934 2013 944 2034 1
955 2013 980 2034 Ι.

206 2052 223 2073 2
244 2042 421 2082 Capitulum
441 2053 481 2074 ex
499 2042 705 2082 consuetudine
731 2044 821 2086 potest
842 2044 949 2078 habere
975 2044 1150 2087 potestatem

292 2084 458 2124 corrigendi
475 2085 605 2127 excessus
614 2089 841 2128 Capitularium
852 2113 860 2120 .

249 2129 362 2159 Etiam
371 2128 490 2169 excluso
512 2130 660 2172 Episcopo
671 2153 681 2167 ,
701 2142 730 2162 n.
742 2141 771 2169 7.

209 2180 226 2212 3
250 2172 294 2203 Et
304 2171 378 2209 quid
386 2174 419 2203 in
437 2171 613 2206 criminibus
628 2174 775 2212 gravibus
791 2197 802 2211 ‚
824 2173 901 2207 &m
917 2185 963 2207 10.

249 2216 293 2258 Et
313 2214 387 2253 quid
405 2213 467 2257 post
478 2218 648 2249 Concilium
669 2216 886 2250 Tridentium
896 2230 925 2249 n.
937 2229 965 2255 9.

202 2268 227 2299 4
244 2254 404 2298 Praescribi
422 2256 534 2300 pofflunt
553 2271 606 2301 per
614 2258 787 2300 inferiorem
807 2260 953 2302 Episcopo
971 2261 1039 2300 jura
1050 2263 1152 2293 omnia

290 2303 320 2334 E
322 2299 486 2342 piscopalia
500 2302 541 2334 ad
551 2311 705 2340 utramque
713 2304 804 2342 legem
825 2307 1010 2345 pertinentia
1022 2327 1029 2335 .

208 2352 223 2385 5
245 2344 444 2394 Negligentia
464 2343 618 2388 inferioris
634 2349 823 2379 convincitur
842 2359 882 2379 ex
907 2347 1078 2390 praefixione
1100 2357 1158 2379 ter-

290 2397 366 2419 mmz
374 2410 383 2420 .

209 2432 227 2461 6
249 2426 414 2461 Terminus
424 2433 568 2471 Capitulo
586 2431 724 2475 praefixus
743 2432 781 2465 ab
805 2433 949 2474 Episcopo
960 2433 1000 2465 ad
1012 2437 1156 2473 corrigen-

290 2471 346 2503 dos
354 2475 550 2513 Capitulares
570 2487 626 2507 non
644 2476 684 2516 est
703 2476 904 2517 expettandus
914 2499 924 2514 ,
939 2478 971 2520 fi
978 2480 1154 2518 Capitulum

292 2513 378 2546 dicat
389 2513 424 2556 se
442 2517 518 2548 nolle
527 2520 671 2556 corrigere
681 2541 688 2549 .

209 2566 229 2596 7
249 2558 354 2590 Dillio
364 2580 374 2595 ,
394 2558 536 2600 alioquin
546 2581 556 2596 ‚
573 2563 736 2593 orationem
745 2561 979 2594 conditionalem
992 2561 1075 2605 facit
1086 2586 1095 2600 ‚
1118 2563 1156 2597 0²·

212 2643 217 2646 .
294 2600 412 2643 inducit
418 2600 616 2634 conditionem
633 2605 666 2635 in
676 2602 744 2644 casu
756 2607 906 2637 contrario
915 2628 923 2636 .

209 2647 229 2676 8
249 2642 355 2678 Dittio
364 2666 374 2681 ‚
385 2655 421 2676 ex
432 2655 508 2677 tunc
519 2667 529 2682 ,
539 2644 662 2677 denotat
671 2650 813 2687 temporis
824 2650 1050 2680 extremitatem
1062 2673 1069 2680 .

210 2698 229 2725 9
249 2689 396 2729 Capitula
405 2698 463 2726 quae
472 2688 690 2728 consuetudine,
699 2691 871 2730 privilegio,
881 2692 933 2722 vel
942 2692 1003 2722 alio
1013 2693 1078 2731 jure
1090 2693 1157 2734 spe-

206 2731 210 2736 ’
297 2731 374 2763 ciali
377 2730 412 2772 se
421 2741 542 2764 tuentur
551 2731 592 2764 ad
598 2732 697 2772 oerfhs
702 2732 936 2774 jurisdiciionem
949 2733 1157 2776 Epefiopifflua

289 2771 394 2815 forma
402 2774 558 2816 procedere
566 2773 694 2807 debeant
703 2778 735 2808 in
745 2776 841 2819 causis
852 2776 1058 2810 criminalibus
1064 2782 1160 2820 Capi-

296 2817 463 2855 tularium,
485 2817 522 2851 <ff
531 2830 560 2849 n.
565 2817 628 2859 seq.
640 2819 676 2851 Θ
688 2830 735 2851 21.

192 2870 205 2895 ι
213 2870 226 2892 1
251 2861 396 2901 Capitale
403 2861 568 2902 negligente
575 2864 608 2893 in
617 2860 801 2902 corrigendis
817 2863 974 2904 exceffibus
995 2866 1041 2896 Ca
1044 2866 1158 2904 pitula-

298 2906 377 2936 rium
387 2926 396 2941 ‚
407 2916 462 2941 an,
470 2902 508 2937 ῥ’
518 2903 634 2943 quando
642 2904 809 2946 jurisdit‘lio
819 2905 862 2937 ad
871 2906 1048 2947 Episcopum
1057 2908 1159 2939 devol-

298 2956 392 2978 vatur
400 2969 412 2984 ,
432 2947 469 2981 &⁶
478 2959 507 2979 n.
522 2946 604 2988 seqq.
616 2947 701 2988 usque
708 2949 751 2980 ad
759 2960 808 2979 n.2
815 2960 844 2980 2.

261 2988 349 3032 Qut
358 2991 391 3032 fi
410 2989 572 3033 Episcopus
590 2992 710 3034 interfit
728 2995 774 3026 Ca
778 2993 873 3033 pitulo
882 3001 1035 3035 tamquam
1045 2994 1156 3026 Prela-

236 3053 239 3056 -
298 3041 345 3064 tus
356 3055 366 3069 ,
385 3045 414 3066 n.
430 3044 477 3073 13.

255 3075 287 3107 f
289 3083 302 3106 t
312 3075 417 3149 quidist
425 3077 546 3120 interfit
557 3086 711 3116 tamquam
723 3081 750 3110 C
751 3080 893 3110 attonitus
903 3101 912 3114 ,
921 3089 951 3110 n.
966 3087 1013 3119 14.

257 3119 289 3150 E
291 3126 304 3148 t
314 3120 363 3153 ‘11⁴1'
398 3120 430 3163 st
438 3131 540 3153 vocem
549 3124 582 3153 in
592 3122 735 3162 Capitulo
745 3133 800 3152 nen
812 3119 930 3158 habeat,
941 3133 975 3153 n.
987 3124 1032 3153 18.

259 3161 304 3191 Et
313 3161 382 3199 quid
391 3161 452 3203 post
461 3165 631 3197 Concilium
643 3163 863 3197 Tridentinum
872 3186 881 3201 ‚
891 3163 1014 3197 n.20.&
1024 3174 1073 3197 21.
1096 3192 1098 3194 .

199 3213 212 3237 1
219 3214 236 3237 2
257 3203 420 3245 Episcopus
430 3204 467 3238 de
485 3205 547 3244 jure
556 3206 751 3249 communies}
758 3217 848 3248 caput
857 3208 998 3248 Capituli
1009 3230 1016 3238 .

200 3255 236 3286 15
257 3249 285 3279 C
285 3249 406 3278 anonici
418 3248 531 3292 finguli
548 3260 603 3282 non
624 3250 698 3291 sunt
718 3250 883 3290 conjudices
891 3273 901 3288 ‚
920 3250 968 3283 ubi
988 3252 1164 3292 Capitulum

301 3289 451 3329 consuevit
460 3291 589 3333 ext-effus
598 3295 718 3326 illorum
727 3297 872 3332 corrigere
881 3292 952 3334 ‚sed
962 3292 1058 3334 ipsum
1069 3296 1162 3335 Capi-

302 3333 397 3366 tulum
406 3330 448 3374 est
457 3333 566 3372 judex,
589 3339 627 3369 &
635 3346 723 3378 penes
733 3336 828 3379 ipsum
837 3336 877 3377 est
894 3335 1060 3377 jurisdit‘lio
1069 3360 1077 3368 .

202 3379 238 3410 16
260 3374 422 3417 Episcopus
431 3397 441 3415 ‚
460 3376 594 3415 ad-quem
611 3389 730 3420 propter
739 3380 951 3419 negligentiam
962 3381 1102 3420 Capituli
1110 3378 1161 3411 de-

303 3419 408 3451 voluta
416 3417 457 3461 est
465 3419 631 3462 iurifiiit‘lio
638 3445 649 3460 ‚
667 3431 782 3456 tenetur
789 3426 944 3464 procedere
953 3431 1056 3455 contra
1066 3426 1164 3456 Cano-

1322 1831 1402 1860 nicos
1413 1839 1477 1860 cum
1486 1827 1625 1869 Capituli
1634 1828 1754 1871 consilio
1764 1850 1776 1866 ,r
1784 1829 1834 1862 vel
1844 1828 1956 1870 assensu
1965 1852 1975 1867 ,
1999 1827 2036 1862 (θ’
2046 1835 2180 1863 num.2·6.

1214 1883 1226 1906 1
1233 1882 1252 1911 7
1276 1875 1350 1906 Item
1360 1881 1475 1903 tenetur
1484 1870 1607 1912 causam
1618 1867 1834 1912 appellationis
1843 1871 1887 1904 ad
1898 1872 1933 1912 se
1948 1873 2124 1917 interpofitae
2133 1875 2182 1906 al-

1319 1918 1377 1946 teri
1387 1916 1524 1954 delegare
1534 1936 1544 1951 ‚
1549 1914 1580 1957 fi
1587 1913 1728 1955 interfuit
1735 1917 1781 1947 Ca
1783 1916 1878 1956 pitulo
1885 1923 2042 1954 tamquam
2053 1920 2080 1948 C
2081 1920 2184 1948 anoni-

1320 1970 1370 1991 cus
1379 1980 1389 1995 ,
1411 1956 1450 1992 ῥ’
1468 1960 1603 1989 animum
1627 1957 1714 1997 suum
1732 1959 1911 2000 propalavit
1920 1981 1929 1990 .

1219 2011 1254 2040 19
1266 2001 1449 2045 Jurisdiflio
1459 2002 1622 2040 negligente
1640 2003 1687 2033 Ca
1691 2003 1785 2041 pitulo
1803 2001 1919 2043 proprie
1940 2001 1984 2034 ad
2004 2002 2189 2044 Episcopum

1323 2057 1378 2076 non
1387 2044 1562 2077 devolvitur
1571 2065 1582 2080 ,
1594 2042 1651 2083 sed
1660 2045 1902 2085 impedimentum
1911 2055 2080 2078 removetur
2091 2069 2098 2077 .

1215 2100 1232 2123 2
1241 2099 1252 2121 1
1266 2087 1502 2131 Jurisaiftioad
1514 2089 1542 2119 E
1543 2086 1690 2128 pistopum
1700 2099 1756 2119 non
1765 2088 1941 2121 devolvitur
1950 2112 1960 2126 ,
1972 2090 2004 2133 st
2021 2089 2063 2120 ad
2064 2088 2156 2127 juniii
2165 2090 2186 2122 a'

1323 2134 1371 2163 Ca
1373 2132 1468 2172 pitulo
1476 2131 1561 2163 elet‘li
1572 2130 1630 2162 una
1641 2142 1704 2162 cum
1716 2131 1861 2173 Episcopo
1871 2133 2035 2172 negligant,
2046 2134 2097 2164 vel
2106 2142 2186 2164 recu-

1312 2173 1382 2215 sent
1391 2173 1544 2216 procedere
1552 2183 1655 2209 contra
1665 2177 1712 2206 Ca
1716 2178 1747 2215 pi
1750 2176 1865 2207 tulares
1876 2186 1888 2211 ,·
1903 2174 1961 2215 sed
1979 2178 2041 2215 cogi
2053 2174 2156 2207 debent
2165 2175 2185 2208 a*

1320 2219 1562 2260 Metropolitano
1573 2239 1584 2254 ‚
1591 2217 1642 2249 vel
1652 2217 1671 2248 a
1680 2217 1759 2249 Sede
1769 2221 1805 2249 A
1806 2217 1944 2259 postolica
1954 2241 1964 2256 ‚
1973 2229 2004 2250 ut
2013 2218 2184 2260 procedant.

1214 2273 1251 2296 22.
1273 2261 1439 2302 Episcopus
1459 2261 1590 2293 Abulen.
1603 2272 1643 2294 an
1661 2262 1743 2304 poffit
1753 2261 1919 2301 cognoscere
1926 2261 1964 2293 de
1973 2274 1992 2293 a
1995 2263 2186 2303 ppellationi-

1322 2304 1374 2337 bus
1383 2306 1611 2345 Capitularium
1633 2303 1655 2335 a'
1666 2303 1828 2344 sententiis
1845 2314 1948 2336 contra
1959 2317 2004 2336 eos
2015 2306 2089 2336 latis
2097 2307 2117 2336 a'
2126 2308 2186 2337 Ca-

1322 2349 1419 2389 pitulo
1437 2359 1490 2389 pro
1501 2347 1621 2380 delitiis
1630 2349 1663 2378 in
1682 2349 1711 2378 E
1713 2348 1823 2391 cclefia
1835 2351 1990 2392 patratis2
2013 2347 2049 2380 Θ
2060 2360 2089 2379 n.
2103 2346 2186 2388 seqq.

1323 2391 1409 2431 usque
1429 2393 1462 2426 in
1504 2403 1535 2424 n.

1214 2444 1252 2476 23
1276 2436 1458 2477 Appellatio
1467 2390 1535 2471 f&
1544 2433 1725 2472 negligentia
1734 2432 1828 2471 quoad
1838 2433 2054 2466 devolutionem
2063 2432 2188 2475 jurisdia

1320 2478 1427 2511 Hionis
1447 2476 1488 2509 ad
1501 2476 1684 2519 superiorem
1694 2479 1913 2518 equiparantur
1923 2501 1930 2509 .

1282 2522 1468 2553 Declaratur
1478 2542 1488 2556 ‚
1506 2530 1585 2551 num.
1607 2529 1658 2560 32.

1219 2575 1262 2605 24
1284 2565 1466 2605 Appellatio
1476 2562 1518 2594 ad
1537 2566 1710 2604 proximum
1723 2562 1906 2603 superiorem
1919 2562 2093 2596 devolvitur
2104 2585 2113 2599 ‚
2135 2576 2188 2598 nec

1322 2605 1421 2647 omisso
1438 2604 1536 2639 medio
1553 2604 1593 2645 esl
1612 2606 1823 2647 appellandum
1835 2629 1842 2637 .

1216 2658 1254 2689 25
1281 2650 1462 2691 Appellatio
1471 2648 1513 2680 ad
1520 2659 1623 2690 parem
1635 2652 1783 2690 interponi
1803 2661 1858 2681 non
1874 2648 1963 2691 pottst
1974 2672 1984 2686 ,
2002 2648 2039 2682 (ᾗ
2046 2660 2125 2681 num.
2138 2652 2188 2682 28.

1217 2698 1254 2726 26
1276 2692 1442 2734 Episcopus
1451 2695 1484 2724 in
1494 2693 1590 2735 causts
1601 2692 1809 2725 criminalibus
1826 2702 1929 2725 contra
1948 2694 2143 2733 Capitulares
2153 2692 2189 2725 de

1325 2736 1388 2775 jure
1406 2738 1552 2768 commum·
1579 2735 1734 2777 procedere
1754 2735 1838 2769 debet
1858 2746 1922 2769 cum
1942 2735 2076 2777 consensu
2096 2738 2189 2778 Capi-

1325 2780 1385 2811 tuli
1396 2802 1404 2810 .

1218 2833 1233 2855 2
1241 2831 1258 2858 7
1279 2823 1458 2864 Capitulum
1465 2824 1500 2853 in
1509 2821 1607 2864 causis
1617 2823 1846 2863 Capitularium
1857 2834 1898 2854 an
1908 2821 1945 2854 dc
1962 2822 2024 2860 jure
2043 2825 2188 2855 communi

1319 2866 1365 2909 fit
1383 2863 1527 2903 conjudex
1546 2875 1612 2896 cum
1623 2864 1770 2906 Episcopo
1781 2889 1788 2896 .

1218 2918 1257 2945 29
1279 2909 1462 2949 Appellatio
1469 2911 1500 2939 in
1510 2909 1600 2947 causa
1610 2909 1702 2940 alteri
1714 2907 1851 2947 delegata
1859 2907 1898 2941 ab
1908 2920 1962 2940 uno
1973 2920 2011 2940 ex
2023 2908 2130 2941 duobus
2142 2907 2190 2949 so-

1324 2954 1381 2983 ciis
1391 2953 1425 2982 in
1435 2949 1640 2992 iurisdiflione
1648 2963 1705 2982 non
1726 2951 1902 2984 devolvitur
1920 2951 1960 2984 ad
1979 2952 2167 2992 delegantem
2181 2974 2190 2989 ,

1321 2993 1376 3036 sed
1395 2992 1438 3026 ad
1457 2993 1638 3035 superiorem
1656 2993 1807 3026 amborum
1819 3018 1827 3026 .

1220 3048 1257 3079 30
1279 3038 1458 3078 Appellatio
1475 3037 1495 3069 a'
1508 3036 1669 3076 sententiis
1679 3040 1726 3069 Ca
1728 3038 1890 3078 pitulorum
1900 3041 1933 3070 in
1949 3037 2118 3071 Cathedral
2124 3037 2190 3069 ibus

1325 3081 1549 3122 Hispaniarum
1559 3092 1615 3111 non
1624 3080 1775 3121 consuevit
1785 3084 1935 3123 interponi
1948 3081 1991 3113 ad
2008 3083 2037 3113 E
2040 3080 2170 3122 piscopos
2179 3103 2189 3117 ,

1319 3123 1377 3165 sed
1386 3122 1428 3155 ad
1438 3125 1516 3155 alios
1534 3125 1707 3164 Superiores
1717 3148 1723 3155 .

1222 3177 1256 3208 3¹
1279 3166 1494 3206 Consuetudini
1502 3168 1742 3207 interpretativa
1763 3169 1860 3209 potius
1872 3166 2015 3209 standum
2025 3165 2065 3207 est
2075 3189 2084 3203 ‚
2105 3167 2199 3204 qua'm

1329 3212 1474 3242 communi
1494 3211 1625 3251 opinioni
1636 3233 1644 3241 .

1255 3292 1365 3335 Xceffus
1380 3318 1387 3325 .
1408 3294 1442 3326 Si
1452 3294 1634 3335 Capitulum
1645 3295 1885 3328 Canonicoruin
1908 3295 2042 3327 excessus
2063 3296 2191 3327 consue·
2217 3307 2227 3327 1

1203 3307 1253 3375 E
1275 3339 1319 3369 vit
1329 3338 1558 3379 corrigeremisi
1570 3339 1628 3370 hoc
1639 3339 1736 3371 faciat
1745 3338 1825 3370 infra
1837 3338 2007 3370 terminum
2021 3339 2058 3370 ab
2069 3338 2193 3379 Episco-

1203 3393 1242 3421 po
1269 3382 1428 3421 praefixum
1438 3403 1448 3417 ‚
1469 3381 1636 3422 Episcopus
1657 3382 1795 3421 corriget
1806 3404 1814 3412 .
1836 3382 1908 3412 Hoc
1921 3381 1997 3413 dicit
2009 3382 2102 3420 usque
2112 3380 2155 3412 ad
2167 3384 2192 3419 ξ.

1202 3427 1365 3462 Ceterum,
1384 3426 1417 3457 &
1427 3424 1496 3457 sunt
1506 3428 1571 3457 duae
1582 3435 1682 3466 partes
1692 3447 1700 3455 .
1721 3424 1757 3456 ln
1780 3424 1882 3464 prima
1890 3424 2035 3457 statuitur
2045 3427 2082 3455 de
2093 3434 2193 3455 corre-

2038 3467 2143 3498 &ione
