2397 3664
235 136 298 167 402
319 124 465 165 Epilogus
480 121 694 162 principalium
714 121 808 150 trium
825 113 1011 156 questionum
1020 135 1031 149 .
1053 113 1090 146 Φ
1106 117 1221 156 praxis

354 164 515 209 servanda
530 167 562 196 in
571 165 707 204 opinione
727 157 891 199 deligenda
899 167 966 190 cum
975 156 1143 201 securitate
1151 168 1221 190 con-

231 263 291 296 403
313 209 496 295 opifiiffe'rii
510 246 692 290 probabilem
699 256 741 277 an
751 243 858 286 faciat
865 241 1036 276 authoritas
1051 244 1136 276 unius
1154 244 1221 275 Do-

360 296 452 328 Horis
461 314 471 329 ‚
482 291 544 325 late
553 291 713 332 discutitur
724 308 733 322 ‚
743 285 781 320 ά·
789 289 919 328 nn-Jeqq.
930 285 1057 327 usquein
1059 283 1159 328 finem
1168 307 1176 316 .

320 337 407 386 Qid
417 337 450 381 si
457 334 625 368 authoritas
641 332 698 363 illa
706 330 755 375 sit
768 327 937 362 rationibus
950 327 1116 372 destituta,
1138 339 1218 361 num.

363 385 435 422 406.
447 377 484 412 (ῥ’
502 389 553 410 nn.
556 374 638 416 seqq.
648 374 733 416 usque
741 372 783 405 ad
791 385 821 405 n.
831 384 851 412 4
858 375 904 405 18.

320 428 367 459 Et
374 421 477 465 quidsi
484 423 601 452 nitatur
605 419 702 457 gravi
708 417 809 455 aliquo
810 412 1153 460 fundami‘to‚n.417.&
1155 412 1219 455 seq.

319 469 366 500 Et
376 464 445 505 quid
453 463 489 495 de
496 460 682 494 authoritate
691 458 819 498 alicujus
826 480 837 495 ‚
858 460 907 498 qui
926 458 968 500 sit
973 460 1112 500 princeps
1121 459 1154 490 in
1162 458 1221 492 ali-

364 520 421 548 qua
430 505 586 549 facultate
596 524 606 539 ‚
621 515 650 536 n.
661 514 732 544 420.

318 555 365 585 Et
374 551 445 589 quid
455 548 487 591 fi
495 549 595 589 opinio
602 548 689 580 unius
701 546 842 581 Dostoris
854 545 902 590 fit
910 553 1016 578 contra
1025 544 1121 585 legem
1137 545 1222 579 Dei,

360 593 413 625 vel
424 591 562 634 Ecctefiae
571 611 582 626 ‚
602 598 711 631 n.425.

318 636 366 669 Et
374 633 445 675 quid
447 634 478 684 st
488 643 595 668 contra
604 643 786 668 communem
795 633 925 668 aliorum
932 633 1102 673 opinionem
1109 650 1121 667 ,
1141 639 1220 662 num.

358 687 430 720 433·
440 683 478 711 ff
494 689 566 718 442·
934 720 940 727 ,
1066 715 1071 724 ,
1165 717 1171 722 ,
1201 717 1206 721 ,

317 724 363 756 Et
381 720 454 761 quid
464 721 496 764 fi
505 723 605 762 opinio
618 720 789 764 singularis
804 719 851 764 fit
871 728 975 751 verior
985 738 995 754 ‚
1015 727 1105 756 quam
1123 723 1224 756 opimo

361 766 526 798 communis
535 785 544 799 ‚
566 775 596 796 n.
605 767 676 804 438.

317 810 365 843 Et
376 807 482 850 quidsi
490 806 528 840 ab
535 816 660 845 utraque
668 815 755 846 parte
757 805 825 849 sint
832 803 960 838 totidem
969 801 1125 837 Authores
1132 811 1224 840 aequa-

360 853 402 884 lis
410 851 551 892 ponderis
560 871 571 886 ‚
591 849 629 882 &¹
637 851 772 881 rationes
781 846 1015 891 aquesuafibiles
1023 866 1033 881 ‚
1050 857 1079 877 n.
1089 855 1161 886 444·

317 897 364 930 Et
373 893 443 934 quid
452 894 486 938 si
491 902 545 934 pro
560 904 617 925 una
623 901 715 933 parte
729 892 797 936 sint
806 891 951 924 Dofiores
964 899 1086 923 numero
1099 888 1204 928 plures
1213 907 1225 923 ‚

362 937 401 972 (9·
408 946 463 979 pro
473 938 629 969 contraria
636 939 801 974 graviores
810 955 821 970 ,
836 948 866 967 n.
877 941 949 974 445.

319 984 350 1016 ,Ε
352 991 366 1015 t
375 975 481 1024 quid'fi
490 981 638 1016 utrimque
648 979 794 1010 Dot‘lores
805 977 873 1022 fint
882 975 1006 1015 aquales
1014 984 1135 1007 numero
1144 994 1155 1009 ,
1166 971 1226 1015 fid

361 1022 490 1066 pondere
499 1021 655 1061 inequales
665 1041 675 1056 ‚
689 1033 738 1052 nu.
746 1029 819 1060 447.

322 1070 352 1101 Ε
355 1077 369 1101 t
387 1066 457 1106 quid
465 1065 498 1108 fi
506 1073 559 1106 pro
579 1075 638 1096 una
646 1071 734 1104 parte
749 1061 812 1104 stet
820 1060 992 1094 authoritas
1013 1061 1098 1093 unius
1116 1061 1227 1099 gravis

363 1109 524 1144 Dostoris,
542 1106 579 1139 ό·
588 1115 642 1147 pro
657 1108 813 1138 contraria
823 1106 922 1138 nullus
939 1113 1076 1137 occurrat
1092 1104 1206 1136 Doctor
1215 1123 1226 1138 ‚

363 1152 545 1185 &rationes
554 1152 708 1188 utrimque
730 1159 778 1182 int
786 1149 909 1187 equales
917 1168 928 1183 ‚
941 1160 971 1180 n.
982 1150 1054 1188 448.

235 1204 296 1241 405
319 1196 502 1236 Opinionem
508 1190 630 1234 probabi
635 1193 695 1225 lem
719 1195 784 1224 acit
792 1191 960 1224 authoritas
969 1193 1055 1222 unius
1065 1190 1206 1222 Dofioris
1215 1209 1226 1224 ‚

362 1239 457 1270 etiam
453 1237 486 1281 fi
493 1238 647 1269 contineat
655 1246 788 1267 errorem
797 1245 904 1267 contra
912 1234 960 1274 jus
968 1232 1112 1266 divinum
1122 1255 1130 1263 ·
1147 1235 1175 1266 C
1176 1244 1227 1264 on-

363 1283 515 1315 trarium,
524 1291 555 1312 n.
565 1289 636 1319 412.
647 1277 685 1311 (ῥ’
694 1286 802 1319 n.425.
814 1278 891 1311 &m
900 1287 971 1318 432.

235 1328 299 1368 406
320 1325 504 1366 Opinionem
516 1320 702 1364 probabilem
712 1324 745 1353 in
762 1319 928 1353 moralibus
935 1331 993 1352 non
1008 1318 1092 1363 facit
1094 1318 1165 1359 sola
1175 1330 1228 1351 au-

364 1366 496 1400 thoritas
505 1368 592 1398 unius
600 1365 742 1398 Denaris
750 1374 903 1402 utcumque
916 1365 1026 1403 gravis
1036 1361 1074 1396 (θ’
1079 1359 1166 1402 probi
1176 1384 1184 1391 .

234 1421 299 1454 407
320 1408 597 1450 Probabiliasunt‚
619 1419 676 1447 quae
687 1407 833 1440 videntur
843 1405 994 1441 omnibus,
1014 1415 1068 1438 aut
1077 1402 1227 1445 pluribus,

365 1461 419 1486 aut
433 1450 625 1494 sapientibus
634 1472 644 1487 ‚
665 1455 702 1484 (9⁶
711 1449 757 1483 his
774 1451 827 1483 vel
836 1447 971 1482 omnibus
980 1470 990 1486 ,
1011 1449 1064 1482 vel
1075 1445 1208 1489 pluribus
1217 1468 1227 1482 ‚

366 1496 419 1529 vel
428 1494 567 1528 maxime
576 1497 655 1527 notis
664 1515 674 1529 ,
683 1505 712 1526 n.
723 1505 762 1535 42
771 1504 795 1525 1.
807 1493 846 1526 ζῇ*
854 1503 927 1534 434.

236 1543 300 1582 408
321 1541 488 1574 Bonorum
497 1538 588 1571 ditiis
596 1549 630 1570 tn
644 1547 763 1570 tantum
774 1535 816 1578 est
824 1535 1003 1570 eredendum
1011 1555 1022 1570 ‚
1042 1537 1077 1567 in
1085 1543 1227 1573 quantum

364 1584 527 1616 Canonicis
538 1580 704 1623 scripturis
714 1579 893 1621 deserviunt
902 1601 910 1610 .

235 1637 300 1668 409
322 1629 391 1660 Vox
403 1628 489 1658 unius
499 1646 509 1660 ‚
531 1636 595 1657 vox
605 1625 720 1656 nullius
730 1646 738 1654 .

235 1680 300 1711 410
319 1670 449 1703 DoHori
454 1666 615 1710 attestanti
625 1666 661 1699 de
671 1665 879 1709 confhetudine
888 1686 899 1701 ‚
914 1666 967 1698 vel
975 1665 1011 1697 de
1021 1667 1167 1698 communi
1177 1665 1228 1707 usu

363 1710 523 1751 loquendi,
545 1722 603 1742 non
613 1709 751 1743 creditur
763 1732 770 1740 .

234 1766 274 1796 41
283 1765 296 1789 1
320 1755 504 1789 cardinalis
517 1751 689 1786 Zabarella
710 1762 860 1790 nunquam
868 1752 968 1784 voluit
988 1753 1023 1783 in
1040 1749 1229 1792 opinionibus

362 1797 466 1831 cedere
475 1797 536 1841 nisi
549 1805 674 1835 urgente
687 1797 807 1827 ratione
815 1817 823 1824 .

232 1849 293 1883 415
317 1839 405 1883 Testi
422 1842 506 1873 unico
513 1839 675 1881 attestanti
689 1837 727 1870 de
735 1847 834 1870 morte
847 1838 959 1871 mariti
967 1848 1025 1870 non
1043 1836 1086 1880 est
1102 1835 1229 1870 creden-

363 1884 433 1916 dum
443 1906 451 1914 .

232 1932 295 1969 416
317 1929 442 1968 Ingenio
459 1937 517 1959 non
526 1922 744 1967 procedendum
751 1945 762 1960 ,
776 1924 836 1966 sed
851 1923 1081 1956 aui'ioritatibus
1088 1922 1228 1968 insisten-

362 1970 434 2002 dum
452 1992 461 2000 .

232 2023 297 2056 417
318 2015 501 2055 Opinionem
518 2010 702 2052 probabilem
711 2011 796 2056 facit
804 2009 972 2043 authoritas
987 2012 1073 2042 unius
1085 2010 1228 2042 Dofforis

361 2055 446 2097 probi
457 2056 495 2089 Θ·
505 2054 584 2088 doni
591 2076 602 2091 ‚
616 2055 648 2099 fi
658 2057 777 2087 nitatur
785 2057 879 2094 gravi
887 2054 989 2092 aliquo
1002 2051 1207 2096 fundamento
1216 2073 1227 2088 ,

363 2099 401 2132 (ῥ’
410 2102 444 2131 in
453 2101 642 2134 contrarium
658 2099 744 2132 nulla
752 2106 888 2131 occurrat
903 2099 985 2129 ratio
995 2116 1006 2131 ,
1029 2097 1081 2128 vel
1094 2095 1228 2128 authori-

367 2152 416 2175 tas
431 2154 570 2175 movens.

234 2189 297 2229 418
319 2188 503 2227 Opinionem
512 2186 640 2228 sequens
648 2184 775 2224 alicujus
786 2181 940 2225 Magistri
950 2193 1009 2213 non
1011 2179 1172 2223 subtiliter
1181 2183 1230 2212 in-

361 2228 508 2269 dagatam
516 2250 527 2265 ‚
551 2240 608 2268 quae
614 2228 800 2270 postmodum
809 2235 935 2268 apparet
939 2224 992 2269 fal
987 2225 1028 2267 sa
1037 2245 1048 2260 ‚
1068 2223 1230 2265 excusatur

362 2273 382 2304 ,ι’
389 2281 511 2313 peccato
521 2293 531 2307 ‚
551 2271 694 2311 quamdiu
698 2271 784 2315 falsa
794 2282 853 2302 non
863 2270 1039 2310 apparuerit
1052 2289 1060 2297 .

233 2325 297 2357 419
318 2316 389 2348 Nec
402 2323 506 2357 peccat
515 2316 691 2348 mortaliter
701 2336 711 2350 ‚
733 2316 783 2353 qui
793 2312 933 2353 sequitur
941 2310 1128 2344 intelletium
1135 2310 1231 2341 alicu-

363 2358 410 2397 ius
416 2362 527 2398 gravis
538 2357 691 2390 Authoris
701 2379 711 2393 ‚
732 2356 857 2399 etiamst
866 2364 948 2387 erret
956 2375 968 2391 ‚
977 2353 1134 2387 dummodo
1145 2363 1231 2384 error

363 2402 504 2442 versetur
513 2404 595 2434 circa
604 2399 798 2442 subtilitates
806 2400 906 2439 legum
915 2421 923 2429 .

235 2455 298 2486 420
318 2446 502 2485 Opinionem
507 2443 696 2484 probabilem
710 2443 794 2488 facit
809 2441 879 2483 sola
891 2439 1062 2473 authoritas
1079 2441 1164 2472 unius
1172 2441 1232 2471 Sa-

362 2490 476 2528 pientis
484 2488 562 2519 clari
558 2487 640 2529 ffimi
648 2486 687 2519 &²
702 2488 850 2526 principis
860 2487 894 2517 in
902 2485 1004 2522 aliqua
1017 2482 1169 2525 facultate
1180 2504 1188 2512 .

238 2542 298 2571 422
321 2533 417 2564 Locus
439 2528 476 2562 ab
486 2533 674 2562 authoritate
683 2527 826 2567 infirmus
837 2527 874 2560 Θ·
882 2526 1097 2567 inartificialis
1110 2547 1117 2556 .

240 2584 299 2615 423
321 2572 540 2606 Authoritatis
557 2573 672 2612 pondus
692 2572 824 2604 inclinat
844 2568 886 2602 ad
905 2570 1005 2603 atium
1014 2590 1024 2606 ‚
1045 2567 1187 2610 precipue
1200 2567 1234 2611 st

368 2627 468 2655 grave
476 2616 524 2660 sit
533 2638 541 2646 .

242 2669 305 2700 424
325 2659 512 2691 Authoritas
529 2660 634 2698 magni
650 2659 794 2691 Dolioris
809 2658 843 2689 in
860 2664 980 2688 tantum
994 2654 1077 2696 facit
1098 2653 1234 2691 aliquam

370 2700 617 2742 probabilitatem
625 2723 636 2737 ,
656 2704 689 2733 in
699 2709 840 2739 quantum
846 2698 1079 2739 praefhpponitur
1089 2699 1122 2728 in
1133 2696 1233 2739 scien-

372 2747 417 2776 tia
430 2746 568 2784 versatus
577 2766 587 2779 ‚
604 2746 656 2777 vel
657 2744 816 2786 sapienter
825 2744 959 2780 loquutus
968 2763 976 2771 .

244 2795 304 2829 425
328 2788 442 2827 Opinio
452 2791 534 2820 unius
544 2789 688 2821 Dofboris
706 2787 902 2826 quantumvis
910 2781 1068 2830 gravis-&⁶
1077 2784 1122 2822 pii
1133 2803 1142 2817 ‚
1158 2782 1190 2825 si
1197 2779 1235 2814 ab

376 2830 512 2872 Ecclefia
521 2833 573 2905 bstt
582 2829 742 2872 reprobata
752 2850 763 2865 ‚
782 2838 835 2861 aut
850 2828 897 2872 fit
904 2836 1009 2860 contra
1018 2835 1063 2865 jus
1071 2825 1214 2858 divinum
1223 2845 1235 2861 ,

375 2871 416 2914 est
424 2875 520 2912 impro
540 2872 628 2906 abilis
636 2878 673 2907 (ff
704 2871 770 2913 alst
780 2895 788 2903 .

246 2919 307 2958 426
320 2917 382 2960 Jus
400 2917 540 2954 ignorare
549 2918 617 2949 lieet
634 2920 668 2949 in
691 2917 763 2948 onis
772 2926 807 2947 ac
823 2911 946 2946 rudibus
957 2934 967 2949 ,
988 2923 1047 2945 non
1064 2921 1164 2944 autem
1172 2913 1234 2947 eis,

377 2961 425 2996 qui
426 2959 484 2999 fisa
490 2958 653 2998 prudentia
663 2959 876 3002 instruHisunt
885 2979 893 2987 .

248 3011 311 3043 427
332 3003 505 3036 Illiteratus
514 2998 598 3033 debet
616 3003 763 3044 consulere
770 3003 928 3042 peritiores
938 3020 948 3034 ‚
964 2999 1101 3038 alioquin
1109 3008 1149 3030 ex
1159 2996 1235 3036 iuris

376 3046 551 3084 ignorantia
560 3055 617 3075 non
628 3046 786 3087 excusatur
793 3065 804 3080 ‚
814 3043 851 3077 ὤ*
859 3043 958 3084 n.seq.

250 3090 312 3130 428
333 3090 357 3121 S
359 3089 505 3120 imoniam
522 3089 710 3121 committens
729 3100 785 3120 non
807 3086 968 3129 excusatur
989 3096 1029 3118 ex
1037 3096 1069 3117 eo
1077 3105 1088 3122 ,
1109 3083 1185 3124 quod
1199 3081 1236 3124 se

376 3139 498 3172 peccare
509 3141 566 3161 non
587 3129 751 3162 crediderit
761 3154 768 3161 .

252 3184 314 3214 429
336 3176 515 3212 Ignorantia
527 3173 611 3205 nulla
618 3171 811 3205 invincibilis
826 3172 868 3215 est
874 3181 1027 3213 peccatum
1038 3194 1046 3202 .

253 3226 314 3257 430
336 3218 514 3254 Ignorantia
525 3213 619 3256 craffa
630 3215 666 3247 (θ’
669 3215 778 3256 supina
789 3219 934 3249 neminem
944 3215 1068 3256 excusat
1078 3236 1086 3244 .

253 3269 312 3299 431
342 3261 367 3289 E
371 3269 383 3290 t
395 3270 450 3297 que
459 3260 580 3291 dicatur
594 3257 758 3299 hujusmodi
769 3261 943 3297 ignorantia
954 3282 962 3289 .

253 3311 314 3343 432
336 3303 515 3342 Opinionem
527 3304 654 3343 sequens
663 3304 796 3333 errantis
815 3301 967 3342 Magistri
983 3304 1016 3333 in
1031 3296 1239 3341 spetiantibus

383 3344 423 3375 ad
439 3343 528 3383 fidem
539 3346 576 3377 (7·
593 3342 682 3377 bonos
690 3354 786 3375 mores
808 3355 847 3374 ex
863 3346 1065 3386 simplicitate
1076 3363 1086 3379 ‚
1104 3341 1141 3375 Φ·
1162 3341 1239 3380 juris

384 3389 558 3425 ignorantia
569 3409 578 3424 ‚
601 3399 659 3419 non
678 3387 839 3428 excusatur
850 3408 857 3415 .

254 3439 314 3473 433
336 3432 518 3472 Opinionem
527 3428 709 3471 probabilem
717 3441 775 3464 non
784 3427 888 3462 reddit
897 3427 967 3471 fila
975 3428 1143 3463 authoritas
1153 3429 1239 3462 unius

576 33 756 108 Prosp.
774 30 1085 105 Fagnan.·-in
1101 27 1350 87 Primum
1367 25 1904 88 Librum-Decreta.

1392 113 1535 145 Dotioris
1542 112 1601 187 ,ἱίῖ
1619 115 1653 145 in
1672 114 1859 145 contrarium
1872 113 1919 154 stt
1938 115 2103 146 communis
2123 116 2224 154 opinio
2241 138 2250 148 .

1349 156 1430 200 Nisi
1438 156 1493 188 ille
1502 157 1553 189 Do
1583 166 1618 187 or
1625 158 1672 188 ita
1680 155 1819 197 solveret
1828 165 2007 193 argumenta
2015 160 2171 190 contraria
2179 179 2188 194 ‚
2213 159 2251 191 θ’

1390 196 1586 240 confirmaret
1607 209 1644 231 ua
1652 219 1663 235 ‚
1684 208 1717 230 ut
1731 196 1821 239 suam
1831 196 1971 230 redderet
1980 207 2033 231 aut
2041 209 2157 234 certam
2167 221 2178 237 ,
2198 210 2252 234 aue

1392 240 1478 281 longe
1484 239 1577 282 proba
1597 242 1719 275 iliorem
1729 262 1740 277 ,
1760 253 1790 273 n.
1798 244 1870 282 438.

1262 294 1325 326 434
1345 286 1413 317 Vox
1423 287 1588 317 communis
1600 283 1759 329 prefertur
1766 282 1858 316 distis
1861 292 2021 326 paucorum
2029 306 2039 315 .

1350 328 1433 360 Raro
1440 325 1512 360 bene
1520 329 1653 366 loquitur
1662 349 1672 364 ,
1682 329 1732 366 qui
1738 337 1844 360 contra
1853 338 1952 360 omnes
1960 327 2092 366 loquitur
2101 348 2111 363 ,
2131 326 2208 362 ibid.

1262 378 1321 413 435
1344 372 1458 412 Opinio
1467 373 1628 403 communis
1640 382 1698 402 non
1707 369 1823 403 dicitur
1830 391 1840 406 ‚
1862 381 1919 409 qua
1932 371 2035 412 plures
2042 370 2190 404 Doftores
2196 369 2251 405 114-

1390 411 1438 446 bet
1446 424 1513 445 eam
1528 412 1684 454 sequentes
1692 411 1894 453 perfunHori&
1901 436 1910 444 .

1262 460 1322 499 436
1344 458 1527 497 Opinionem
1532 453 1719 496 probabilem
1729 466 1787 488 non
1802 454 1887 498 facit
1895 454 2057 489 multitudo
2067 456 2251 499 nouorum,

1385 499 1417 542 fi
1424 510 1490 533 eam
1502 510 1560 531 non
1569 497 1748 541 confirment
1763 499 1885 538 optimis
1893 499 2063 533 rationibus
2073 521 2082 531 .

1263 551 1325 584 437
1346 544 1461 584 Opinio
1470 539 1634 582 probabilis
1642 543 1839 574 communiter
1848 542 1982 583 censetur
1991 564 2000 579 ‚
2015 542 2098 586 fifit
2107 540 2253 584 approba-

1392 595 1426 618 ta
1433 583 1516 627 dsex
1527 582 1706 618 Doftoribus
1714 583 1842 625 classicis
1849 594 1915 616 rem
1925 595 1965 617 ex
1974 584 2098 629 professo
2113 587 2253 628 tratian-

1390 626 1469 661 tibus
1478 649 1489 664 ,
1509 626 1598 667 qua'm
1627 641 1639 661 ι
1647 627 1668 660 d
1679 628 1897 667 quinquaginta
1908 628 1978 669 sola
1985 628 2058 672 fere
2066 628 2254 662 authoritate

1393 674 1528 712 priorum
1546 670 1585 703 du
1616 672 1643 702 is
1651 693 1659 701 .

1264 724 1327 757 439
1349 716 1498 756 opinioni
1507 735 1517 750 ,
1539 724 1595 753 quae
1611 711 1786 747 melioribus
1794 710 1962 745 rationibus
1975 713 2108 756 fulcitur
2116 736 2126 751 ‚
2148 713 2254 757 iustius

1392 758 1431 791 ω’
1441 759 1548 796 aquius
1557 755 1599 798 est
1607 755 1750 789 inherere
1757 777 1767 792 ‚
1788 753 1860 790 licit
1867 756 2038 796 Imperator
2042 757 2090 801 fit
2098 760 2132 791 in
2139 760 2255 800 opinio-

1394 812 1431 832 ne
1445 809 1618 832 contraria.

1265 854 1329 886 440
1349 841 1447 877 Verbo
1462 841 1642 875 credendum
1657 863 1667 879 ,
1688 840 1890 885 disputatione
1901 840 2116 884 pugnandum,
2134 840 2255 878 ratione

1394 888 1580 919 vincendum
1591 907 1599 916 .

1265 938 1325 972 441
1349 928 1407 963 Ab
1414 931 1553 970 opinione
1572 931 1719 962 communi
1726 926 1865 961 recedere
1885 929 2043 965 nonlicet,
2064 929 2126 974 mfi
2132 927 2256 963 habenti

1391 981 1447 1013 pro
1453 972 1490 1014 se
1499 974 1650 1006 rationem
1657 981 1774 1005 certam
1784 969 1822 1005 ῥ’
1839 974 2066 1005 convincentem
2077 995 2085 1003 .

1266 1026 1327 1058 442
1350 1017 1534 1057 Opinionem
1549 1013 1735 1056 probabilem
1744 1027 1802 1047 non
1811 1013 1896 1058 facit
1902 1013 2071 1047 authoritas
2086 1017 2173 1048 unius
2190 1017 2258 1049 Do-

1394 1059 1485 1092 §toris
1495 1079 1505 1095 ‚
1528 1058 1644 1097 quando
1659 1061 1694 1090 in
1707 1060 1895 1091 eontrarium
1904 1058 1988 1101 fiant.
1992 1059 2097 1100 plures
2118 1061 2237 1098 aqualis
2247 1080 2258 1095 ,

1395 1103 1449 1135 vel
1456 1101 1580 1141 majoris
1588 1100 1730 1142 ponderis
1740 1124 1748 1132 .
2151 1132 2153 1137 f

1267 1155 1328 1187 443
1349 1146 1430 1190 Nisi
1438 1147 1536 1187 opinio
1549 1153 1710 1188 paucorum
1719 1142 1787 1188 effet
1796 1142 1998 1179 validioribus
2013 1142 2184 1179 rationibus
2193 1156 2258 1179 mu—

1396 1198 1465 1221 nita
1485 1211 1493 1219 .

1267 1242 1332 1274 444
1352 1234 1536 1274 Opinionem
1544 1232 1697 1269 unius‚vel
1704 1232 1898 1268 alterius‚aut
1906 1233 1999 1265 etiam
2005 1232 2137 1273 plurium
2147 1229 2259 1265 Dono·-

1396 1286 1463 1307 rum
1464 1278 1551 1317 sequi
1558 1287 1617 1308 non
1624 1277 1698 1308 licet
1705 1296 1716 1311 ‚
1724 1274 1840 1314 quando
1847 1277 1881 1309 in
1890 1275 2150 1317 contrariumfimt
2159 1275 2265 1308 totid?

1395 1320 1474 1352 DD.
1483 1320 1603 1357 aequalis
1611 1319 1751 1360 ponderis
1760 1339 1771 1356 ‚
1790 1323 1827 1352 Θ·
1837 1321 1972 1351 rationes
1981 1321 2130 1358 utrimque
2147 1327 2239 1359 pares
2249 1341 2258 1350 .

1268 1369 1329 1404 445
1350 1361 1439 1395 Idem
1453 1362 1485 1405 si
1491 1371 1546 1402 pro
1556 1373 1615 1394 una
1620 1370 1711 1403 parte
1725 1363 1793 1406 fint
1802 1363 1945 1395 Dottores
1952 1373 2075 1395 numero
2082 1362 2182 1403 plures
2190 1381 2200 1398 ,
2222 1362 2261 1394 Οἵ*

1395 1413 1450 1445 pro
1460 1407 1618 1437 contraria
1636 1416 1798 1445 ρατιονε]
1807 1428 1815 1436 .

1353 1451 1380 1481 S
1381 1459 1444 1481 ecus
1447 1448 1479 1490 fi
1489 1449 1635 1481 Dot'tores
1645 1449 1795 1487 utrimque
1801 1449 1863 1490 sint
1868 1457 1958 1490 pares
1967 1459 2090 1482 numero
2099 1469 2109 1485 ,
2118 1447 2178 1490 sed
2184 1458 2259 1488 gra-

1400 1494 1503 1523 viores
1511 1500 1565 1531 pro
1575 1503 1635 1523 una
1641 1500 1730 1532 parte
1738 1512 1748 1528 ‚
1766 1504 1795 1523 n.
1805 1501 1877 1533 447.

1267 1538 1329 1575 446
1352 1536 1502 1574 Dignitas
1509 1535 1703 1576 perfimarum
1726 1535 1931 1576 compensatur
1939 1546 2004 1568 cum
2015 1545 2137 1568 numero
2146 1556 2155 1566 .

1267 1580 1329 1620 448
1351 1579 1536 1618 Opinionem
1549 1575 1736 1619 probabilem
1747 1576 1850 1610 reddit
1864 1577 2036 1610 authoritas
2045 1580 2132 1611 unius
2147 1578 2264 1616 gravis

1395 1621 1539 1653 Dot‘boris
1548 1641 1558 1656 ,
1561 1621 1594 1664 si
1597 1628 1653 1661 pro
1663 1624 1818 1653 contraria
1826 1622 1925 1653 nullus
1931 1630 2068 1654 occurrat
2076 1621 2193 1653 Doctor
2202 1640 2213 1656 ‚
2223 1618 2262 1653 (θ’

1398 1673 1534 1696 rationes
1542 1666 1693 1702 utrimque
1705 1664 1773 1707 stnt
1783 1665 1904 1702 aquales
1913 1686 1921 1694 .

1268 1717 1330 1749 449
1350 1704 1551 1741 Probationes
1568 1705 1635 1739 cum
1645 1710 1794 1745 utrimque
1800 1707 1876 1748 sunt
1890 1707 2012 1746 equales
2019 1727 2029 1742 ‚
2051 1705 2185 1746 quelibet
2204 1707 2264 1738 mi-

1397 1752 1480 1827 }n'ma
1500 1750 1685 1793 presumptio
1703 1758 1758 1792 pro
1779 1762 1838 1784 una
1857 1758 1946 1793 parte
1959 1750 2046 1796 fac-it
2066 1760 2133 1785 eam
2145 1757 2264 1791 prava-

1413 1803 1480 1828 ere.

1362 1883 1392 1914 E
1400 1882 1564 1914 innitaris.
1586 1880 1837 1915 constitutiones
1851 1883 2049 1914 decretorum
2059 1880 2264 1923 fingulatibus

1376 1925 1446 1957 sunt
1462 1927 1667 1967 opinionibus
1683 1925 1893 1967 ptaeferendae.
1915 1924 1987 1957 Hoc
1997 1925 2075 1957 dicit
2095 1923 2266 1955 secundum
2291 1931 2305 1955 1

1265 1968 1410 2010 J0.Andt.
1422 1968 1506 2000 Butt.
1515 1967 1611 2001 Card.
1623 1969 1713 2001 Imol.
1724 1968 1860 2001 Anchar.
1871 1968 1948 2000 Abb.
1958 1969 1992 2000 &
2001 1967 2079 1998 alios
2086 1966 2266 1998 communi-

1268 2020 1333 2049 tet;
1359 2012 1408 2042 vel
1418 2011 1586 2043 secundum
1604 2013 1690 2044 Aret.
1699 2012 1736 2043 In
1747 2012 1916 2053 judicando
1924 2020 1989 2043 non
1998 2010 2088 2042 debet
2095 2010 2166 2052 quis
2176 2007 2262 2050 sequi

1269 2053 1391 2086 sensum
1403 2055 1563 2095 proprium
1572 2075 1582 2089 ‚
1593 2054 1641 2086 sed
1650 2056 1770 2096 regulas
1780 2054 1918 2089 Patrum,
1927 2053 1990 2085 five
2000 2051 2264 2089 Constitutioness

1269 2097 1317 2128 ve!
1330 2095 1505 2137 generalius
1514 2108 1521 2128 :
1533 2097 1570 2129 In
1579 2107 1778 2139 quocumque
1789 2098 1920 2138 negotio
1930 2097 2043 2128 debent
2052 2097 2152 2137 magis
2166 2095 2267 2127 serva-

1269 2141 1296 2170 ri
1306 2138 1559 2171 Constitutiones
1567 2159 1578 2173 2
1598 2140 1692 2179 quim
1701 2140 1801 2171 sensus
1810 2141 1949 2179 proprius
1958 2160 1966 2167 .
1979 2138 2059 2168 Sunt
2068 2139 2137 2169 duae
2147 2147 2249 2177 partes
2257 2159 2266 2167 .

1269 2181 1376 2213 Prima
1391 2182 1481 2222 ponit
1490 2182 1583 2212 verba
1597 2181 1775 2212 Salomonis
1785 2178 1934 2212 proverb.
1945 2189 1972 2221 3.
1984 2179 2129 2211 Secunda
2143 2179 2264 2221 exposi-

1271 2226 1394 2256 tionem
1405 2224 1594 2263 Hieronymi
1605 2243 1615 2258 ‚
1629 2223 1671 2254 ibi
1682 2243 1692 2258 ‚
1712 2221 1884 2254 Prudentia
1894 2230 1947 2254 tuae
1958 2243 1966 2252 .

1313 2266 1402 2300 Nota
1416 2264 1519 2308 primo
1527 2264 1698 2298 secundum
1707 2266 1826 2297 Anton.
1838 2265 1922 2297 Butr.
1932 2264 2145 2306 fignificatum
2153 2264 2268 2298 horum

1269 2311 1437 2343 verborum
1446 2320 1454 2340 ε
1464 2309 1541 2340 Non
1543 2307 1648 2352 facias
1651 2307 1817 2349 secundum
1827 2308 2020 2349 prudentiam
2028 2317 2113 2340 tuam
2122 2330 2130 2338 .
2150 2309 2269 2341 Intelli-
2291 2320 2310 2342 2

1271 2363 1388 2396 guntur
1396 2354 1483 2385 enim
1493 2353 1532 2383 de
1543 2353 1706 2393 prudentia
1714 2352 1730 2383 ὲ
1741 2351 1804 2393 jure
1813 2362 1877 2383 non
1886 2350 2067 2383 informata.
2081 2350 2180 2384 Unde
2188 2351 2263 2393 glos.

1273 2395 1717 2437 3.Hostien.Jo.And2-.1mol.&
1728 2396 1804 2426 Abb.
1818 2396 2060 2435 interpretantur
2068 2396 2172 2430 verba,
2185 2397 2267 2427 Pru*-

1272 2438 1378 2471 denttae
1386 2448 1439 2470 tuae
1448 2459 1458 2473 ,
1468 2440 1499 2469 id
1509 2438 1561 2472 est,
1571 2440 1604 2469 in
1614 2438 1708 2472 malo,
1719 2448 1752 2469 ut
1763 2438 1796 2470 in
1806 2436 1997 2470 c-Sciendum
2005 2440 2063 2476 8-q.
2072 2447 2096 2469 1.
2107 2437 2265 2480 Exempli-

1273 2483 1370 2514 ficant
1379 2482 1456 2513 Abb.
1465 2481 1574 2522 Antiq.
1588 2481 1671 2521 &Jo.
1681 2481 1778 2512 Andr.
1790 2482 1811 2513 fi
1821 2481 1916 2513 alicui
1925 2482 2065 2513 dicatur:
2083 2480 2161 2513 Non
2171 2483 2264 2514 debes

1273 2526 1333 2557 hoc
1344 2524 1456 2558 facere,
1465 2527 1540 2564 quia
1547 2532 1658 2555 contra
1667 2523 1714 2564 jus
1723 2524 1810 2560 est3&
1821 2523 2002 2565 respondeat
2010 2524 2060 2555 ille
2070 2536 2078 2555 ε
2089 2523 2167 2557 Non
2177 2535 2266 2561 curo,

1273 2570 1348 2610 quia
1369 2567 1448 2599 mihi
1460 2568 1582 2598 videtur
1596 2569 1640 2598 ita
1655 2567 1722 2598 fieri
1733 2567 1840 2598 debere
1861 2579 1868 2598 ε
1890 2566 1942 2599 hic
1962 2569 2120 2608 proprium
2146 2567 2267 2600 sensum

1275 2611 1424 2652 praeponit
1436 2609 1561 2641 Patrum
1570 2609 1765 2646 constitutis;
1787 2619 1896 2641 contra
1916 2620 2011 2651 quern
2022 2610 2212 2651 Augustinus
2230 2613 2266 2643 in

1274 2651 1326 2686 lib.
1337 2662 1384 2692 50.
1393 2652 1586 2685 homiliarum
1596 2673 1607 2688 ,
1628 2651 1756 2684 homilia
1767 2655 1813 2684 28.
1824 2655 1879 2685 Vis
1899 2652 2006 2685 videre
2015 2673 2025 2688 ‚
2047 2654 2148 2693 inquit
2158 2673 2169 2688 ‚
2191 2653 2264 2692 quid

1267 2697 1315 2740 fit
1324 2695 1426 2728 homo?
1439 2697 1533 2727 omnis
1542 2694 1625 2727 homo
1635 2696 1884 2728 mendax.Homo
1894 2707 1962 2735 ergo
1964 2695 1997 2737 fi
2005 2697 2075 2727 vult
2085 2694 2138 2736 else
2147 2695 2265 2735 aliquid

1275 2739 1345 2773 boni
1350 2750 1420 2774 ‚non
1424 2739 1469 2783 fit
1476 2737 1513 2770 de
1515 2738 1570 2779 suo
1578 2750 1588 2768 .·
1593 2740 1623 2782 fi
1634 2743 1670 2770 de
1671 2739 1727 2781 βω
1736 2737 1789 2780 effe
1796 2740 2077 2773 voluerit‚menaax
2086 2741 2147 2771 erit
2156 2740 2200 2781 :fi
2210 2751 2266 2771 ve-

1274 2793 1337 2814 rax
1348 2779 1402 2824 effe
1411 2783 1545 2813 voluerit
1553 2802 1562 2816 ,
1573 2781 1609 2813 de
1618 2783 1686 2814 Deo
1695 2803 1705 2818 ‚
1717 2793 1775 2814 non
1784 2780 1878 2822 desito
1888 2783 1950 2813 erit
1959 2803 1967 2811 .
1989 2781 2028 2814 Et
2037 2781 2071 2814 in
2079 2782 2131 2813 lib.
2142 2784 2181 2814 de
2191 2793 2264 2814 vera

1275 2828 1381 2858 innoc.
1391 2834 1495 2866 cap-31
1506 2835 1530 2856 ι.
1542 2826 1643 2857 Nemo
1650 2824 1737 2857 habet
1744 2824 1781 2856 de
1782 2824 1838 2866 ,βο
1847 2827 1881 2856 ni
1879 2825 1908 2868 fi
1917 2823 2106 2856 mendacium
2116 2824 2263 2865 &pecca-

1275 2878 1339 2901 tum
1350 2879 1363 2905 ,·
1377 2869 1410 2912 st
1419 2866 1489 2907 quid
1498 2877 1597 2900 autem
1606 2866 1694 2900 habet
1703 2867 1786 2900 homo
1794 2869 1942 2900 veritatis
1951 2866 1989 2900 (ῥ’
1997 2866 2115 2910 justitie
2125 2888 2135 2903 ,
2156 2879 2196 2899 ex
2207 2869 2264 2900 illo

1268 2911 1359 2956 fonte
1367 2910 1425 2952 est,
1447 2921 1530 2950 quem
1539 2909 1676 2943 debemus
1690 2912 1783 2954 fitire
1791 2913 1824 2942 in
1842 2908 1898 2943 hac
1906 2922 2021 2946 eremo,
2043 2921 2075 2942 ut
2084 2922 2124 2943 ex
2139 2922 2171 2943 eo
2182 2911 2265 2955 quast

1271 2957 1369 2995 guttis
1377 2953 1550 2995 quibusdam
1558 2955 1686 2993 irrigati
1695 2974 1705 2988 ‚
1726 2965 1784 2985 non
1792 2952 1966 2994 deficiamus
1973 2956 2007 2986 in
2017 2956 2053 2986 vi
2055 2965 2074 2985 a
2083 2976 2091 2984 .

1317 2999 1460 3031 Secundo
1470 3006 1556 3031 nota,
1567 3007 1602 3027 ex
1613 2997 1674 3028 inis
1685 2998 1784 3028 verbis
1796 3017 1804 3031 ‚
1814 2995 1953 3042 Qaefibi
1962 2999 2092 3036 agenda,
2102 2998 2154 3029 vel
2162 2996 2265 3029 dicen-

1275 3040 1315 3073 a'a
1327 3038 1489 3075 videntur,
1510 3050 1546 3070 ex
1557 3039 1668 3074 dictis,
1687 3040 1734 3071 vel
1745 3039 1835 3072 fadus
1845 3039 1990 3082 cognosci
2001 3040 2139 3072 hominis
2150 3040 2266 3081 sapien·
2289 3050 2305 3083 3

1276 3087 1366 3119 tiam,
1375 3084 1422 3115 ve}
1435 3083 1595 3115 stultitiam
1606 3105 1613 3113 .
1625 3083 1673 3114 Ad
1684 3082 1741 3114 hoc
1752 3083 1947 3122 leg-Ouidam
1956 3080 2141 3125 infiio‚ff.de
2150 3083 2263 3116 condit.

1276 3126 1374 3168 instit.
1386 3136 1420 3158 ut
1430 3126 1479 3157 hic
1490 3136 1541 3166 per
1551 3126 1634 3158 Butt.
1644 3128 1677 3158 in
1688 3135 1714 3167 3.
1725 3114 1942 3168 notafffflagis
1959 3136 2064 3159 tamen
2073 3123 2108 3158 'in
2132 3127 2187 3159 hoc
2200 3127 2263 3168 spe-

1277 3170 1390 3202 &anda
1401 3169 1468 3201 sunt
1479 3168 1560 3200 facta
1570 3189 1580 3204 ,
1600 3169 1694 3210 quom
1705 3171 1795 3201 vex-ba
1805 3189 1815 3204 ,
1837 3171 1858 3202 l.
1868 3173 1906 3202 Si
1915 3179 2019 3201 tamen
2028 3189 2039 3205 ‚
2050 3172 2076 3208 §.
2089 3171 2118 3202 E
2121 3172 2133 3201 i
2140 3172 2190 3207 qui
2199 3191 2210 3205 ‚
2223 3167 2262 3213 ff.

1278 3212 1314 3244 de
1325 3213 1399 3244 aeail.
1411 3211 1498 3244 edist.
1509 3213 1532 3243 l.
1544 3214 1594 3244 De
1602 3211 1722 3250 quibus,
1742 3214 1776 3243 in
1792 3210 1843 3248 fin.
1845 3211 1884 3255 ff
1894 3215 1930 3245 de
1938 3214 2025 3252 legib.
2034 3224 2058 3245 c.
2070 3214 2202 3247 Ditem,
2217 3216 2265 3244 in·
2287 3225 2307 3254 4

1271 3255 1329 3299 fra
1337 3276 1346 3289 ‚
1369 3254 1405 3286 de
1425 3256 1570 3296 appellat.
1581 3266 1647 3288 eum
1668 3253 1859 3288 concordant.
1869 3257 1908 3288 de
1927 3258 2040 3298 quibus
2048 3256 2092 3289 ibi
2114 3255 2201 3298 plene
2213 3265 2264 3296 per

1278 3297 1351 3339 glos.
1368 3300 1398 3329 in
1409 3309 1474 3329 ver.
1486 3299 1578 3330 Fafbo
1595 3306 1778 3339 provocare.

1323 3340 1436 3372 Tertio
1455 3352 1528 3373 nota
1538 3362 1548 3376 ‚
1570 3341 1711 3373 standum
1721 3342 1776 3373 effe
1792 3342 1886 3375 diffie
1895 3342 1946 3375 SS.
1955 3341 2081 3375 Parrum
2092 3365 2100 3373 .
2122 3341 2265 3383 Intellige

1280 3383 1448 3415 secundilm
1464 3385 1628 3417 Innoccut.
1637 3386 1669 3415 ὃ(
1688 3383 1887 3425 Compossell.
1899 3387 1918 3418 fi
1943 3386 2000 3418 sint
2017 3388 2054 3418 ab
2069 3385 2201 3418 Ecclesm
2221 3395 2266 3415 re·
2291 3394 2306 3426 5

1280 3437 1366 3468 cepta
1377 3437 1385 3464 3
1405 3430 1437 3460 &
1445 3428 1585 3469 quidicit
1596 3447 1604 3462 ,
1626 3429 1708 3468 quod
1722 3429 1771 3469 ipli
1782 3431 1892 3462 dicunt
1902 3450 1912 3466 ,
1934 3440 1998 3462 non
2009 3429 2105 3472 potest
2114 3431 2150 3459 de
2169 3438 2265 3459 teme-

2133 3480 2225 3502 mate
