2397 3664
55 177 95 209 37

59 1293 99 1323 39

60 2067 102 2096 40

43 2882 88 2913 41

518 77 614 136 De
635 76 779 133 Sum.
801 73 996 132 Trinit.
1019 76 1075 131 &
1098 75 1227 133 Fide
1252 76 1409 135 Cath.
1431 95 1477 137 c.
1497 77 1744 138 Firmiter
1759 124 1771 137 .
1889 0 2209 198 V*

1192 161 1287 193 Porro
1306 173 1404 203 pruna
1413 165 1542 205 opinio,
1563 166 1647 205 quod
1656 167 1801 197 omnibus
1820 165 1908 211 Laici
1946 163 2137 211 ufficiaicisess

118 167 242 200 haereses
258 165 450 208 insurgentes
459 186 468 194 .
488 162 586 194 Unde
595 172 658 192 non
680 159 854 202 incongrue
863 161 1045 202 Symbolum
1054 171 1108 203 ap-

122 212 229 252 pellari
239 210 334 251 potest
355 209 452 240 etiam
461 206 562 238 forma
571 203 762 244 professionis
783 204 856 235 fidei
865 203 882 235 a
891 203 948 235 Pio
956 204 1010 234 IV.
1033 214 1109 245 prae-

122 253 234 294 scripta
244 256 276 285 in
285 251 518 284 Constitutione
528 267 538 282 2
545 257 612 288 quae
621 247 733 287 incipit
743 267 753 281 ‚
763 246 998 287 Insacrosanihi
1005 267 1015 281 ‚
1026 248 1109 278 edita

123 295 223 329 idibus
232 292 403 328 Novembr.
418 295 508 331 1564.
523 292 556 321 in
567 300 602 320 ea
612 291 697 321 enirn
707 289 857 322 insertum
875 290 961 322 estad
973 290 1108 321 litteram

124 340 309 382 Symbolum
317 337 414 377 majus
423 355 434 370 ‚
455 335 490 366 &
500 333 554 364 alii
563 333 654 364 multi
665 333 789 364 articuli
798 332 943 373 explicite
953 334 1063 374 positi,
1074 335 1108 364 &

125 385 160 415 in
169 383 230 414 fine
238 403 247 417 ‚
260 382 334 413 ficut
342 380 376 410 in
386 377 531 419 Symbolo
541 375 719 410 Athanasii,
730 377 861 408 dicitur:
882 378 954 408 Haec
964 373 1091 418 estfides
1099 396 1108 410 ‚

125 426 189 458 &a
206 425 290 457 Nam
300 425 333 455 ὃς
344 420 523 461 Symbolum
544 419 713 460 appellatur
723 420 796 450 fides
805 440 816 453 ‚
838 428 872 450 ut
881 419 916 450 in
925 430 950 451 c.
960 418 1091 463 Qisque
1099 439 1109 453 ‚

126 468 231 510 juncta
238 466 332 508 glossa
343 466 376 496 in
385 474 450 495 ver.
460 461 603 504 adfidem
614 466 651 493 de
660 464 730 494 vita
739 482 749 496 ‚
769 461 807 494 &¹
814 460 964 504 honestate
973 463 1110 495 Clerico-

127 522 193 543 rum
204 510 264 551 ‚Jo.
275 508 370 540 Andr.
372 507 439 548 sup.
449 509 481 538 in
491 504 570 538 rubr.
580 517 609 536 n.
625 515 671 545 14.
681 507 715 537 ὃ(
725 505 848 536 Bellam.
859 516 888 536 n.
902 516 951 545 24.
961 506 1047 537 Fides
1058 526 1068 539 ,
1079 507 1110 536 id

127 554 168 585 est
176 574 186 587 ‚
195 551 342 584 collectio
351 550 552 582 articulorum
562 549 632 580 fidei
642 569 651 581 ,
661 555 724 587 cap.
733 549 804 581 Haec
811 546 853 589 est
859 546 936 588 fides
946 559 971 579 2.
984 546 1076 588 qziaest.
1084 558 1109 579 1.

123 595 426 635 secundumglossam
447 592 521 624 ibid.
530 594 562 624 &c
573 590 726 622 Hostiens.
747 602 776 626 n.
787 601 817 631 4.
832 590 958 632 Spectat
975 592 1061 622 enim
1071 593 1110 623 ad

125 639 155 671 S.
166 638 349 670 Romanum
359 636 544 669 Pontificem
554 655 563 668 ‚
579 636 674 665 etiam
683 633 745 665 sine
753 632 904 666 Concilio
912 655 921 668 ‚
939 634 1012 666 fidei
1022 634 1111 677 Sym-

127 682 234 714 bolum
242 680 386 712 ordinare
395 701 405 715 ,
427 689 461 711 ut
471 680 560 710 docet
570 677 599 709 S.
609 677 753 709 Thomas
769 688 796 708 2.
809 690 835 710 2.
845 675 937 718 qxaest.
951 687 976 708 1.
985 687 1046 708 art.
1062 688 1109 710 10.

126 724 296 766 Qioniam
305 726 342 755 ad
351 724 416 763 ejus
425 721 647 754 authoritatem
656 722 790 761 pertinet
798 722 897 752 editio
905 720 1043 762 Symboli
1052 741 1062 755 ‚
1071 722 1110 752 ad

125 770 214 807 cujus
225 769 448 798 authoritatem
461 765 593 796 finaliter
602 765 736 804 pertinet
753 765 961 796 determinare
969 774 1022 799 ea,
1043 774 1110 805 quae

126 811 196 842 sunt
207 811 299 845 fidei,
322 820 356 841 ut
364 808 553 841 abomnibus
570 807 748 839 inconcuffa
756 807 816 838 fide
833 817 1015 839 teneantur.
1039 807 1110 838 Hoc

125 864 232 886 autem
241 855 374 894 pertinet
381 854 419 883 ad
426 851 648 883 authoritatem
658 849 779 882 Summi
789 850 962 885 Pontificis‚
971 852 1008 882 ad
1016 860 1112 891 quem

126 898 260 938 majores
269 916 278 930 ‚
298 897 331 927 ὃς
346 894 536 926 difficiliores
556 893 696 924 Ecclesiae
716 894 897 935 quaestiones
919 892 1093 925 referunmr
1101 914 1111 927 ,

127 951 152 972 c.
162 940 283 972 Multis
297 947 343 975 17.
364 936 434 979 dist.
443 949 467 969 c.
477 939 547 971 Haec
562 934 688 978 estfides
697 957 706 971 ‚
729 948 752 968 c.
764 939 811 969 Et
818 934 952 978 estaliud
962 957 971 971 ,
993 948 1017 968 c.
1027 937 1112 983 Qo-

126 985 186 1014 ties
195 1004 205 1017 ,
227 980 265 1014 Θ·
273 989 325 1021 per
334 989 390 1012 tot.
401 991 448 1021 24.
458 978 549 1021 quaest.
564 990 589 1011 1.
598 982 631 1012 δέ
641 991 664 1012 c.
676 979 820 1018 Majores
827 982 860 1011 in
866 981 965 1019 princ.
976 978 1013 1011 de
1021 983 1110 1019 Bith.

125 1027 160 1057 &
169 1033 252 1067 patet
262 1026 295 1055 in
304 1023 449 1064 Symbolo
457 1024 635 1057 Athanasii,
646 1025 729 1063 quod
739 1034 802 1054 non
813 1023 1003 1054 authoritate
1011 1025 1109 1054 alicu-

126 1069 175 1109 jus
184 1067 335 1109 generalis
343 1065 496 1102 Concilii‚
506 1065 554 1097 sed
567 1065 705 1098 Romani
717 1065 880 1098 Pontificis
889 1067 1111 1098 tantummodo

125 1111 278 1143 traditum
286 1110 327 1141 est
337 1132 344 1140 .
368 1110 504 1150 idipsum
512 1111 620 1141 docuit
629 1111 713 1140 idem
722 1109 750 1140 S.
761 1109 879 1141 Tliom.
898 1112 931 1140 in
941 1109 1032 1150 opusc.
1044 1121 1096 1141 cosi
1104 1128 1111 1131 <

125 1164 177 1186 tra
185 1164 303 1185 errores
321 1155 506 1187 Graecorum,
527 1162 561 1184 ut
571 1152 662 1183 refert
672 1151 795 1193 Sylvest.
814 1154 846 1183 in
857 1163 922 1184 ver.
941 1152 1033 1184 Fides
1042 1165 1071 1184 n.
1085 1164 1110 1183 2.

125 1199 229 1239 Atque
239 1199 284 1229 ita
292 1196 476 1238 Symbolum
484 1198 559 1227 dicit
570 1195 625 1227 esse
636 1195 708 1226 fidei
722 1195 936 1236 profeffionem
946 1217 954 1231 ,
965 1195 1110 1228 Turrecr.

125 1242 158 1272 in
165 1252 190 1272 c.
201 1243 339 1273 Canones
346 1248 376 1280 p.
391 1249 416 1271 1.
425 1251 454 1271 n.
466 1250 494 1276 9.
502 1238 543 1270 ad
555 1248 581 1278 3.
596 1246 642 1277 15.
654 1236 723 1280 dist.
745 1238 820 1270 ch
830 1241 866 1270 de
876 1239 1030 1279 Symbolis
1041 1262 1048 1268 .

163 1284 322 1315 Articulus
333 1284 407 1314 vero
418 1284 488 1315 fidei
505 1282 544 1314 est
555 1283 757 1314 individualis
769 1285 881 1314 veritas
890 1284 929 1314 de
948 1283 1017 1314 Deo
1027 1282 1113 1323 supra

124 1329 280 1359 rationem
289 1337 345 1358 nos
356 1326 477 1358 arCtans
485 1327 524 1357 ad
531 1327 720 1357 credendum
730 1346 739 1360 ‚
762 1335 796 1357 ut
804 1324 917 1357 diffinit
934 1324 1112 1358 Richardus

125 1372 164 1401 de
174 1370 203 1402 S.
213 1369 342 1402 Vitstore
351 1368 559 1410 relatusfhprd
569 1371 602 1399 in
612 1366 692 1400 rubr.
703 1369 767 1409 ajo.
779 1369 875 1400 Andr.
885 1380 914 1400 n.
927 1380 974 1400 22.
987 1369 1110 1401 Bellam.

124 1422 186 1453 ης.
197 1415 228 1445 &
239 1412 334 1445 Card.
346 1423 393 1444 n.1
405 1412 496 1445 1.&a
506 1412 547 1443 D.
559 1412 684 1443 Thoma
694 1415 726 1443 in
738 1421 764 1452 3.
774 1410 894 1453 d1st.25.
906 1411 998 1454 quaest.
1015 1423 1039 1444 i.
1050 1422 1110 1444 art.

128 1466 140 1488 1
148 1479 155 1486 .
167 1456 223 1487 nisi
232 1456 316 1498 quod
327 1456 356 1488 S.
365 1457 506 1489 Thomas
513 1455 636 1487 omittit
647 1457 754 1487 verba:
763 1458 863 1495 Supra
873 1458 1035 1490 rationem,
1046 1467 1112 1497 quse

124 1509 230 1531 tamen
242 1501 364 1531 videtur
374 1500 539 1540 supponere
550 1499 584 1530 in
596 1508 622 1539 3.
633 1508 819 1539 argumento
829 1502 1006 1534 contrario,
1025 1502 1056 1531 δε
1069 1500 1110 1530 lo-

124 1552 164 1574 co
175 1544 255 1574 illius
267 1544 351 1574 verbi
363 1564 372 1577 ‚
382 1542 586 1574 individualis
596 1562 605 1576 ,
617 1544 706 1583 ponit
715 1563 724 1575 ‚
733 1540 942 1585 indivisibilis
953 1565 960 1572 .
972 1542 1056 1574 Nam
1066 1553 1111 1574 ar—

125 1586 241 1617 ticulus
250 1596 365 1617 nomen
375 1586 520 1617 Graecum
528 1585 567 1616 est
576 1605 585 1620 ,
604 1588 636 1616 ὃς
648 1587 795 1625 importat
805 1586 1027 1618 indivisionem
1038 1597 1047 1622 ·‚
1056 1596 1113 1617 un-

125 1631 162 1659 de
174 1630 312 1660 membra
322 1649 330 1663 ‚
347 1639 414 1670 quae
425 1639 488 1660 non
498 1629 682 1660 dividuntur
692 1631 725 1659 in
734 1629 794 1660 alia
803 1630 939 1660 membra
947 1650 957 1663 ,
966 1631 1114 1661 dicuntur

126 1673 250 1702 articuli
259 1683 266 1708 3
276 1674 309 1704 3<
321 1672 489 1703 secundum
500 1671 590 1703 istum
600 1673 727 1703 modum
739 1672 951 1703 conclusiones
960 1693 969 1706 ,
987 1683 1054 1713 quat
1065 1675 1112 1704 in-

125 1715 293 1755 quiruntur
303 1717 335 1746 in
347 1716 449 1756 aliqua
460 1714 586 1746 scientia
595 1735 604 1749 ‚
628 1716 673 1746 vel
685 1715 791 1756 aliquo
801 1714 936 1746 trastatu
945 1737 954 1749 ,
963 1717 1113 1747 dicuntur

124 1758 269 1792 articuli,
290 1761 364 1799 quia
372 1769 408 1789 ex
419 1760 463 1789 eis
479 1758 555 1789 sicut
565 1768 601 1789 ex
609 1758 792 1799 quibusdam
803 1761 963 1799 principiis
972 1759 1112 1790 indivisi-

126 1801 236 1831 bilibus
246 1801 404 1841 consurgit
414 1811 481 1832 tota
490 1801 635 1833 collestio
645 1823 653 1836 ,
674 1811 741 1842 quoe
752 1802 919 1833 tractatum
931 1803 1049 1842 pei-ficit
1061 1804 1112 1839 3&

124 1843 165 1875 sic
176 1846 208 1875 in
217 1844 342 1885 judiciis
352 1855 405 1879 ea,
413 1855 480 1885 quae
489 1855 541 1885 per
551 1846 637 1876 testes
648 1848 772 1885 probata
782 1845 847 1876 sunt
859 1866 868 1880 ‚
881 1846 926 1876 vel
937 1847 1093 1885 probanda
1103 1867 1113 1880 ‚

124 1887 272 1919 dicuntur
293 1889 437 1922 articuli,
462 1898 552 1929 prout
562 1889 624 1919 haec
647 1898 796 1919 notantur
807 1891 838 1919 in
860 1900 884 1920 c.
898 1902 923 1921 ι.
942 1886 1062 1928 ingleffi
1080 1892 1113 1920 iri

125 1941 192 1961 ver.
203 1932 343 1962 articulis
361 1931 396 1962 de
404 1928 500 1971 testib.
511 1928 563 1963 lib.
573 1936 602 1963 6.
619 1933 653 1963 &
661 1943 677 1962 a
689 1931 728 1962 D.
739 1931 864 1963 Thoma
874 1934 936 1963 loro
945 1935 1038 1963 cinito
1047 1953 1056 1964 .
1081 1935 1113 1964 &

129 1972 220 2004 latius
229 1975 262 2004 in
280 1984 307 2005 2.
320 1985 346 2005 2.
357 1973 449 2015 quaest.
466 1984 560 2006 hart.
571 1980 600 2006 6.
621 1977 672 2006 ubi
683 1979 779 2005 etiam
790 1975 852 2015 post
871 1976 951 2015 glori.
965 1976 1113 2017 prxalleg.

127 2015 260 2056 explicat
270 2036 279 2050 ‚
300 2027 378 2058 quot
394 2017 495 2049 modis
516 2020 637 2049 dicatur
660 2019 732 2049 fidei
749 2019 914 2048 articulus.

163 2057 326 2099 Achpitur
334 2070 438 2091 autem
446 2061 519 2092 fidei
527 2062 674 2092 articulus
684 2060 848 2100 tripliciter
858 2059 1027 2092 secundum
1036 2062 1113 2093 Vin-

125 2103 267 2133 centium
276 2122 287 2137 ‚
295 2104 329 2135 δέ
338 2103 475 2134 Alanum
486 2105 518 2133 in
527 2114 550 2134 c.
563 2102 642 2135 Ciam
653 2100 792 2143 Christus
802 2101 877 2143 infr.
889 2102 925 2133 de
937 2105 1095 2135 Haereti'cis
1105 2126 1114 2139 ‚

125 2154 204 2184 quos
221 2145 265 2175 ibi
287 2145 455 2184 sequuntur
476 2145 616 2176 Hostien.
637 2146 745 2185 Joann.
761 2145 858 2176 Andr.
881 2145 963 2176 Butr.
976 2145 1070 2178 Card.
1081 2149 1113 2179 &

124 2188 236 2227 icliqui
246 2196 355 2217 omnes
364 2207 372 2221 ‚
394 2188 425 2218 &
437 2186 563 2218 Archid.
576 2187 609 2218 in
619 2195 682 2226 cap.
692 2190 831 2219 Canones
841 2199 870 2219 n.
880 2193 908 2220 6.
920 2190 953 2220 &
965 2190 1006 2220 ibi
1017 2193 1114 2222 etiam

124 2229 252 2270 Praepos.
270 2239 349 2261 num.
365 2239 376 2260 1
387 2239 413 2260 i.
428 2227 552 2270 15.dist.

166 2271 274 2304 Primo
285 2272 386 2304 striCke
397 2293 407 2307 ‚
429 2272 517 2305 &ita
531 2275 679 2305 dicuntur
696 2274 766 2305 fidei
777 2275 902 2307 articuli
918 2276 962 2307 illi
973 2275 1113 2314 tantum,

123 2315 179 2357 qui
201 2315 235 2347 in
251 2315 398 2357 Symbolo
419 2316 637 2357 Apostolorum
660 2320 862 2349 continentur
873 2341 880 2348 .

166 2358 310 2390 Secundo
323 2358 438 2400 largius
448 2379 458 2394 ,
470 2370 559 2401 prout
570 2362 721 2401 accipitur
730 2361 763 2391 in
775 2361 920 2401 praedidta
930 2362 1022 2394 Decr-
1033 2362 1113 2396 Ciam

123 2399 262 2442 Christus
271 2412 282 2437 ;
292 2403 324 2434 &
336 2402 504 2434 secundum
513 2402 572 2435 hoc
580 2405 816 2444 comprehendit
824 2405 932 2437 omnia
940 2426 949 2439 ‚
967 2417 1034 2448 qua:
1046 2407 1113 2439 sunt

125 2444 331 2476 determinata
339 2465 349 2480 ,
371 2445 422 2477 seu
431 2445 565 2478 diffinita
574 2447 589 2477 a
599 2446 737 2478 Summis
755 2446 960 2481 Pontificibus
971 2470 980 2484 ,
1004 2452 1051 2481 vel
1061 2461 1113 2491 ge-

125 2487 281 2518 neralibus
293 2486 449 2521 Conciliis
459 2510 469 2523 ‚
489 2490 589 2530 qualis
599 2490 639 2520 est
649 2491 798 2522 articulus
808 2511 817 2525 ‚
834 2501 894 2523 tres
905 2492 1047 2532 personas
1057 2495 1112 2524 esse

125 2531 256 2570 aequales
265 2550 274 2564 ,
283 2533 315 2562 δέ
326 2531 378 2561 alii
389 2532 487 2571 plures
495 2553 505 2566 ‚
513 2535 549 2564 de
556 2534 669 2573 quibus
682 2533 731 2564 liic
743 2534 776 2564 in
787 2544 873 2565 teXtu
882 2556 891 2569 ‚
901 2537 977 2567 &in
987 2548 1011 2568 c.
1019 2545 1110 2576 prox.

124 2572 202 2617 infr.
213 2571 275 2604 eod.
294 2576 326 2604 in
333 2582 397 2612 cap.
411 2583 435 2604 1.
447 2586 474 2606 2.
483 2575 520 2607 (ῥ’
532 2585 558 2617 3.
576 2574 646 2618 dist.
661 2584 706 2616 15.
717 2575 795 2609 &in
804 2586 867 2617 cap.
883 2580 997 2618 penult.
1009 2580 1110 2612 (Just.

122 2615 294 2658 dcconficr.
311 2614 445 2657 distinfb.
462 2626 488 2658 3.

165 2658 279 2691 Tetti&
296 2659 459 2700 largiffimt‘:
470 2681 481 2695 ⁴>
502 2660 670 2694 secundum
679 2663 763 2705 quod
785 2665 1022 2706 comprehendit
1042 2677 1111 2698 om-

122 2712 197 2734 nem
207 2701 393 2734 sententiam
409 2714 514 2735 veram
523 2706 607 2736 circa
624 2706 736 2742 fidem,
758 2707 1025 2745 sivesitdiffinita‚
1049 2710 1110 2741 sive

122 2755 188 2776 non
196 2765 207 2780 ‚
227 2756 322 2786 quem
332 2747 421 2777 aliter
432 2748 609 2778 articularia
620 2748 690 2780 fidei
701 2751 831 2791 appellat
842 2751 994 2792 Speculat.
1016 2755 1050 2784 in
1057 2756 1108 2785 tit.

121 2790 159 2819 de
168 2788 309 2830 Dispens
317 2790 408 2828 legas.
420 2792 445 2827 §.
465 2791 559 2822 Nunc
566 2788 705 2822 breviter
715 2812 724 2826 ‚
745 2804 811 2824 ver.
824 2805 850 2825 2.
861 2798 979 2827 Contra
990 2817 999 2830 ,
1021 2806 1054 2828 ut
1063 2807 1111 2828 re-

119 2831 225 2862 ferunt
234 2832 277 2872 J0.
287 2833 382 2863 Andr.
391 2835 424 2865 ὅς
434 2834 488 2864 alii
506 2837 539 2864 in
549 2832 579 2864 d.
589 2842 652 2874 cap.
674 2833 755 2867 Ciam
764 2835 900 2877 Christus
911 2860 919 2867 .

160 2873 289 2916 Qubus
311 2875 469 2916 suppositis
478 2897 488 2910 ‚
511 2887 544 2907 ut
560 2877 625 2918 jam
641 2879 678 2909 ad
702 2878 888 2918 propositam
907 2882 1109 2922 quaestionem

119 2920 307 2950 accedamus
316 2938 326 2953 ‚
347 2920 421 2950 fidei
440 2921 588 2951 articulos
611 2920 712 2952 siritii&
735 2921 870 2962 sumptos
886 2943 896 2957 ‚
916 2926 971 2964 qui
993 2924 1109 2958 scilicet

119 2963 325 2993 continentur
335 2963 368 2993 in
378 2962 527 3004 Symbolo
535 2964 753 3004 Apostolorum
764 2985 773 2999 ,
783 2966 901 2997 Alanus
909 2987 919 3001 ,
928 2968 961 2998 ὅ(
971 2967 1110 3000 Vincen-

116 3004 183 3035 tius
192 3006 226 3035 in
236 3002 267 3035 d.
277 3015 300 3036 c.
312 3003 393 3037 Ciaem
404 3004 542 3047 Christus
551 3027 561 3041 ‚
571 3005 726 3039 affirmant
736 3010 904 3050 unicuique
915 3010 1109 3043 intellectum

115 3045 248 3078 habenti
256 3049 456 3081 neceffatium
467 3050 523 3081 elie
534 3051 572 3081 ad
583 3049 710 3081 salutern
719 3051 862 3092 explicite
872 3052 948 3084 scire
957 3074 967 3088 ‚
984 3064 1008 3085 c.
1019 3055 1108 3086 Ante

111 3089 248 3126 avigmti,
254 3101 279 3122 c.
289 3092 513 3131 Bapstzandos,
525 3090 563 3124 (ῥ’
569 3104 593 3124 c.
604 3095 713 3125 Prima
721 3095 818 3133 igitur
826 3095 862 3126 de
869 3096 995 3137 consecr.
1004 3097 1106 3139 dist-4.

111 3127 270 3171 (Quorum
278 3133 435 3167 sententiae
444 3137 599 3168 accedunt
612 3138 644 3167 in
654 3138 723 3168 eod.
732 3148 756 3168 c.
767 3136 847 3169 Ciam
856 3137 994 3180 Christus
1003 3141 1105 3182 ‚joam

113 3175 216 3205 Andr.
222 3187 304 3207 num.
316 3188 345 3209 2.
356 3177 450 3210 card.
458 3190 539 3211 num.
551 3188 577 3219 3.
588 3179 672 3210 Butr.
683 3191 762 3211 num.
771 3191 802 3221 4.
820 3181 956 3213 Anchar.
967 3194 996 3214 n.
1008 3195 1034 3214 2.
1045 3184 1107 3215 Ita-

114 3227 178 3257 que
188 3225 223 3247 ut
238 3219 326 3251 vides
344 3221 532 3254 Vincentius
553 3225 585 3255 δι’
597 3224 714 3255 Alanus
731 3233 795 3255 non
812 3224 1006 3266 distinguunt
1024 3227 1107 3258 inter

1149 205 1220 236 dete
1236 204 1342 237 Deum
1360 207 1434 241 effe,
1454 208 1554 239 &esse
1575 209 1730 240 bonorum
1750 219 2015 241 remuneratorem
2043 210 2120 251 {3356

1149 247 1224 279 vero
1241 250 1389 280 articulos
1412 249 1539 282 sufficiat
1561 252 1621 283 illis
1642 251 1794 292 implicite
1814 255 1957 289 credere3
1980 255 2003 284 it
2080 250 2084 255 “

1150 290 1205 322 nio
1222 291 1322 332 glossae
1343 292 1490 323 Bernardi
1509 292 1593 334 supra
1604 296 1637 326 in
1655 296 1735 327 rubr.
1756 294 1840 336 quod
1862 296 2007 327 incarnat
2036 295 2055 323 ’ἶ

1150 333 1340 369 Passionem,
1361 336 1395 367 &
1417 334 1691 369 Resurrectionem
1700 359 1710 372 ,
1732 340 1765 370 &
1774 340 1834 370 alia
1852 338 1969 370 Christi
1990 334 2042 380 m'y

1150 376 1238 408 Laici
1248 388 1311 408 non
1322 388 1487 409 teneantur
1497 380 1636 414 credere,
1654 381 1711 412 nisi
1721 381 1872 422 implicite
1882 403 1891 416 ‚
1910 392 1974 413 non
1985 392 2074 413 vacat
2104 392 2136 412 c-

1150 421 1250 451 riculo
1260 423 1370 452 erroris
1378 441 1387 456 ‚
1409 431 1444 452 ut
1453 431 1612 461 propterea
1621 433 1684 454 non
1695 424 1756 456 fine
1767 427 1856 456 causa
1873 425 1983 456 innoc.
1994 426 2027 456 ὃς
2038 423 2137 456 Com-

1151 463 1224 503 post.
1235 463 1278 495 usi
1290 463 1405 496 fuerint
1415 463 1556 496 <ustione
1567 465 1628 496 illa:
1639 467 1665 497 F
1666 467 1729 497 orte
1734 466 1939 508 stmplices‚O'‘
1942 466 2028 511 forte
2038 478 2137 498 omnes

1151 508 1243 537 Laici
1251 526 1262 540 ‚
1281 517 1377 548 quam
1388 507 1486 547 postea
1496 508 1685 548 repetierunt
1705 509 1856 542 Hostiens.
1865 512 1907 552 Jo.
1919 512 2015 543 Andr.
2024 513 2056 542 &
2067 511 2137 541 reli-

1150 549 1205 590 qui
1215 547 1393 581 Canonistae
1403 550 1493 581 citati
1503 550 1588 590 supra
1598 553 1631 581 in
1641 562 1668 582 z.
1679 552 1803 591 conclufi
1812 565 1890 585 num.
1898 564 1909 585 1
1917 565 1944 591 9.
1955 553 2136 596 Q-uoniarn,

1151 602 1185 623 ut
1192 591 1359 624 efficaciter
1368 594 1474 634 probat
1485 593 1514 625 S.
1525 594 1666 626 Thomas
1674 595 1708 625 in
1721 604 1747 634 3.
1756 593 1884 635 distinii.
1899 606 1945 635 25.
1956 607 2032 635 qua.
2044 606 2104 628 art.
2112 606 2136 627 i.

1150 645 1197 673 qu.
1209 645 1235 666 r.
1257 637 1498 678 inquocumque
1513 637 1646 669 habente
1663 637 1751 668 usum
1763 638 1852 669 liberi
1873 641 1992 671 arbitrii
2003 639 2137 681 exigitur

1150 680 1190 710 ad
1201 677 1329 710 salutem
1338 679 1403 721 ejus
1413 700 1423 714 ,
1445 690 1478 711 ut
1487 680 1598 712 habear
1608 680 1714 712 aestum
1724 681 1815 715 fidei,
1826 682 1859 712 &
1870 692 1934 713 non
1942 683 2039 714 solum
2051 682 2137 714 liabi-

1151 731 1235 757 tum3
1257 723 1331 753 fides
1338 733 1444 754 autem
1466 733 1530 755 non
1541 723 1636 764 potest
1657 726 1740 755 exire
1763 726 1795 755 in
1805 724 1912 756 acl-um
1921 745 1930 759 ,
1952 725 2008 756 nisi
2018 722 2137 766 aliquid

1152 764 1356 797 determinate
1373 787 1383 801 ‚
1403 768 1438 798 &
1459 764 1603 807 explicite
1625 767 1842 809 cognoscendo
1851 788 1861 802 ‚
1881 770 1964 809 quod
1987 770 2023 800 ad
2045 769 2138 801 fidem

1153 810 1321 849 pertineat.
1344 809 1383 840 Et
1393 808 1464 841 ideo
1473 810 1562 841 omni
1572 813 1601 841 ei
1612 831 1621 844 ‚
1637 812 1693 852 qui
1703 810 1794 842 habet
1802 810 1890 842 usum
1902 812 1988 842 liberi
1999 812 2116 842 arbitrii
2128 832 2137 844 ³

1153 852 1262 882 habere
1272 852 1364 884 fidem
1375 853 1554 893 explicitam
1571 863 1725 895 quantum
1734 856 1771 885 ad
1781 854 1917 895 aliquid,
1939 854 1978 885 est
1988 855 2024 885 de
2034 854 2137 885 neces-

1152 894 1239 925 sitate
1258 894 1378 927 salutis.
1402 896 1592 940 Qiodclare
1609 899 1705 929 etiam
1716 898 1859 938 supponit
1877 896 2068 928 Tridentina
2083 897 2138 938 Sy-

1152 939 1271 972 nodus,
1292 941 1406 970 durnin
1423 951 1448 971 c.
1460 938 1557 981 2.seffl
1569 949 1594 979 5.
1613 940 1751 982 prcecipit
1768 940 2013 982 quibuscumque
2030 949 2138 971 curam

1152 982 1328 1013 animarum
1338 982 1522 1015 habentibus
1532 1004 1541 1018 ‚
1563 994 1597 1015 ut
1608 984 1716 1024 perse,
1725 984 1773 1015 vel
1783 983 1860 1015 alios
1871 985 2002 1016 idoneos
2013 1004 2022 1017 ,
2032 985 2051 1014 si
2063 983 2138 1023 legi-

1152 1025 1229 1055 time
1240 1026 1382 1065 impediti
1399 1025 1532 1060 fuerint,
1555 1027 1662 1058 diebus
1673 1028 1778 1059 saltem
1794 1027 1994 1060 Dominicis,
2017 1025 2140 1058 &sestis

1153 1067 1339 1099 solemnibus
1350 1089 1359 1102 ,
1378 1069 1477 1108 plebes
1488 1071 1543 1101 sibi
1552 1071 1727 1102 commissas
1738 1081 1793 1111 pro
1804 1069 1854 1102 sua
1863 1091 1873 1105 ‚
1895 1072 1928 1102 &
1937 1079 2043 1101 earum
2052 1079 2143 1109 capa-

1152 1112 1246 1141 citate
1256 1111 1379 1150 pascant
1392 1111 1571 1142 salutaribus
1583 1115 1682 1144 verbis
1692 1134 1701 1147 ‚
1723 1116 1941 1154 docendoqua:
1953 1112 2027 1144 scire
2036 1114 2141 1144 omni<

1153 1154 1206 1185 bus
1218 1154 1418 1185 necessarium
1434 1155 1474 1185 est
1484 1157 1521 1185 ad
1541 1154 1667 1186 salutem
1678 1177 1685 1185 .
1706 1155 1804 1187 Unde
1820 1167 1884 1187 non
1906 1155 2066 1188 immerito
2083 1155 2143 1197 Ey-
2164 1166 2204 1195 42.

1153 1198 1286 1228 mericus
1297 1199 1330 1228 in
1338 1195 1444 1228 dirersi.
1456 1196 1568 1236 Inquifi
1575 1206 1643 1238 par.
1657 1209 1682 1229 2.
1694 1208 1739 1236 qu.
1755 1208 1800 1230 10.
1811 1200 1847 1229 de
1858 1199 2030 1230 Hseresibus
2041 1199 2079 1230 ab
2088 1198 2141 1229 ln-

1152 1240 1351 1280 quisitoribus
1362 1241 1526 1281 Aragoniae
1543 1241 1698 1273 damnatis
1711 1241 1750 1272 D.
1760 1241 1846 1282 Papa:
1856 1244 2020 1273 mandato:
2042 1240 2142 1274 Osta-

1153 1294 1204 1318 va,
1214 1286 1329 1324 inquit,
1339 1284 1456 1316 haeresis
1465 1285 1506 1316 est
1514 1306 1523 1319 ‚
1532 1286 1619 1326 quod
1629 1284 1742 1316 Laicus
1751 1295 1815 1316 non
1826 1294 1947 1316 tenetur
1958 1287 1995 1316 ad
2005 1285 2142 1325 aliquem

1154 1327 1225 1358 fidei
1243 1328 1409 1359 articulum
1431 1328 1575 1368 explicite
1598 1330 1806 1363 credendum,
1828 1328 1877 1359 sed
1894 1327 2002 1359 suffieit
2022 1327 2075 1359 sibi
2086 1327 2143 1359 ista

1153 1370 1312 1401 conclusio
1324 1371 1359 1402 in
1368 1382 1480 1411 genere
1490 1392 1499 1405 ‚
1520 1371 1604 1412 quod
1614 1373 1718 1403 credat
1727 1381 1822 1403 omne
1834 1372 1907 1402 illud
1918 1391 1928 1405 ,
1950 1372 2034 1411 quod
2044 1371 2143 1402 credit

1155 1413 1259 1444 (indta
1275 1414 1379 1445 Mater
1391 1414 1524 1446 Ecclesia
1537 1414 1614 1446 Dei.
1638 1415 1712 1446 Haec
1725 1425 1830 1446 autem
1847 1416 2086 1448 determinatio,
2107 1415 2141 1446 δε

1153 1457 1299 1497 explicita
1316 1458 1460 1498 cognitio
1470 1459 1526 1490 else
1537 1459 1627 1489 debet
1645 1460 1856 1499 principaliter
1872 1467 2026 1498 quantum
2037 1458 2073 1488 :id
2085 1467 2120 1487 ea
2130 1477 2140 1491 ,

1153 1510 1220 1539 quat
1231 1499 1297 1531 sunt
1313 1501 1411 1532 veluti
1421 1502 1605 1533 universalia
1616 1504 1786 1542 principia,
1808 1512 1844 1533 ac
1857 1501 1956 1541 prima
1966 1499 2139 1532 Catholicae¹

1153 1544 1225 1574 fidei
1235 1542 1455 1576 fundamenta.
1479 1545 1708 1578 Stultumenim
1725 1545 1897 1578 euincere,
1921 1554 1953 1575 ut
1965 1542 2142 1584 inquitSvl-

1155 1586 1249 1618 vester
1271 1589 1457 1628 redarguens
1473 1599 1608 1620 errorem
1626 1588 1761 1620 Summae
1780 1587 1950 1620 Rosellaein
1971 1598 2036 1618 ver.
2047 1585 2142 1619 Fides

1153 1641 1232 1661 num.
1244 1635 1272 1661 6.
1283 1632 1316 1661 in
1326 1629 1378 1668 fin.
1397 1632 1482 1672 quod
1493 1631 1608 1663 scilicet
1620 1633 1710 1664 liceat
1722 1633 1821 1663 utenti
1830 1634 1951 1663 ratione
1960 1651 1969 1665 ‚
1991 1632 2023 1662 δε
2034 1630 2141 1662 adulto

1155 1675 1298 1714 ignorare
1315 1672 1430 1706 Christi
1453 1677 1652 1707 nativitatem
1662 1697 1671 1711 ,
1693 1677 1725 1707 &
1737 1685 1871 1707 mortem
1893 1673 2024 1708 Crucis,
2046 1683 2143 1714 quam

1155 1717 1335 1758 iiiipossib'ile
1347 1718 1387 1749 est
1397 1719 1491 1750 talem
1503 1718 1716 1760 ignoraremisi
1727 1718 1859 1750 omnino
1872 1717 1957 1749 suam
1966 1726 2147 1748 contemnat
2169 1724 2210 1757 43·

1155 1760 1283 1791 salutem
1294 1781 1302 1794 ,
1324 1762 1357 1792 δέ
1375 1772 1463 1792 aures
1475 1763 1574 1793 verbis
1591 1765 1707 1793 divinis
1718 1763 1855 1793 obturet.
1879 1760 2100 1802 Qtamobrem
2114 1759 2143 1790 S.

1154 1803 1296 1836 Thomas
1307 1804 1340 1835 in
1364 1816 1391 1836 2.
1405 1816 1430 1835 z.
1442 1803 1534 1846 quaest.
1548 1818 1574 1837 2.
1591 1815 1652 1836 art.
1666 1813 1691 1844 5.
1714 1804 1885 1846 ObjeSrum
1896 1825 1904 1838 ,
1926 1806 2029 1844 inquit
2040 1823 2050 1837 ‚
2071 1803 2144 1835 fidei

1156 1857 1206 1887 per
1217 1846 1243 1878 se
1254 1847 1295 1879 est
1303 1849 1333 1879 id
1341 1868 1350 1882 ,
1375 1859 1425 1889 per
1434 1850 1518 1888 quod
1531 1849 1626 1880 homo
1637 1849 1744 1880 beatus
1765 1847 1915 1883 efficitur,
1938 1857 1988 1887 per
1998 1848 2144 1878 accidens

1155 1901 1260 1922 autem
1270 1911 1279 1925 ‚
1300 1892 1333 1922 δέ
1345 1891 1528 1923 fecundatio
1546 1891 1572 1922 se
1585 1891 1697 1923 habent
1706 1893 1743 1923 ad
1762 1890 1920 1931 objectum
1930 1890 2001 1921 fidei
2017 1891 2124 1929 omnia
2135 1910 2144 1921 2

1154 1944 1220 1974 qux
1233 1936 1265 1965 in
1276 1932 1358 1966 sacra
1368 1934 1526 1976 Scriptura
1535 1935 1689 1966 divinitus
1699 1936 1814 1966 tradita
1824 1934 2027 1965 continentur
2036 1953 2045 1967 ‚
2068 1932 2144 1963 sicut

1154 1976 1239 2017 quod
1262 1977 1418 2009 Abraham
1429 1978 1536 2010 habuit
1557 1980 1636 2011 duos
1645 1979 1725 2010 filios
1735 1999 1744 2012 ‚
1763 1977 1848 2019 quod
1869 1977 1971 2008 David
1982 1975 2040 2007 fuit
2063 1976 2145 2006 filius

1156 2020 1232 2054 lsai,
1254 2022 1286 2052 δε
1305 2021 1366 2052 alia
1388 2021 1578 2062 hujusmodi.
1601 2022 1772 2065 Qiantum
1793 2023 1830 2052 ad
1849 2023 1948 2062 prima
1962 2019 2123 2051 credibilia
2133 2039 2141 2052 2

1155 2072 1222 2103 quae
1233 2062 1301 2095 sunt
1310 2066 1433 2096 articuli
1444 2065 1514 2096 fidei
1523 2086 1532 2099 ‚
1555 2075 1677 2097 tenetur
1687 2066 1782 2096 homo
1792 2063 1935 2106 explicite
1945 2065 2066 2095 credere
2078 2083 2087 2096 ‚
2109 2062 2145 2092 si-

1155 2116 1208 2137 cut
1219 2107 1252 2137 ὅ(
1261 2115 1385 2139 tenetur
1401 2108 1510 2139 habere
1521 2109 1614 2141 fidem
1624 2132 1631 2139 .
1654 2109 1825 2153 Quintum
1840 2117 1944 2139 autem
1963 2108 2001 2137 ad
2011 2107 2071 2137 alia
2081 2115 2146 2136 cre<

1157 2150 1264 2180 dibilia
1274 2170 1283 2184 ‚
1295 2160 1359 2181 non
1370 2160 1492 2183 tenetur
1504 2152 1600 2184 homo
1607 2152 1882 2194 explicitecredere
1891 2171 1900 2185 ,
1925 2150 1972 2182 sed
1982 2148 2148 2181 solumim-

1156 2193 1261 2232 plicitc‘*
1271 2213 1281 2227 ‚
1302 2195 1349 2225 vel
1361 2196 1394 2226 in
1417 2199 1639 2236 praeparatione
1660 2196 1779 2230 animi,
1808 2197 1840 2227 in
1851 2204 2004 2236 quantum
2022 2201 2147 2238 paratus

1155 2235 1327 2268 esteredere
1350 2240 1501 2279 quidquid
1519 2239 1640 2272 Divina
1651 2240 1809 2280 Scriptura
1829 2239 1989 2270 continet:
2012 2237 2061 2267 led
2072 2244 2146 2284 tunc

1156 2278 1255 2310 solum
1266 2280 1441 2320 hujusmodi
1451 2293 1574 2314 tenetur
1588 2284 1731 2324 explicite
1742 2285 1864 2315 credere
1875 2302 1886 2315 >
1906 2281 2034 2322 quando
2049 2279 2106 2309 [¹00
2115 2288 2145 2308 Cl

1154 2323 1327 2354 constiterit
1343 2326 1376 2355 in
1386 2324 1530 2357 dostrina
1553 2327 1625 2358 fidei
1635 2329 1808 2359 contineri.
1834 2325 1871 2356 Et
1882 2327 1914 2355 in
1939 2335 1964 2354 2.
1977 2319 2105 2361 2.‹1‚uaest.
2117 2331 2143 2352 z.

1153 2374 1214 2396 art.
1227 2375 1256 2403 7.
1278 2365 1347 2399 Post
1356 2377 1478 2409 tempus
1500 2380 1606 2401 autem
1616 2372 1722 2411 gratia:
1745 2370 1885 2401 revelatae
1906 2377 1969 2398 ram
1990 2367 2126 2395 minores
2135 2384 2144 2398 ‚
2167 2374 2208 2405 44

1153 2409 1246 2450 quim
1265 2410 1395 2448 maiores
1407 2421 1551 2444 tenentur
1560 2414 1670 2445 habere
1692 2414 1785 2445 fidem
1794 2412 1973 2451 explicitam
1983 2409 2021 2438 de
2033 2407 2143 2449 myste-

1154 2452 1208 2483 riis
1219 2451 1334 2484 Christi
1345 2475 1354 2488 ,
1377 2456 1527 2496 praecipuc
1542 2467 1696 2498 quantum
1707 2458 1743 2486 ad
1753 2466 1807 2488 ea,
1829 2454 1939 2493 quaein
1955 2450 2088 2481 Ecclesia
2097 2450 2144 2481 so-

1155 2496 1364 2528 lemnizantur
1373 2518 1383 2532 ,
1398 2499 1431 2529 &
1444 2500 1562 2538 publice
1572 2507 1805 2539 proponuntur.
1828 2496 1976 2535 Idemque
1986 2496 2022 2524 de
2033 2493 2142 2534 myste-

1153 2539 1201 2569 rio
1212 2539 1413 2571 Sanciissimae
1423 2541 1591 2572 Trinitatis
1600 2542 1708 2571 docuit
1722 2549 1783 2570 art.
1795 2542 1823 2570 8.
1843 2538 1950 2579 Itaque
1962 2536 1989 2568 S.
1999 2535 2142 2569 Thomas

1152 2584 1323 2612 concordat
1333 2592 1406 2613 cum
1418 2594 1444 2613 2.
1463 2585 1613 2624 opinione
1622 2583 1786 2614 Vincentii
1797 2603 1806 2616 ,
1827 2583 1861 2613 δεῖ
1872 2580 1964 2612 Alani
1973 2600 1981 2613 2
2004 2581 2080 2627 dum
2087 2581 2143 2611 do-

1152 2634 1201 2655 cet
1216 2633 1281 2656 tam
1299 2625 1451 2665 majores,
1472 2626 1567 2666 quam
1589 2628 1746 2660 minores,
1767 2626 1799 2657 id
1809 2624 1849 2656 est
1861 2645 1869 2659 ‚
1891 2633 1955 2654 tam
1978 2621 2137 2658 clericos,

1151 2667 1245 2708 quam
1255 2667 1366 2700 Laicos
1376 2689 1384 2702 ‚
1406 2670 1439 2701 ὃς
1448 2678 1514 2700 tam
1526 2671 1678 2701 litteratos
1688 2690 1698 2704 ,
1707 2669 1801 2710 quim
1812 2669 1900 2699 rudes
1910 2687 1919 2700 ,
1929 2667 2028 2697 teneri
2038 2676 2075 2698 ex
2084 2676 2139 2697 ne-

1151 2710 1285 2742 cessitate
1297 2710 1401 2743 salutis
1417 2712 1562 2753 explicite
1571 2714 1695 2744 credere
1714 2712 1860 2743 articulos
1876 2709 1968 2744 fidei,
1990 2711 2022 2740 ὃς
2034 2711 2139 2749 praeci-

1152 2764 1211 2794 pua
1221 2754 1382 2795 mysteria,
1403 2756 1519 2796 quae'ab
1534 2755 1667 2788 Ecclesia
1678 2755 1936 2787 solemnizamus,
1960 2762 1993 2784 ut
2004 2752 2137 2793 explicat

1151 2796 1348 2828 Turrecrem.
1360 2800 1391 2829 in
1408 2810 1431 2830 c.
1442 2797 1619 2843 Symbolum
1629 2810 1657 2829 n.
1668 2809 1697 2839 4.
1717 2797 1754 2830 de
1764 2797 1889 2838 consecr.
1900 2794 1969 2836 dist.
1980 2806 2009 2835 4.

1192 2840 1251 2872 Sed
1260 2850 1298 2871 ne
1310 2842 1342 2872 in
1352 2851 1383 2872 re
1393 2851 1457 2873 tam
1464 2844 1553 2883 gravi
1562 2853 1627 2874 tam
1635 2841 1764 2883 insignis
1774 2839 1978 2881 discrepantia
1988 2839 2139 2885 interpri-

1151 2885 1266 2915 marios
1282 2883 1469 2917 Canonistas
1478 2887 1573 2917 ullum
1582 2886 1746 2917 dubitandi
1763 2884 1866 2915 locum
1877 2884 2050 2923 relinquar,
2071 2891 2134 2924 jam

1150 2926 1358 2967 proferamus,
1378 2930 1453 2969 quid
1473 2929 1558 2969 super
1568 2929 1626 2960 hoc
1642 2927 1810 2959 diffinitum
1820 2926 1914 2958 fuerit
1936 2930 2137 2966 pro'fatorum

1149 2969 1369 3001 Conclliorum
1378 2991 1387 3005 ‚
1397 2973 1430 3003 &
1441 2971 1627 3004 Sanctorum
1636 2970 1760 3002 Parrum
1769 2972 1901 3002 decretis
1909 2992 1917 2999 .
1940 2970 1976 3000 In
1984 2967 2134 3000 Concilio

1148 3012 1364 3053 Foro<Juliensi
1375 3016 1408 3045 in
1418 3015 1508 3046 causa
1530 3013 1727 3046 Sanckiffimae
1736 3013 1905 3045 Trinitatis
1914 3033 1923 3047 ‚
1945 3013 1979 3044 ὃς
1989 3012 2134 3042 incarna-

1148 3055 1246 3087 tionis
1257 3055 1352 3088 Verbi
1360 3056 1474 3089 Divini
1484 3078 1493 3092 ,
1511 3058 1617 3088 habito
1627 3056 1678 3089 sub
1688 3057 1828 3089 Adriano
1836 3056 1916 3097 Papa
1926 3056 1948 3086 1.
1961 3056 2054 3087 Anno
2066 3055 2132 3085 Do*

1147 3100 1228 3129 mini
1237 3107 1309 3137 791.
1319 3100 1353 3131 ὅ(
1362 3099 1469 3132 Caroli
1481 3100 1593 3140 Magni
1608 3109 1652 3141 13.
1661 3109 1764 3141 tom.3.
1774 3100 1892 3133 Concil.
1900 3096 2132 3144 part-*15sefb-2.

1146 3150 1212 3180 pag.
1220 3143 1344 3182 137.col.
1352 3153 1376 3174 1.
1388 3144 1451 3184 post
1461 3145 1701 3175 declarationem
1711 3144 1914 3176 articulorum
1926 3143 1997 3173 fidei
2007 3149 2050 3170 ita
2059 3139 2132 3171 scri-

1146 3194 1234 3225 ptum
1243 3185 1283 3221 est
1293 3197 1300 3216 2
1310 3188 1402 3218 Hanc
1410 3189 1503 3225 igitur
1514 3185 1987 3229 Catholicaefideifinceriffimam
1994 3182 2136 3222 puritate?

1145 3228 1282 3259 volumus
1291 3239 1390 3261 omnes
1406 3231 1469 3260 Dei
1477 3229 1674 3264 Sacerdotes,
1694 3229 1845 3271 omnesque
1858 3225 1971 3267 gradus
1988 3227 2080 3258 Eccle
2095 3236 2129 3258 ιι

2161 2847 2197 2879 45

110 3259 286 3292 articulum
295 3263 399 3304 ,quod
411 3264 496 3297 Deus
505 3265 540 3296 fit
551 3285 560 3299 ,
583 3267 616 3297 &
625 3265 662 3298 sit
673 3276 887 3299 remunerator
895 3271 1042 3302 omniurn
1051 3271 1106 3303 bo·
1136 3270 1255 3311 summo
1265 3283 1331 3304 cum
1337 3270 1447 3313 studio,
1458 3270 1495 3304 ῥ’
1503 3269 1608 3312 absque
1616 3274 1675 3305 ullo
1686 3275 1765 3305 vitio
1774 3294 1783 3307 ‚
1792 3275 1839 3304 ita
1848 3280 1879 3302 ut
1887 3281 1922 3300 rte
1930 3280 2003 3301 unus
2011 3271 2059 3307 qui
2083 3278 2130 3300 em

108 3313 245 3352 norum,
267 3305 305 3336 δι’
315 3306 392 3338 alios
401 3308 549 3340 articulos
559 3308 942 3351 SymboliApostolorum,
959 3312 1050 3345 sicuti
1060 3312 1106 3345 fa-

105 3356 197 3391 ciunt
215 3347 386 3380 Innocent.
408 3349 569 3392 Compost.
586 3353 703 3387 &alib
724 3355 880 3394 dequibus
889 3355 983 3395 supra
993 3359 1027 3387 in
1039 3366 1063 3387 1.
1077 3368 1103 3388 z.

107 3395 147 3435 φ’
160 3399 185 3429 3.
195 3391 323 3431 conclus.
345 3401 427 3441 ’'⁷¹1⁹''
442 3392 602 3436 18.&seq.
626 3395 674 3427 sed
683 3396 817 3428 absolute
833 3398 965 3430 asserunt
983 3400 1039 3431 lios
1056 3410 1104 3431 ar-

107 3433 222 3465 ticulos
238 3435 387 3475 explicite
408 3437 533 3469 credere
554 3439 756 3472 necessarium
776 3440 834 3472 effe
842 3442 880 3473 ad
897 3441 1023 3474 salutem
1033 3445 1103 3475 uni-

109 3476 223 3516 cuique
247 3477 444 3511 intellectum
465 3480 615 3512 habenti.

195 3521 333 3560 Fagnan.
353 3524 387 3553 in
403 3524 429 3556 J.
453 3523 519 3556 [Α.
541 3524 704 3558 :Uareia-l.

1144 3322 1223 3353 apex
1240 3317 1465 3346 intermittatur
1474 3335 1483 3349 a
1505 3316 1558 3347 vel
1574 3326 1719 3355 augeatur
1728 3337 1737 3351 ‚
1758 3313 1896 3356 distinffie
1904 3333 1914 3347 ‚
1936 3311 2128 3353 &sensatim

1144 3356 1285 3397 discendo
1294 3359 1438 3389 memoria
1445 3361 1577 3391 retinere
1586 3379 1596 3394 ,
1614 3358 1652 3392 (ῥ’
1659 3357 1782 3400 posteris
1791 3355 1933 3397 discenda
1941 3356 2110 3393 relinquere
2121 3365 2128 3385 :

1143 3401 1176 3431 &
1188 3400 1280 3440 paulo
1291 3399 1370 3432 infra
1380 3399 1571 3445 :Symbolum
1580 3403 1652 3434 verb
1663 3423 1672 3436 ‚
1695 3400 1731 3432 (ῥ’
1741 3402 1923 3432 Orationem
1932 3400 2130 3431 Dominicam

1143 3444 1238 3473 omnis
1247 3441 1438 3484 Christianus
1445 3447 1622 3477 memoriter
1623 3446 1718 3485 sciat,
1726 3445 1821 3475 omnis
1831 3452 1911 3477 emtas,
1920 3444 2018 3474 omnis
2020 3441 2127 3482 flexus,

1142 3483 1292 3526 omnisque
1300 3485 1442 3523 conditio,
1453 3487 1588 3529 masculi,
1593 3485 1619 3528 f
1616 3489 1735 3523 oeminae‚
1744 3486 1880 3527 juvenes,
1884 3486 1984 3527 senes,
1987 3484 2075 3558 sgrvi
2078 3484 2130 3516 ‚li-

1783 3532 1810 3562 A
1855 3541 1874 3569 4
2022 3537 2063 3557 cri
2076 3545 2085 3560 ‚
