2397 3664
713 61 811 121 De
848 61 1078 122 Coustit·
1116 83 1160 123 c.
1197 65 1292 124 Ne
1330 67 1595 126 innitarisss

139 149 286 193 opinioni
297 148 353 181 suae
371 147 474 181 minus
485 146 652 190 probabili,
672 146 757 188 quod
774 146 862 179 aetus
880 148 915 179 sit
925 148 1048 184 licitus,
1069 159 1125 189 op-

141 202 274 235 ponatur
290 193 402 234 opinio
420 192 623 234 probabilior,
644 190 728 230 quod
749 191 785 222 sit
801 191 946 223 illicitus.
968 191 1052 233 Ergo
1070 194 1125 224 do-

139 236 242 268 c'rrina
257 257 267 272 ,
292 246 359 277 quae
380 238 471 268 docet
493 234 577 275 sequi
597 231 703 264 minus
726 233 915 273 probabilem
931 254 941 269 ‚
962 236 997 267 &
1017 234 1122 267 minus

139 290 241 311 tutam
249 279 283 311 in
298 274 450 312 concursu
458 275 691 319 probabilioris,
711 286 746 307 ac
764 278 906 311 tutioris,
926 287 1123 319 nequaquam

140 323 222 354 tollit
238 321 433 364 scrupulum,
454 322 486 353 id
504 320 544 350 est
554 319 672 353 levem,
694 319 726 350 δε
744 321 942 351 temerariam
958 322 1124 353 credulita-

138 374 224 401 tem,
243 365 329 407 quod
338 365 424 397 aelus
439 363 474 394 sit
485 361 603 395 malus,
623 363 697 402 quia
707 361 889 402 impossibile
909 362 967 398 est,
989 374 1023 395 ut
1033 365 1120 396 tollat

137 410 170 440 id
178 411 262 450 quod
273 419 337 440 non
347 407 387 439 est
395 427 406 441 ,
428 404 501 437 cum
512 403 648 445 privatio
656 403 865 445 praesupponat
883 406 1025 438 habitum
1034 428 1043 442 ‚
1063 408 1121 446 leg.

136 453 251 484 Decem
261 472 271 487 ,
279 450 318 493 ff.
326 447 410 482 verb.
421 446 544 486 obligat.
555 454 618 487 cap.
627 446 687 479 Ad
695 445 914 488 dcffolwndum
924 469 935 484 ,
944 448 980 481 de
990 449 1121 491 desponfi

138 493 248 534 impub.
258 494 455 534 Opinionem
469 489 544 522 vero
552 511 563 525 ,
583 490 634 522 feu
641 491 856 522 credulitatem
871 494 970 533 magis
980 494 1122 532 probabi-

136 538 197 570 lem
208 559 218 572 ,
233 535 437 570 &discretam
452 535 490 565 de
500 534 619 565 malitia
638 532 746 568 aetus,
765 533 828 565 haec
851 534 994 566 dostrina
1014 536 1120 567 tollere

135 591 202 612 non
222 578 336 621 potest,
357 579 432 618 quia
450 579 533 608 ratio
553 577 636 608 nulla
657 575 750 607 subest
759 596 769 610 ,
790 586 845 608 cur
865 578 936 608 talis
957 579 1121 610 credulitas

137 623 226 665 poffit
243 620 404 662 suspendi,
424 630 478 652 aut
492 619 561 652 tolli
583 630 590 650 ε
612 629 712 660 neque
729 620 815 651 enim
832 620 984 660 possumus
995 623 1033 652 ad
1051 622 1121 653 libi-

137 675 204 698 tum
212 665 437 697 conscientiam
451 663 586 695 nostram
596 662 727 694 formate
738 683 748 697 ‚
769 662 845 703 quia
866 661 1034 695 secundum
1049 663 1121 695 Phi-

135 708 298 749 losophum
305 707 411 748 {aepicis
419 708 553 739 citatum
562 708 594 738 in
605 703 674 738 2.de
682 706 802 737 Anima
810 714 890 737 text.
897 715 909 737 1
916 706 1121 748 53.imagina-

134 753 164 783 ri
172 753 299 792 quidem
308 751 462 792 possumus
472 770 482 784 ,
491 752 524 782 &
534 750 649 790 fingere
658 750 810 790 quidquid
820 749 962 781 volumus
972 761 980 787 3
995 750 1121 791 opinati

133 804 242 826 autem
252 804 316 826 non
325 794 364 826 est
376 796 408 825 in
418 793 509 825 nobis
519 815 528 823 .
548 792 648 824 Unde
656 792 729 834 cum
744 792 873 833 opinio,
894 792 978 833 quod
988 793 1074 826 ael-us
1084 794 1120 825 fit

135 838 242 869 licitus
251 858 260 872 ,
281 837 318 869 sit
326 836 431 868 minus
442 836 605 875 probabilis
615 856 624 870 ,
636 836 668 867 &
679 835 743 876 ejus
753 836 996 869 contradictoria
1007 836 1042 868 sit
1051 847 1120 878 pro-

134 881 286 915 babilior,
308 879 489 921 impossibile
500 879 540 911 est
555 878 650 911 etiam
660 879 858 914 naturaliter,
880 880 913 911 &
924 879 1043 921 physice
1053 900 1062 914 ‚
1085 889 1120 911 ut

133 923 331 958 intelletfihis,
354 921 506 964 proposita
524 924 653 954 veritate
671 921 806 961 objecti,
828 932 891 953 non
908 924 1075 954 inclinetur
1085 922 1119 953 in

132 977 255 1008 partem
272 967 510 1008 probabiliorem
520 986 530 1000 ,
552 965 586 996 in
605 975 665 1006 qua
688 964 756 996 sunt
777 964 907 996 fortiora
927 967 1063 1000 motiva,
1085 975 1119 997 ut

132 1009 255 1052 plenius
271 1008 355 1051 supra
364 1009 398 1040 in
423 1018 446 1039 1.
460 1008 666 1040 fundamento
686 1018 737 1039 nu.
749 1016 816 1046 257.
828 1006 913 1039 Cum
924 1008 1119 1049 igitutliber-

134 1062 182 1084 tas
192 1052 329 1095 eligendi
337 1052 522 1093 opinionem
532 1050 635 1082 minus
647 1051 835 1091 probabilem
845 1052 877 1081 in
888 1051 1039 1082 concursu
1051 1062 1120 1092 pto-

133 1096 310 1130 babilioris,
333 1104 389 1126 nec
401 1095 489 1126 tollat
499 1094 670 1135 scrupulum
681 1114 691 1128 ,
713 1104 768 1125 nec
785 1093 970 1134 opinionem
980 1095 1019 1126 de
1031 1095 1119 1126 mali-

132 1138 274 1171 tia-aeltus
282 1136 492 1187 ffionsequens
501 1137 541 1169 est
553 1158 563 1172 ,
578 1146 611 1169 ut
620 1146 675 1168 nec
688 1136 801 1168 serenet
811 1135 1018 1168 conscientias
1029 1158 1038 1172 ,
1061 1148 1118 1169 nec

132 1191 240 1214 earum
249 1180 332 1212 sanet
343 1181 471 1212 vulnera
481 1201 490 1216 ‚
513 1190 547 1212 ut
558 1190 716 1221 perperam
734 1180 934 1211 conclamant
945 1191 1119 1222 propugna-

131 1234 216 1256 tores
226 1224 487 1265 probabilitatum.
499 1223 592 1266 Qud
601 1233 674 1265 ergo
685 1222 760 1254 facit
770 1223 832 1254 haec
841 1221 986 1254 dostrina
996 1230 1004 1254 Ξ
1016 1225 1119 1256 dicam

130 1269 240 1310 paucis
258 1279 266 1298 ε
286 1267 428 1302 hebetat,
450 1268 635 1299 &obtundit
644 1266 866 1298 conscientias.
889 1265 1004 1298 Dicam
1014 1268 1118 1308 vulga-

129 1310 317 1343 riustefficit
325 1310 532 1342 conscientias
540 1310 650 1352 grossas
660 1330 670 1344 ,
693 1310 834 1349 &largas
843 1330 852 1344 ,
874 1310 949 1342 &in
961 1311 1048 1341 causa
1058 1311 1098 1341 est
1109 1331 1118 1345 ‚

131 1364 168 1386 ut
177 1354 274 1386 homo
283 1353 414 1385 minime
423 1353 563 1394 sequatur
571 1351 730 1385 dictamen
736 1353 869 1384 rationis
879 1373 889 1387 ,
897 1354 929 1385 &
941 1354 1000 1384 incl
1007 1354 1120 1385 inatio—

131 1396 393 1429 nemintellectus
403 1417 413 1432 ,
433 1397 489 1438 qui
499 1396 626 1438 cognita
635 1395 785 1436 opinione
799 1396 994 1436 probabiliori
1005 1418 1015 1431 ,
1035 1397 1120 1438 quod

129 1439 220 1472 aetus
231 1440 266 1471 sit
278 1440 406 1472 illicitus
416 1461 424 1475 ‚
437 1450 500 1471 non
510 1439 604 1481 potest
615 1440 659 1470 illi
670 1450 734 1470 non
745 1440 897 1470 adhaerere
907 1460 917 1474 ,
926 1440 998 1471 cum
1009 1450 1071 1471 non
1084 1440 1120 1471 sit

131 1485 273 1524 potentia
285 1484 398 1519 libera,
421 1483 468 1515 sed
477 1492 607 1524 cogatur
617 1483 655 1513 ab
675 1482 884 1523 intelligibili,
908 1483 984 1514 sicut
995 1482 1120 1515 sensusa

130 1527 285 1562 sensibili,
297 1536 330 1558 ut
341 1527 428 1568 plane
440 1528 601 1567 probatum
612 1525 652 1557 est
663 1524 787 1566 suprain
800 1537 826 1556 2.
837 1536 888 1566 qu.
900 1536 951 1557 nu.
968 1535 1033 1565 155.

173 1568 286 1610 Quare
307 1569 422 1602 elestio
439 1570 600 1610 opinionis
622 1568 725 1599 minus
751 1569 914 1609 probabilis
937 1569 1118 1602 affirmantis

130 1612 240 1645 astum
250 1613 306 1644 esse
315 1614 436 1645 licitum
446 1633 457 1648 ‚
479 1622 542 1643 non
554 1611 593 1643 est
603 1611 689 1643 aestus
699 1612 873 1643 intellecltus
883 1633 893 1647 ,
916 1612 964 1644 seu
974 1615 1119 1653 potentiae

129 1656 328 1688 rationabilis
337 1676 346 1690 ‚
362 1657 408 1688 sed
419 1656 458 1687 est
468 1655 555 1687 astus
563 1656 734 1687 voluntatis
744 1675 754 1689 ,
775 1665 842 1696 quae
853 1655 925 1687 cum
936 1656 969 1687 sit
979 1660 1120 1697 potentia

129 1699 226 1732 libera
236 1719 246 1734 ,
264 1709 300 1730 ex
309 1699 504 1740 perversitate
515 1719 525 1734 ,
546 1699 707 1731 &malitia
716 1698 803 1739 eligit
813 1719 822 1733 ,
842 1701 927 1740 quod
937 1702 1071 1731 deterius
1079 1701 1119 1731 est

128 1742 303 1774 reluctante
314 1742 523 1776 conscientia,
547 1752 582 1773 ac
594 1743 722 1783 proinde
733 1741 867 1773 aedificat
877 1744 913 1774 ad
923 1743 1099 1782 gebennam
1108 1765 1119 1778 ,

127 1794 165 1817 ut
175 1784 247 1817 ind.
256 1796 280 1817 c.
295 1787 356 1818 Per
365 1795 450 1820 tuas,
466 1785 492 1816 il
505 1796 530 1816 2.
542 1784 580 1816 de
597 1788 711 1816 Simon.
721 1786 754 1816 &
766 1787 798 1816 in
817 1795 841 1816 c.
850 1786 1003 1830 Qoniam
1013 1797 1098 1817 omne
1108 1808 1117 1821 ,

126 1828 166 1861 de
178 1827 343 1869 praescript.
353 1830 386 1861 ὅ(
397 1828 514 1861 constat
523 1838 560 1861 ex
571 1827 663 1861 distis
672 1828 685 1859 s
685 1828 756 1870 upra
765 1830 799 1861 in
808 1836 834 1868 5.
847 1828 1050 1862 fundamento
1065 1841 1118 1872 pto

125 1871 186 1904 hac
199 1871 351 1904 sententia
369 1884 398 1904 n.
411 1876 481 1906 260.

172 1916 221 1947 Ad
230 1916 352 1947 motiva
371 1915 494 1951 Bass'aei,
512 1914 599 1957 quod
617 1918 757 1958 expediat
767 1918 842 1949 duas
863 1917 973 1949 habere
985 1919 1050 1949 vias
1063 1928 1119 1958 pro

126 1959 285 1991 mandatis
308 1957 370 1990 Dei
392 1960 596 1999 adimplendis
614 1979 624 1995 ,
656 1960 732 1992 sicut
758 1960 879 2001 expedit
903 1963 977 1992 duas
1007 1961 1117 1992 habete

127 2004 217 2036 vias,
236 2011 303 2042 quae
313 2002 432 2033 ducunt
450 2002 620 2034 Mattitum
638 2013 646 2033 ε
666 2002 881 2044 Respondetnr
901 2004 958 2034 hoc
971 2005 1048 2044 posse
1065 2006 1117 2035 ad-

125 2047 234 2080 mitti,
244 2044 264 2076 si
276 2046 372 2076 ambae
383 2045 476 2077 essent
485 2054 557 2077 tutae
568 2067 575 2075 .
588 2045 630 2077 At
640 2045 691 2077 via
703 2047 954 2086 probabilitatum
964 2067 973 2081 ,
987 2049 1017 2078 ὃς
1028 2048 1117 2079 liber-

126 2097 175 2120 tas
193 2088 328 2129 eligendi
345 2089 531 2129 opinionem
544 2087 647 2120 mimis
665 2090 871 2130 probabilem,
892 2099 959 2130 quae
975 2089 1057 2121 favet
1081 2091 1116 2121 li-

124 2132 240 2163 bertati
252 2151 263 2166 ,
284 2133 318 2163 in
331 2131 483 2162 concursu
504 2132 719 2172 probabilioris
728 2152 737 2167 ,
758 2142 825 2173 quae
843 2132 926 2163 favet
948 2143 1116 2173 praecept0‚

123 2171 303 2206 nulatenus
313 2182 381 2205 tuta
389 2173 450 2208 est,
472 2174 539 2204 imo
547 2176 686 2206 evidenti
706 2175 843 2214 periculo
862 2175 996 2215 expolita
1007 2196 1017 2210 ,
1040 2186 1072 2207 ut
1083 2177 1115 2207 in

122 2216 333 2258 superioribus
343 2216 548 2247 monstratum
567 2216 625 2248 est.
649 2216 777 2259 Qiibus
787 2227 870 2249 nunc
889 2218 1116 2251 addimusillud

122 2259 269 2293 Ptoverb.
277 2264 307 2295 6.
319 2261 349 2291 E
346 2258 376 2299 st
386 2262 442 2291 via
449 2279 459 2293 ,
478 2269 535 2297 que
543 2267 666 2299 apparet
676 2259 790 2292 homini
810 2261 891 2292 ressa
902 2282 912 2295 ,
927 2260 984 2301 sed
993 2262 1115 2303 noviffl-

121 2314 174 2336 ma
182 2301 291 2341 eiusad
300 2301 424 2346 inferna
435 2301 583 2334 deducunt
594 2325 602 2332 .
619 2302 687 2334 Ubi
696 2303 854 2344 Sapientia
866 2304 984 2335 Divina
996 2315 1059 2336 non
1072 2307 1115 2337 lo-

122 2349 232 2387 quitur
239 2348 279 2378 de
286 2346 338 2378 via
349 2347 429 2377 mala
441 2346 608 2378 secundum
618 2346 645 2377 se
655 2367 665 2381 ‚
687 2349 718 2379 &
730 2348 745 2378 a
756 2357 839 2388 parte
850 2349 892 2378 tei
903 2368 912 2382 ,
933 2358 1000 2388 quae
1009 2359 1114 2380 tamen

125 2390 231 2423 certo,
252 2389 520 2422 &invincibiliter
537 2400 661 2430 apparet
671 2389 753 2421 reeta
776 2401 783 2420 :
804 2391 943 2431 alioquin
954 2390 1113 2422 conscien<

123 2434 170 2464 tia
180 2442 308 2464 erronea
316 2442 353 2463 ex
364 2433 542 2473 ignorantia
552 2433 732 2465 invincibili
744 2444 808 2465 non
817 2433 991 2468 excusaret,
1004 2445 1113 2466 contra

121 2477 157 2508 id
167 2496 176 2511 ,
197 2478 283 2517 quod
291 2477 405 2506 docent
414 2478 624 2507 communiter
640 2475 796 2518 Theologi
808 2487 879 2508 cum
892 2477 930 2508 D.
942 2476 1068 2508 Thoma
1080 2481 1113 2508 in

126 2528 154 2552 1.
167 2530 192 2550 2.
205 2529 231 2557 q.
246 2528 292 2555 19.
303 2527 364 2549 art.
374 2521 404 2548 6.
414 2517 483 2550 Nec
495 2519 632 2559 loquitur
641 2521 677 2550 de
687 2522 737 2551 via
757 2530 819 2551 non
829 2519 911 2552 resta
921 2540 931 2555 ,
952 2531 1046 2562 quam
1057 2523 1112 2552 ali-

122 2564 194 2604 quis
205 2562 338 2594 sine-ullo
353 2559 558 2592 fundamento
566 2561 683 2602 judicat
703 2562 838 2594 restam.
863 2563 950 2595 Nam
965 2566 1048 2604 quod
1059 2575 1111 2604 ap-

126 2615 212 2647 paret
230 2605 371 2638 rectum,
392 2613 429 2634 ex
437 2604 545 2644 aliquo
561 2604 765 2637 fundamento
773 2616 898 2647 apparet
913 2609 987 2641 tale,
1011 2618 1036 2638 c.
1048 2608 1113 2645 Ego

116 2649 196 2691 filis
206 2669 216 2683 ,
238 2646 321 2688 vers.
332 2647 426 2678 Alios
436 2657 507 2678 vero
518 2667 527 2681 2
550 2657 577 2683 9-
590 2645 657 2688 dist·
666 2649 698 2678 &
710 2650 883 2689 oppositum
893 2650 934 2680 est
945 2650 1111 2689 imposlibi<

123 2693 152 2723 le
163 2712 173 2726 ,
197 2690 323 2732 utsupra
333 2690 526 2722 ostendimus
537 2699 645 2728 ⁷1·139·
661 2699 727 2729 140.
738 2692 775 2722 ‹7-
794 2693 1092 2734 143.Superestergo
1101 2714 1110 2727 ,

122 2744 158 2767 ut
169 2735 312 2775 loquatur
321 2735 359 2766 de
369 2736 422 2764 via
430 2743 493 2764 non
505 2732 588 2764 resta
598 2732 764 2764 secundum
776 2733 802 2764 se
812 2755 822 2769 ,
842 2746 909 2776 quae
920 2746 983 2766 non
1005 2736 1090 2768 certo
1099 2757 1110 2771 ,

121 2777 175 2810 sed
185 2778 381 2819 probabiliter
391 2776 514 2808 tantum
524 2785 647 2817 apparet
656 2775 740 2807 recta
758 2789 764 2806 :
785 2778 815 2808 id
824 2780 910 2809 enim
932 2779 1053 2819 proprie
1064 2782 1109 2810 di—

121 2823 205 2853 citur
214 2821 389 2862 probabile,
411 2821 494 2861 quod
503 2820 545 2851 est
554 2829 700 2860 appatens
719 2829 825 2850 verum
836 2840 846 2854 ,
869 2830 903 2851 ut
920 2823 954 2851 in
964 2820 994 2851 d.
1007 2833 1032 2853 c.
1044 2824 1109 2861 Ego

117 2862 197 2905 filis
206 2885 214 2894 .
237 2863 275 2895 Et
285 2864 350 2895 haec
359 2863 410 2894 via
419 2873 483 2894 non
491 2864 532 2894 ad
544 2864 677 2894 lauream
689 2862 831 2904 Empytei
842 2883 851 2897 ,
874 2872 907 2894 ut
917 2873 1003 2903 putat
1012 2863 1109 2897 Cara-

121 2908 224 2942 muel‚
247 2906 295 2938 sed
305 2917 341 2938 ex
353 2906 467 2938 divino
484 2905 787 2937 oraculoadinferna
805 2907 929 2937 deducit
940 2927 948 2935 .
970 2907 1017 2937 Ad
1025 2910 1108 2948 quod

119 2950 198 2981 libet
206 2949 318 2981 referre
327 2951 417 2982 verba
431 2949 579 2991 Religiosi
589 2949 649 2980 viri
660 2948 756 2980 Patris
766 2949 911 2980 Gravinae
923 2949 955 2980 in
968 2948 1024 2986 suo
1031 2949 1109 2981 Che-

120 2990 220 3024 rubim
236 2993 382 3036 Paradtfi
403 2990 455 3024 lib.
465 3003 495 3032 4.
513 3001 576 3032 cap.
587 3000 691 3033 5.quae
706 2992 744 3023 sic
755 2992 782 3024 se
794 2993 905 3023 babent
929 3003 936 3022 ε
958 2994 1018 3023 Pro
1028 3002 1109 3024 certo

115 3034 257 3078 statuant
266 3056 276 3071 ,
291 3039 340 3075 qui
349 3038 457 3068 varias
460 3036 589 3077 semitas
597 3037 766 3076 opinionum
774 3034 898 3076 istarum
907 3032 1107 3075 probabilium

120 3079 288 3114 inducunt,
312 3080 361 3111 vel
377 3081 469 3111 varia
491 3081 606 3110 itinera
626 3080 769 3118 aperiunt
788 3077 966 3110 innovandae
989 3081 1107 3110 verita-

119 3124 185 3157 tis,
206 3119 379 3162 &speciem
388 3120 528 3154 bonorum
547 3120 722 3164 ostendunt,
744 3122 819 3159 quod
836 3132 894 3152 non
904 3123 960 3153 viae
977 3120 1106 3154 dicendae

114 3165 190 3207 fiant
205 3185 216 3200 ,
238 3164 295 3205 sed
323 3164 507 3197 diverticula
527 3185 538 3201 ,
567 3164 605 3197 ῥ’
618 3165 736 3206 semitae
752 3185 761 3198 ,
791 3174 847 3202 quae
868 3174 1015 3202 nunquam
1036 3173 1105 3196 tcm-

119 3207 190 3240 dem
205 3207 247 3239 ad
262 3218 351 3239 unum
367 3211 486 3240 exitum
504 3210 712 3239 terminantur
723 3230 730 3237 .
752 3207 880 3241 Utinam
897 3205 1106 3247 institueretur

117 3251 196 3290 quod
226 3252 301 3282 tcuti
308 3252 342 3281 in
352 3250 424 3294 foro
430 3250 614 3291 contentioso
619 3253 808 3291 accipiuntur
818 3253 1015 3282 communiter
1024 3261 1104 3282 rece-

115 3302 172 3335 pta
204 3295 337 3325 ententiae
347 3312 358 3327 ,
379 3295 470 3326 ita&
478 3296 510 3326 in
519 3292 593 3337 foro
611 3295 817 3335 poenitentiali
827 3291 908 3324 idem
918 3292 1103 3334 statueretur

118 3336 246 3369 decretis
258 3335 452 3378 provisi-ais,
470 3335 680 3379 praeftribendo
700 3336 754 3369 has
764 3358 775 3372 ,
796 3348 854 3368 non
871 3337 945 3368 illas
957 3338 1103 3376 recipien-

117 3380 193 3412 das.
250 3382 320 3412 uam
336 3377 407 3411 bene
425 3377 459 3410 id
476 3378 543 3419 effi-t
557 3381 722 3422 consultum
742 3380 901 3422 Ecclefiae!
920 3376 1008 3411 brevi
1025 3388 1102 3412 tem-

113 3431 186 3463 -pore
193 3433 225 3454 re
242 3431 410 3455 ormaretur
419 3421 544 3453 mundus
552 3443 561 3457 ‚
583 3426 632 3461 qui
641 3435 682 3455 ex
691 3425 819 3456 licentia
829 3421 972 3462 opinandi
987 3424 1022 3453 in
1027 3431 1100 3462 prae-

116 3469 270 3506 cepsruit,
292 3467 469 3508 laciffimam
478 3467 565 3496 viam
587 3465 800 3504 ingrediendo,
822 3476 878 3506 1111ae
888 3465 968 3500 ducit
983 3465 1100 3507 adper-

202 3513 338 3549 fagnan.
350 3512 383 3541 in
392 3510 416 3541 l.
429 3506 496 3540 Lib.
509 3509 663 3540 Decretal.

2017 79 2080 141 85

1169 150 1334 182 ditionem.
1356 152 1509 184 Haecille.
1532 151 1696 189 Praeterea,
1711 153 1832 186 finovae
1842 154 1987 188 felicitati
1998 157 2155 194 Ecclesiae,

1167 202 1265 233 quam
1291 203 1478 236 exaggerant
1500 195 1650 228 Moderni
1667 217 1677 232 ,
1705 200 1966 239 congaudendum
1988 200 2027 231 est
2042 221 2054 234 ,
2079 204 2154 241 quia

1169 245 1254 268 nunc
1269 238 1413 268 exuberat
1434 239 1635 271 multitudine
1649 239 1869 281 opinantium,
1888 242 1943 283 qui
1962 242 2086 275 facilius
2102 246 2155 276 de-

1167 280 1288 311 ducunt
1309 281 1347 311 ad
1371 281 1506 312 lauream
1528 281 1673 323 Empyrei
1696 295 1702 313 :
1724 293 1798 325 ergo
1819 286 1889 316 vice
1907 285 1992 316 versa
2015 287 2055 318 est
2077 297 2154 319 con-

1166 322 1334 354 dolendum
1344 322 1524 356 infelicitati
1541 324 1681 357 Ecclesia:
1691 326 1869 359 (seculorum
1891 330 2132 369 praecedentium
2141 351 2151 366 ‚

1166 365 1199 396 &
1211 365 1450 398 fidelesillorum
1460 376 1636 408 temporum
1652 369 1854 402 dicendisunt
1875 371 2059 407 miserrimi,
2076 376 2152 415 'qui-

1167 408 1221 438 bus
1240 407 1303 440 haee
1313 418 1401 449 porta
1421 409 1567 451 Empyrei
1589 410 1648 442 fuit
1665 413 1784 448 clausa,
1805 424 1938 454 quarum
1959 415 2084 456 plurimi
2105 416 2149 447 es-

1165 448 1231 482 sent
1240 452 1399 493 damnati,
1419 455 1494 493 quia
1509 455 1593 494 quod
1604 454 1765 487 honestum
1781 457 1839 491 est,
1861 468 1949 498 turpe
1970 459 2151 491 existiman-

1164 501 1210 524 tes
1226 513 1236 527 ‚
1266 494 1283 524 a
1304 495 1434 534 propriis
1454 495 1672 528 Sacerdotibus
1701 498 1779 530 male
1800 499 1942 532 instrucsti
1971 512 2007 533 ac
2028 504 2150 544 decepti

1163 545 1200 567 ex
1210 535 1401 568 conscientia
1410 547 1538 569 erronea
1557 549 1763 579 peccaverunt
1773 561 1783 575 ,
1806 542 1970 575 secundum
1981 554 2016 576 ea
2031 556 2098 586 quae
2110 547 2151 577 le-

1163 589 1297 620 guntur,
1315 581 1346 611 δε.
1357 589 1506 612 notantur
1522 582 1554 612 in
1563 592 1586 612 c.
1597 584 1658 613 Per
1674 592 1741 614 tuas
1752 604 1761 618 ,
1783 584 1809 615 il
1819 596 1845 616 2.
1854 585 1890 617 de
1904 589 2019 619 Simon.
2031 587 2068 620 (ῥ’
2079 591 2111 621 in
2121 592 2147 627 §.

1163 623 1220 655 Ex
1228 620 1276 654 his
1284 643 1294 657 ,
1308 625 1385 661 18.q.
1393 633 1417 654 1.
1427 625 1460 655 δε
1469 634 1522 664 per
1530 623 1902 664 D.Thomamquodl1b.8.
1912 639 1991 662 arm
2001 640 2025 669 3.
2037 631 2150 664 Infelix

1163 675 1238 707 ergo
1248 664 1308 697 fuit
1318 665 1451 698 Ecclesia
1460 687 1469 702 ,
1486 677 1554 708 quae
1566 667 1740 708 hujusmodi
1750 670 1900 703 laboravit
1910 674 2088 713 ignorantia
2097 686 2149 715 per

1162 709 1343 749 quindecim
1353 709 1477 745 saecula,
1499 710 1521 741 li
1532 720 1615 743 nunc
1636 713 1770 744 dicenda
1779 713 1820 744 est
1837 713 1909 745 felix
1920 725 1956 746 ex
1974 717 2149 751 multitudi-

1164 761 1203 782 ne
1213 752 1413 793 opinantium
1423 775 1431 783 .

1204 792 1324 826 Ad'alia
1340 795 1482 837 objecta,
1498 796 1806 838 quaeadefensotibus
1823 801 2073 841 probabilitatum
2084 805 2148 845 post

1162 837 1328 870 Medinam
1336 841 1369 871 ὃς
1380 840 1521 872 Sanchez
1531 841 1691 874 novissime
1702 843 1872 876 afferuntur
1882 865 1892 879 ,
1902 845 2011 886 nempe
2020 849 2057 878 ad
2069 851 2148 879 ima-

1161 881 1316 922 ginariam
1325 883 1620 916 demonstrationem
1629 884 1824 918 Caramuelis
1834 907 1844 921 ,
1859 889 1896 919 ad
1906 890 2042 929 quinque
2053 891 2149 922 ratio-

1162 934 1216 955 nes
1225 924 1328 956 Marci
1339 926 1428 957 Vidal
1440 946 1450 961 ,
1466 928 1499 958 Se
1509 929 1546 958 ad
1558 927 1671 968 septem
1681 939 1864 970 argumenta
1873 930 2040 971 Rspinulae
2050 953 2059 967 ,
2070 935 2149 966 adae-

1161 968 1253 1008 quate
1261 968 1652 1011 respondetJulMercorus
1662 971 1698 1003 de
1702 970 1982 1013 probabilapinion.
1983 982 2013 1014 p.
2020 979 2146 1008 zar-28.

1203 1010 1252 1041 Ad
1268 1020 1460 1047 extremum,
1482 1023 1517 1045 ut
1533 1017 1642 1045 omnia
1657 1015 1691 1046 in
1709 1015 1913 1056 superioribus
1930 1019 2148 1060 quaestionibus
2170 1030 2230 1060 422

1161 1054 1322 1086 enucleata
1332 1056 1364 1086 in
1372 1058 1596 1097 compendium
1604 1060 1783 1099 redigantur
1795 1071 1802 1090 ε
1814 1059 1832 1090 si
1844 1064 1954 1101 quaeris
1963 1082 1973 1096 ,
1986 1072 2025 1093 an
2036 1064 2069 1093 in
2079 1074 2149 1094 om-

1161 1098 1194 1127 ni
1205 1100 1334 1129 materia
1351 1100 1407 1129 tibi
1420 1098 1503 1139 sequi
1522 1100 1612 1131 liceat
1628 1111 1857 1143 quamcumque
1875 1107 2060 1144 opinionem
2078 1117 2147 1146 pto-

1163 1139 1310 1174 babilem‚
1332 1141 1485 1181 distingue
1497 1153 1503 1172 ε
1516 1143 1712 1182 Autquaeffio
1722 1145 1762 1174 est
1772 1147 1808 1176 de
1819 1146 1866 1176 his
1878 1167 1886 1180 ,
1908 1158 1975 1187 quae
1985 1150 2022 1179 ad
2032 1149 2145 1184 fidem,

1161 1192 1214 1213 aut
1225 1192 1325 1213 mores
1337 1193 1399 1214 non
1413 1186 1566 1224 pertinent
1588 1196 1595 1215 :
1616 1187 1691 1217 &in
1709 1186 1895 1220 hislibcrum
1907 1190 1946 1221 est
1963 1192 2019 1222 tibi
2031 1193 2148 1233 ample-

1161 1224 1206 1256 sti
1216 1236 1311 1266 quam
1322 1228 1466 1258 malueris
1482 1229 1684 1266 opinionem,
1707 1231 1915 1263 etiamminus
1938 1235 2146 1273 probabilem,

1162 1268 1329 1300 secundum
1339 1270 1541 1310 eaquaedic'ta
1560 1275 1626 1302 lunt
1638 1272 1720 1312 rupti
1732 1283 1817 1304 num.
1833 1282 1877 1312 15.
1889 1275 2002 1308 Autest
2019 1279 2146 1318 quaestio

1161 1312 1197 1343 de
1208 1311 1254 1342 his
1264 1322 1330 1352 quae
1353 1312 1538 1353 speciantad
1560 1314 1671 1348 fidem,
1693 1326 1744 1346 aut
1759 1326 1859 1347 mores
1882 1329 1889 1347 ε
1910 1320 1943 1350 Sc
1962 1320 2147 1353 tuncsubdi-

1161 1354 1279 1395 stingue
1291 1377 1298 1385 .
1322 1355 1408 1387 Nam
1419 1367 1472 1388 aut
1481 1359 1583 1398 agitur
1592 1359 1629 1388 de
1640 1361 1778 1389 articu.is
1798 1361 1836 1390 ab
1846 1360 1978 1393 Ecclesia
1987 1363 2146 1402 diffinitis·‚

1160 1398 1194 1429 &
1216 1398 1339 1430 consule
1362 1400 1498 1439 regulam
1520 1400 1590 1431 fidei
1612 1421 1622 1435 ,
1653 1402 1683 1432 ὅ(
1710 1405 1830 1442 sequere
1853 1405 1974 1435 decreta
1995 1405 2119 1438 Parrum
2141 1419 2148 1438 :

1161 1441 1301 1482 alioquin
1324 1442 1343 1472 si
1375 1442 1528 1473 adim-eas
1550 1443 1694 1483 opinioni
1717 1445 1846 1485 alicujus
1877 1446 2018 1488 Magistri
2040 1460 2149 1481 contra

1160 1484 1357 1515 manifestum
1367 1483 1530 1525 Scripturae
1554 1486 1785 1522 testimonium,
1809 1499 1861 1520 aut
1871 1501 1979 1521 contra
1991 1492 2041 1526 id,
2062 1495 2146 1533 quod

1161 1526 1281 1568 publice
1304 1537 1425 1559 tenetur
1449 1528 1616 1560 secundum
1638 1529 1777 1562 Ecclesiae
1800 1533 2020 1565 authoritatem
2043 1556 2052 1569 ,
2083 1547 2147 1568 non

1161 1574 1275 1611 poteris
1286 1572 1323 1602 ab
1343 1574 1454 1603 erroris
1466 1573 1547 1603 vitio
1561 1572 1719 1608 excusari,
1740 1585 1772 1605 ut
1781 1576 1897 1607 constat
1907 1587 1942 1608 ex
1954 1578 2049 1610 dictis
2059 1589 2146 1610 num.

1165 1623 1293 1650 19.cum
1302 1616 1420 1646 duobus
1441 1615 1649 1657 sequentibus.
1676 1618 1739 1649 Aut
1755 1620 1876 1650 articuli
1896 1630 1961 1651 non
1977 1620 2044 1653 sunt
2065 1622 2145 1653 diffi-

1160 1659 1220 1688 niti
1243 1660 1280 1689 ab
1303 1658 1455 1694 Ecclesia,
1477 1662 1508 1691 &
1531 1669 1605 1691 tunc
1629 1670 1661 1692 ut
1684 1660 1758 1692 scias
1778 1664 1867 1693 omni
1888 1673 1960 1694 cum
1983 1663 2147 1697 securitate

1160 1700 1356 1733 conscientia:
1365 1705 1401 1733 ad
1414 1703 1531 1743 praxim
1543 1705 1711 1739 deducere,
1735 1708 1858 1738 attende
1868 1707 2052 1748 diligenter,
2070 1709 2143 1740 cum

1160 1746 1215 1775 tibi
1226 1748 1361 1776 occurrit
1372 1747 1473 1787 aliqua
1482 1750 1708 1783 controversia,
1728 1760 1780 1781 aut
1790 1750 1805 1781 a
1816 1760 1845 1782 re
1856 1751 2019 1782 consilium
2030 1754 2143 1792 petitur

1160 1789 1192 1818 in
1205 1791 1333 1820 materia
1343 1791 1379 1820 ad
1391 1801 1492 1821 mores
1502 1794 1673 1831 pertinente
1682 1812 1692 1826 ‚
1714 1792 1734 1823 si
1747 1796 1792 1824 vis
1802 1796 1971 1834 periculum
1995 1797 2122 1827 evadere
2131 1817 2141 1832 ‚

1160 1831 1222 1862 haec
1241 1832 1382 1864 observa.
1408 1833 1546 1865 Primum
1570 1837 1683 1866 invoca
1699 1836 1843 1868 divinum
1862 1839 2032 1873 auxilium,
2054 1850 2092 1870 ne
2114 1849 2145 1872 te

1159 1886 1257 1906 errare
1269 1878 1444 1916 permittat,
1468 1877 1695 1911 secundumid,
1717 1882 1799 1919 quod
1810 1882 1918 1912 docuit
1929 1882 1957 1912 S.
1968 1882 2085 1914 Thom.
2096 1882 2145 1914 su-

1160 1921 1266 1958 pracit.
1279 1929 1362 1950 num.
1378 1930 1443 1957 115.
1455 1922 1485 1951 &
1505 1931 1575 1951 mox
1589 1928 1674 1962 super
1690 1923 1855 1962 quaellione
1867 1925 1936 1958 illa,
1959 1927 2058 1966 inqua
2067 1936 2144 1957 con-

1160 1961 1252 1993 sulere
1268 1972 1320 1993 aut
1331 1963 1468 2003 judicare
1485 1965 1594 1998 debes,
1617 1970 1780 2006 aggredere
1791 1966 1993 2006 opinionem,
2013 1979 2080 2009 quae
2091 1979 2145 2000 ne-

1157 2015 1211 2044 gat
1220 2005 1325 2037 astum
1344 2006 1548 2041 eiselicitum,
1571 2008 1603 2039 &
1616 2009 1872 2048 periculovacat,
1893 2014 2078 2042 &examina
2095 2013 2143 2044 di-

1159 2049 1289 2088 ligenter
1312 2050 1392 2079 illius
1415 2053 1558 2081 motiva:
1578 2054 1610 2082 &
1637 2051 1655 2081 li
1679 2052 1844 2093 agnoveris
1859 2063 1928 2084 eam
1946 2064 2010 2085 non
2033 2055 2143 2087 babere

1158 2093 1476 2126 rationesiuasibiles,
1499 2094 1544 2124 vel
1555 2094 1951 2131 authoritatesmoventes,
1973 2107 2047 2129 tunc
2066 2109 2142 2130 con-

1158 2145 1258 2165 vertas
1277 2145 1305 2165 te
1322 2137 1358 2165 ad
1380 2136 1564 2175 opinionem
1583 2137 1771 2177 oppositam,
1793 2149 1860 2179 qux
1882 2139 2012 2172 affirmat
2036 2141 2142 2173 adium

1157 2178 1212 2208 ess'e
1237 2178 1379 2212 licitum,
1402 2180 1433 2209 ὃ(
1458 2180 1527 2210 idco
1544 2180 1583 2210 est
1604 2182 1739 2220 periculo
1758 2183 1911 2222 exposita,
1934 2194 2142 2225 accuratoque

1157 2220 1257 2251 studio
1274 2226 1428 2260 expende,
1450 2224 1482 2253 ὅ(
1495 2222 1763 2259 discuteleorsim,
1785 2228 1816 2257 ὅ(
1840 2225 2018 2267 singillatim
2031 2238 2140 2259 unam-

1155 2274 1309 2305 quamque
1329 2267 1481 2296 rationem
1501 2267 1544 2296 illi
1564 2265 1720 2298 faventem
1740 2279 1747 2298 :
1768 2270 1800 2300 δι
1817 2269 1870 2300 ubi
1888 2272 2071 2311 cognoveris
2089 2281 2139 2301 eas

1155 2306 1210 2337 else
1235 2308 1384 2339 lualibiles
1406 2328 1415 2342 ,
1447 2308 1496 2339 seu
1519 2311 1688 2349 proba-biles
1705 2331 1717 2345 ,
1737 2320 1811 2342 tunc
1834 2313 1900 2343 illas
1920 2323 2028 2344 omnes
2052 2313 2138 2343 simul

1155 2350 1310 2391 conjunge
1331 2371 1341 2385 ,
1369 2362 1403 2382 ac
1427 2354 1544 2383 trutina
1575 2353 1748 2385 ‘intellectus
1773 2354 1874 2386 scdulo
1905 2356 1937 2385 in
1961 2356 2137 2386 universum

1156 2397 1306 2433 perpende
1327 2405 1334 2424 ε
1356 2396 1387 2425 &
1408 2394 1426 2425 si
1439 2396 1497 2426 illis
1518 2395 1602 2426 simul
1623 2396 1756 2437 junctis,
1776 2400 1809 2428 &
1828 2398 1862 2427 in
1880 2407 1976 2427 unum
1993 2399 2136 2429 conflatis

1155 2436 1246 2477 usque
1262 2437 1340 2468 adeo
1357 2438 1529 2478 acquiescat
1547 2438 1721 2470 intellectus
1743 2449 1832 2473 tuus,
1854 2448 1886 2470 ut
1905 2440 2080 2480 concipiat,
2102 2443 2137 2473 δε

1154 2480 1360 2519 apprehendat
1381 2481 1497 2511 remita
1520 2482 1592 2514 eise,
1614 2483 1646 2512 δε
1668 2481 1853 2521 judicetsine
1876 2482 1936 2513 ulla
1955 2485 2136 2523 trepidatio-

1154 2532 1191 2552 ne
1210 2533 1246 2553 ac
1264 2522 1431 2553 formidine
1453 2525 1636 2563 opinionem
1658 2524 1740 2554 illam
1762 2524 1817 2555 esse
1837 2534 1960 2561 veram3
1984 2526 2135 2567 intrepidi}

1152 2575 1220 2595 eam
1233 2565 1364 2605 sequaris
1375 2585 1383 2598 ,
1405 2568 1477 2605 quia
1488 2569 1631 2606 quamvis
1643 2576 1705 2597 non
1718 2567 1752 2597 sis
1763 2570 1912 2599 cer·tus·de
1933 2569 2013 2600 illius
2023 2572 2135 2601 verita-

1153 2617 1184 2638 te
1194 2618 1245 2647 per
1253 2610 1295 2638 tei
1305 2608 1496 2639 evidentiam
1506 2629 1514 2642 ,
1526 2609 1575 2640 seu
1587 2609 1878 2641 demonstrationem
1889 2631 1898 2645 ,
1920 2622 2013 2651 quam
2024 2615 2054 2643 in
2068 2623 2133 2643 mo-

1152 2652 1265 2682 ralibus
1281 2661 1415 2691 quaerere
1425 2651 1573 2682 vitiosum
1588 2652 1647 2688 (τῆς
1669 2662 1778 2684 ramen—
1794 2663 1893 2685 certus
1904 2664 1935 2685 es
1955 2657 2112 2687 moraliter
2123 2676 2132 2690 ,

1152 2694 1226 2724 cum
1235 2695 1341 2725 exiliis
1352 2695 1554 2734 probabilibus
1565 2695 1727 2736 consurgat
1738 2717 1747 2730 ,
1768 2698 1799 2728 ὃς
1811 2706 1974 2736 generetur
1984 2700 2018 2729 in
2028 2708 2057 2730 te
2066 2709 2132 2730 cer-

1152 2736 1255 2768 titudo
1276 2738 1362 2771 talis‚
1383 2747 1450 2778 quae
1465 2737 1615 2769 sufficiens
1637 2739 1675 2769 est
1697 2741 1734 2770 ad
1758 2738 1838 2770 reoste‘
1854 2742 2046 2780 operandum
2066 2752 2073 2772 :
2095 2753 2132 2774 ac

1152 2782 1280 2820 proinde
1298 2782 1377 2811 bona
1387 2791 1459 2811 cum
1470 2780 1660 2812 conscientia
1682 2792 1765 2821 potes
1777 2784 2056 2822 opinionemillam
2065 2796 2131 2816 am-

1152 2821 1243 2862 plecti
1253 2843 1262 2857 ‚
1284 2824 1493 2854 &secundum
1504 2834 1571 2855 eam
1583 2826 1710 2864 prxbere
1723 2826 1883 2856 consilium
1895 2829 2028 2867 petenti,
2040 2838 2130 2868 prout

1150 2866 1213 2897 haec
1225 2867 1355 2906 patenta
1373 2877 1459 2897 num.
1472 2871 1519 2903 98.
1531 2867 1623 2907 usque
1633 2870 1668 2898 ad
1679 2878 1761 2898 num.
1778 2877 1809 2898 11
1820 2878 1844 2898 1.
1855 2871 1886 2900 &
1905 2870 2068 2910 praesertim
2078 2881 2128 2902 nu.

1155 2912 1265 2944 109.&
1289 2919 1356 2942 110.
1367 2909 1423 2940 Sed
1442 2909 1461 2940 si
1477 2913 1640 2951 agnoveris
1657 2910 1734 2941 hanc
1759 2921 1874 2950 partem
1896 2912 2004 2944 habere
2027 2925 2080 2954 pto
2103 2914 2128 2944 se

1149 2962 1245 2983 unam
1263 2951 1386 2983 tantum
1403 2955 1557 2983 rationem
1577 2953 1780 2993 probabilem,
1801 2963 1853 2985 aut
1871 2956 1968 2995 plures
1982 2960 2127 2996 quidem,

1150 2994 1197 3026 sed
1215 3005 1278 3026 non
1295 2995 1374 3025 tanti
1395 2998 1557 3035 ponderis,
1580 2997 1664 3026 uteis
1682 2996 1777 3026 etiam
1795 2997 1880 3028 simul
1898 2998 2012 3039 juntflzis
2035 3000 2126 3030 intel-

1149 3037 1244 3069 lectus
1266 3047 1337 3068 tuus
1357 3038 1491 3069 omnino
1507 3038 1697 3079 acquiescat,
1719 3040 1751 3070 ὃς
1773 3042 1808 3070 ad
1824 3050 1875 3071 eas
1897 3042 2075 3082 simpliciter
2096 3040 2124 3072 se

1146 3082 1331 3111 determinet
1346 3100 1356 3114 ,
1379 3080 1427 3112 fed
1449 3081 1570 3112 tantum
1593 3081 1770 3112 assentiatur
1790 3083 1942 3115 fluctuans
1960 3106 1969 3119 ,
1999 3087 2031 3116 &
2054 3091 2126 3115 cum

1146 3125 1356 3163 trepidatione
1371 3134 1406 3154 ac
1422 3123 1589 3154 formidine
1604 3126 1642 3154 de
1657 3124 1738 3156 illius
1747 3128 1878 3158 veritate
1895 3138 1902 3158 z
1925 3129 1958 3158 δε
1977 3127 2035 3158 hoc
2052 3125 2124 3157 casu

1145 3166 1255 3197 adhibe
1265 3166 1480 3207 diligentiam,
1502 3176 1541 3196 an
1560 3166 1650 3206 possis
1663 3166 1862 3200 formidinem
1878 3170 1962 3201 illam
1984 3170 2126 3208 explode-

1145 3219 1196 3243 re,
1217 3211 1250 3240 &
1271 3208 1403 3248 abjicere
1425 3221 1431 3239 :
1453 3211 1484 3240 δι
1501 3209 1655 3249 quidemst
1675 3210 1733 3242 hoc
1744 3212 1855 3252 assequi
1875 3214 2026 3252 porueris,
2049 3221 2126 3243 tunc

1144 3262 1180 3283 ea
1200 3251 1320 3292 explosa
1337 3271 1347 3285 ,
1370 3254 1482 3291 poteris
1503 3251 1571 3283 tuto
1594 3251 1675 3293 sequi
1699 3257 1841 3286 eamdem
1860 3254 2042 3293 opinionem
2061 3275 2071 3289 ,
2091 3256 2124 3286 δεῖ

1142 3295 1228 3336 juxta
1249 3304 1316 3325 eam
1339 3295 1494 3325 consulere
1510 3305 1519 3330 3
1537 3297 1611 3335 quia
1633 3296 1784 3336 judicium
1807 3307 1892 3327 tuum
1915 3316 1924 3330 ,
1953 3299 2037 3337 quod
2059 3308 2124 3329 ma-

1143 3347 1236 3369 nente
1253 3337 1419 3368 formidine
1441 3346 1507 3368 erar
1524 3339 1696 3378 probabile,
1717 3350 1752 3370 ea
1772 3339 1925 3379 deposita,
1946 3339 2056 3371 desinit
2078 3340 2120 3371 es-

1143 3380 1260 3414 ferale,
1281 3379 1436 3419 &incipit
1446 3380 1649 3416 effecertum,
1673 3392 1707 3412 ea
1719 3381 1805 3421 plane
1826 3381 2121 3422 certitudinequam

1141 3423 1371 3464 exigitmoralis
1381 3425 1509 3454 materia
1520 3445 1527 3453 .
1551 3423 1588 3455 Et
1599 3424 1649 3455 hic
1668 3423 1787 3464 proprie
1798 3424 1836 3455 est
1846 3424 1931 3456 casus
1946 3434 2009 3465 cop.
2022 3428 2121 3463 lnqui-

1133 3467 1243 3508 fitioni
1252 3485 1262 3501 ,
1283 3464 1364 3505 vcrſs
1375 3465 1543 3507 Insecundo
1551 3466 1587 3498 de
1595 3466 1676 3507 sent.
1687 3477 1798 3499 emam.
1809 3467 1852 3540 Ast
1861 3467 1881 3499 si
1890 3471 1979 3500 omni
1990 3469 2121 3517 diligen—

1835 3522 1841 3529 ¹
1890 3520 1904 3551 3
2035 3521 2077 3541 tia
