2397 3664
64 418 125 447 1c9

687 61 786 128 De
806 60 1118 127 constitut.
1152 79 1200 120 c.
1234 39 1332 125 ,Ne
1368 64 1634 141 innitaris..-

148 151 272 195 prorsus
292 153 421 183 damnat
430 147 519 182 usum
541 149 795 192 probabilitatum
811 158 850 179 eo
866 150 980 182 inodo,
1000 157 1065 189 quo
1081 148 1135 179 ad-

147 198 285 229 mittitur
293 194 309 227 a
318 194 493 231 modernis3
511 195 545 226 &
553 193 748 225 concordant
757 189 881 223 Catena
896 189 933 223 de
943 191 1017 232 offic.
1025 191 1135 229 Δ,ςιιηῐὴ

147 239 288 282 Inqmfit.
296 247 379 279 part.
392 249 418 269 2.
429 239 480 269 tit.
493 244 518 276 5.
531 238 557 273 §.
567 245 596 274 4.
607 236 642 266 δε
656 234 753 275 Julius
763 234 928 266 Mercorus
949 235 984 266 in
1001 233 1137 272 tradiatu

147 282 212 324 post
219 282 330 323 scripta
340 281 440 313 nostra
449 277 592 320 impreffo
599 275 636 309 de
643 274 858 317 probabilitate
867 279 1038 317 opinionum
1051 285 1135 318 part.

150 335 178 356 1.
188 326 240 357 ubi
250 324 334 357 sacili
344 346 354 360 ,
376 324 502 356 &clara
511 319 662 352 methodo
677 318 816 355 erudite,
837 330 873 352 ac
881 320 1006 353 strenue*
1022 331 1078 362 pro
1085 330 1136 352 ea-

145 369 220 400 dem
230 367 383 400 sententia
397 373 532 406 pugnat·
607 386 610 391 -
1050 383 1070 403 3
1092 392 1094 396 ,

187 411 327 454 Superest
335 418 437 442 nunc,
458 416 492 438 ut
507 405 746 447 respondeamus
756 407 796 439 ad
813 416 998 448 argumenta
1012 417 1136 440 contra-

148 454 196 486 ria
211 474 221 489 ,
250 454 460 495 pto‘quorum
480 449 632 481 solutione
653 452 792 491 primum
809 451 956 484 omnium
977 452 1136 483 advertere

144 507 287 538 oportet,
308 495 428 527 duobus
438 494 539 525 modis
550 493 628 534 posse
645 494 851 534 contingere,
872 503 907 525 ut
917 504 954 525 ex
974 495 1136 535 opinioni-

145 541 202 572 bus
210 538 356 580 oppositis
364 537 477 578 aliquis
494 537 608 576 judicet
617 546 713 568 unam
722 535 847 568 tantum
862 537 918 568 esse
928 537 1117 577 probabilem
1127 558 1135 566 .

144 582 271 616 Primo,
291 580 408 614 scilicet
424 580 501 612 cum
510 580 696 611 examinatis
718 578 862 612 accurate
872 581 1002 612 motivis
1025 579 1136 611 utrius-

144 636 205 667 que
225 624 339 666 partis,
360 623 500 665 agnoscit
519 624 657 656 rationes
678 622 853 657 suasibiles,
872 624 907 655 &
928 622 1136 654 authoritates

143 678 306 700 moventes
328 667 402 698 stare
422 677 479 708 pro
499 666 552 698 illa
573 664 697 698 tantum
717 666 870 707 opinione
883 686 894 701 ,
914 676 983 707 qua:
1002 665 1136 698 affirmat

143 710 251 742 astum
267 711 325 742 effe
347 711 487 745 licitum,
508 711 698 742 contrariam
718 708 795 741 vero
804 709 861 741 effe
884 711 1080 745 rationibus,
1100 710 1135 742 δε

164 753 387 786 uthoritatibus
396 754 573 789 destitutam
582 775 590 782 .
612 752 652 784 Et
661 752 721 784 hoc
732 754 836 793 primo
844 751 916 785 casu
936 753 1135 785 admittimus

142 765 237 829 licere
245 799 431 838 opinionem
440 797 527 829 illam
535 795 634 837 sequi,
656 797 801 837 quamvis
810 796 951 837 opposita
971 796 1008 828 fit
1017 798 1115 829 tutior
1126 818 1134 826 .

142 839 245 872 Ratio
251 840 312 875 est,
332 850 401 881 tum
408 841 482 883 quia
491 840 602 881 opinio
612 839 663 877 illa
671 838 794 880 proprie
804 849 870 872 non
884 841 974 872 debet
983 841 1048 873 dici
1066 849 1136 881 pro-

144 884 271 919 babilis,
293 883 344 915 sed
359 884 577 924 magisopinio
592 892 685 917 vera,
706 884 744 914 de
763 893 826 924 qua
834 883 973 924 loquitur
993 882 1134 915 Philoso-

145 926 223 967 phus
233 928 265 958 in
285 926 475 960 2..deanzma
494 935 575 966 text.
589 934 656 965 152.
667 925 746 958 Non
768 928 856 958 enim
865 926 962 967 potest
982 926 1039 957 effe
1059 936 1135 958 cum

144 969 326 1004 formidine,
335 979 374 1001 ne
385 979 454 1010 pars
464 968 602 1011 opposita
610 979 683 1002 vera
692 969 740 1005 sit,
749 969 824 1003 cum
831 968 1008 1002 intelleetus
1016 979 1135 1010 cogno-

140 1013 208 1051 ,scat
226 1012 398 1054 oppositam
407 1013 464 1044 esse
481 1013 658 1045 destitutam
665 1013 859 1048 rationibus,
880 1014 914 1046 &
933 1013 1136 1045 authoritati-

144 1057 219 1093 bus3
239 1058 273 1089 &
281 1054 352 1099 ideo
362 1055 408 1087 illi
417 1066 482 1087 non
492 1057 642 1088 convenit
651 1055 800 1088 diffinitio
815 1057 997 1097 opinionis,
1016 1066 1085 1097 qua:
1094 1055 1135 1087 est

142 1101 286 1141 acceptio
307 1100 400 1136 unius
409 1100 505 1139 partis
525 1098 776 1131 cumformidine
796 1099 943 1134 alterius,
966 1108 1004 1135 ut,
1023 1109 1075 1140 per
1092 1098 1134 1130 D.

105 1138 107 1140 ¹
142 1142 317 1174 Bonavent.
326 1141 362 1173 in
387 1151 414 1182 3¹.
424 1140 584 1184 spnt.dist.
595 1140 805 1183 24.quaest.z4.
824 1141 905 1183 vers.
916 1144 998 1174 Item
1016 1144 1114 1183 opinio
1125 1162 1135 1176 ,

61 1837 118 1861 110

142 1193 214 1217 ante
222 1196 251 1216 n.
263 1193 310 1225 33.
320 1184 408 1218 Tum
416 1187 491 1226 quia
501 1187 616 1218 cumin
630 1185 800 1217 moralibus
810 1195 874 1217 non
885 1185 1061 1226 requiratur
1069 1195 1136 1217 cer-

143 1227 247 1260 titudo
255 1228 403 1263 evidens,
425 1228 476 1260 seu
485 1229 725 1263 mathematica,
747 1228 817 1261 imo
833 1229 984 1261 vitiosum
994 1229 1030 1260 sit
1050 1229 1135 1261 illam

140 1281 294 1312 quaerere,
315 1271 388 1304 teste
403 1270 590 1314 philosopho
605 1271 641 1304 in
658 1270 800 1304 1.Ethic.
811 1282 836 1304 c.
848 1281 875 1312 3.
892 1273 926 1304 &
949 1271 1070 1314 plenius
1081 1272 1132 1304 di-

141 1315 229 1346 ctum
238 1315 278 1347 est
288 1314 356 1355 sup.
365 1327 397 1348 n.
406 1323 456 1354 50.
469 1321 506 1348 (5
516 1323 564 1355 51.
573 1316 601 1347 is
610 1336 620 1350 ,
639 1315 695 1356 qui
706 1316 895 1347 determinat
904 1315 932 1348 se
942 1317 980 1347 ad
990 1325 1088 1347 unum
1099 1315 1136 1347 fi-

142 1368 181 1389 ne
192 1357 252 1389 ulla
263 1357 433 1390 formidine
449 1359 619 1393 contrarii,
640 1359 750 1399 utique
766 1360 919 1391 moralem
930 1359 1021 1391 habet
1042 1361 1136 1391 certi-

142 1403 286 1433 tudinem
295 1401 474 1443 requisitam
481 1404 519 1434 ad
528 1400 610 1434 recte
619 1403 814 1443 operandum
823 1421 833 1437 ,
856 1411 889 1434 ut
901 1412 952 1443 pet
962 1402 1003 1433 D.
1016 1401 1134 1434 Thom.

141 1445 175 1476 in
188 1453 213 1484 3.
216 1444 351 1486 sentent.
360 1443 452 1486 dest-2
457 1454 483 1486 3.
493 1443 618 1487 quaest.2.
628 1454 690 1477 art.
703 1458 731 1478 2.
740 1444 865 1487 quaest.3.
876 1445 963 1477 Tum
973 1448 1048 1486 quia
1058 1447 1136 1477 alio-

138 1489 217 1528 quin
225 1488 304 1520 nihil
314 1498 405 1530 agere
420 1488 590 1530 possemus,
611 1490 645 1521 &
655 1487 742 1520 Deus
757 1487 952 1530 requirereta
968 1489 1060 1521 nobis
1075 1491 1137 1521 im-

140 1529 294 1571 possibilia
311 1542 319 1563 ε
341 1534 461 1564 etenim
468 1532 603 1564 omnino
618 1531 800 1572 impoffibile
812 1531 853 1564 est
862 1533 1009 1563 omnium
1017 1532 1136 1563 essede-

140 1574 417 1609 monstrationem,
438 1584 473 1606 ut
491 1575 603 1616 legitur
620 1574 850 1614 inti-Metapa
872 1586 897 1607 c.
910 1586 937 1606 2.
950 1573 1016 1616 post
1033 1576 1135 1615 princ.

140 1615 227 1649 Tum
235 1620 309 1659 quia
326 1617 400 1650 cum
409 1627 447 1649 ex
463 1619 581 1650 duabus
599 1620 803 1658 opinionibus
819 1620 857 1650 de
868 1620 977 1650 eodem
991 1627 1135 1659 oporteat

140 1670 236 1692 unam
247 1661 304 1692 esse
314 1671 438 1696 veram,
460 1661 587 1692 alteram
599 1660 723 1697 falsam,
745 1671 780 1694 ut
795 1672 848 1702 per
860 1661 902 1693 D.
913 1661 1032 1694 Thom.
1044 1660 1136 1699 quod-

139 1700 193 1735 lib.
203 1706 232 1736 8.
241 1714 302 1735 art.
318 1713 363 1744 13.
374 1706 400 1735 is
409 1725 419 1739 ,
439 1704 622 1745 quijudicat
632 1715 729 1736 unam
751 1714 870 1746 partem
880 1705 937 1737 effe
948 1704 1074 1739 falsam,
1096 1703 1135 1735 eo

138 1746 223 1787 quod
234 1757 298 1779 non
308 1746 416 1779 habeat
426 1757 482 1788 pro
491 1747 520 1779 se
529 1748 605 1780 ullas
615 1749 753 1779 rationes
769 1748 921 1780 suasibiles
929 1768 940 1782 ,
963 1748 1012 1779 vel
1023 1747 1136 1780 autbo-

140 1792 246 1821 ritates
264 1791 395 1830 alicujus
412 1791 587 1826 momenti,
609 1791 643 1822 in
662 1791 861 1824 necessariam
878 1791 1136 1832 consequentiam

141 1833 257 1872 judicat
267 1834 323 1864 esse
339 1844 445 1866 veram
456 1833 540 1865 illius
559 1834 859 1866 contraditftoriarn.
884 1834 971 1866 Tum
981 1835 1135 1874 denique,

137 1875 212 1917 quia
229 1877 384 1909 sslicitum
402 1877 442 1908 est
453 1876 537 1918 sequi
558 1879 745 1918 opinionem
767 1878 1025 1918 probabiliorem,
1046 1878 1135 1918 cujus

138 1919 278 1960 opposita
287 1920 328 1951 est
337 1921 522 1961 probabilis,
546 1929 579 1952 ut
596 1922 712 1961 patebit
720 1920 802 1953 infra
822 1921 856 1952 in
878 1930 904 1961 3.
916 1919 1136 1962 quaest.princi-

133 1963 203 2003 pali
212 1973 221 1999 3
243 1962 343 1994 multo
353 1962 465 1995 sortitis
476 1963 599 1995 licitum
609 1964 650 1995 est
661 1963 744 2005 sequi
755 1964 948 2006 probabilem
958 1984 968 1998 ,
980 1964 1070 2004 cujus
1080 1973 1136 2004 op-

139 2004 237 2047 posita
245 2005 284 2037 est
293 2006 507 2047 improbabilis
517 2017 524 2038 :
536 2016 611 2038 nam
618 2006 758 2047 tespetstu
769 2007 983 2048 improbabilis
993 2026 1004 2041 ,
1023 2008 1137 2047 opinio

138 2049 305 2089 probabilis
323 2051 388 2081 dici
397 2049 493 2090 potest
515 2050 723 2091 probabilior,
744 2048 847 2083 Clem.
858 2052 935 2082 unic.
948 2047 1041 2090 §.fim
1053 2049 1135 2089 verſs

138 2093 322 2131 Opinionem
335 2091 521 2133 secundam,
541 2091 579 2123 de
599 2095 727 2124 Summa
737 2093 923 2127 Trinitate,
945 2090 982 2124 0²·
998 2090 1065 2133 fide
1073 2095 1135 2125 Ca·

139 2137 274 2170 thotica,
294 2146 318 2167 c.
341 2136 545 2175 Capelianus,
566 2134 648 2175 vetss
657 2134 721 2167 Sed
738 2135 886 2176 posterior
899 2135 1076 2175 sententia,
1097 2133 1135 2166 de

131 2176 245 2220 feriis,
265 2187 332 2208 cum
340 2176 609 2211 concordantibus,
630 2176 669 2209 de
688 2176 791 2215 qulbus
799 2176 888 2220 infrj
908 2189 958 2209 nu.
972 2187 1040 2215 270.
1053 2177 1133 2218 vers.

136 2222 410 2253 Decimumnonum
411 2218 648 2262 fundamentum
657 2241 664 2249 .
687 2220 725 2252 Et
737 2220 796 2252 hoc
808 2222 910 2261 primo
921 2220 992 2252 casu
1004 2241 1013 2255 ,
1025 2223 1080 2262 qui
1090 2221 1134 2253 se-

135 2263 436 2305 quituropinionem
448 2262 678 2303 specificantein
693 2263 800 2295 adium
818 2274 876 2305 pro
886 2263 993 2299 licito,
1017 2264 1133 2297 nonest

137 2307 338 2348 imprudens,
361 2316 418 2337 nec
437 2308 565 2347 exponit
576 2305 603 2336 se
622 2305 815 2341 discrimini,
838 2317 939 2348 neque
950 2318 985 2338 ex
1007 2318 1133 2339 contra-

136 2353 247 2382 rietate
255 2349 443 2390 opinionum
452 2351 486 2380 in
494 2349 632 2390 aliquam
639 2350 871 2382 dubitationem
879 2352 1044 2382 adducitur
1055 2362 1064 2387 ·,
1083 2351 1133 2383 sed

137 2394 179 2425 est
188 2402 291 2426 certus
312 2393 490 2427 moraliter,
510 2394 543 2424 δε
566 2392 629 2424 fine
639 2394 729 2424 omni
750 2392 937 2425 formidine.
959 2392 1057 2426 Unde
1066 2405 1133 2427 non

138 2438 258 2468 intrant
267 2434 417 2468 doetrinae
426 2435 457 2468 S.
466 2434 600 2468 Thomae
611 2456 620 2470 ‚
642 2435 729 2468 Scoti
739 2456 748 2471 ‚
770 2438 804 2468 δε
814 2438 948 2469 aliorum
957 2457 967 2472 ,
988 2448 1069 2478 quos
1085 2437 1133 2469 su-

138 2479 243 2520 perius
264 2480 432 2510 citavimus
443 2489 499 2520 pto
518 2482 668 2520 opinione
690 2482 859 2521 negativa,
881 2490 939 2512 nec
962 2483 1132 2513 vendicant

137 2522 195 2554 sibi
212 2522 316 2553 locum
325 2521 463 2553 rationes
479 2525 513 2554 in
523 2533 559 2554 ea
583 2524 775 2563 ponderatae.
798 2522 837 2555 Et
853 2526 1000 2564 quamvis
1020 2526 1133 2565 opinio

137 2565 278 2606 opposita
287 2566 322 2598 sit
342 2566 460 2599 tutior,
480 2574 588 2597 tamen
610 2575 674 2597 non
685 2575 808 2598 tenetur
829 2567 943 2608 aliquis
954 2577 1024 2598 eam
1047 2568 1131 2608 sequi

136 2610 263 2650 quando
271 2608 310 2639 esi
319 2607 393 2639 falsa
401 2627 412 2643 ,
433 2607 484 2639 seu
493 2609 703 2648 improbabilis
713 2619 723 2645 ·,
744 2609 811 2641 imo
823 2609 843 2641 si
854 2620 924 2642 eam
933 2609 1108 2651 sequeretur
1118 2631 1129 2645 ,

138 2652 212 2684 esset
229 2651 594 2692 ridiculustanquamvir
614 2651 733 2684 modici
745 2652 872 2693 judicii,
896 2656 930 2686 ὃς
953 2653 1129 2694 trepidans,

138 2696 192 2726 ubi
202 2705 267 2727 non
277 2694 317 2726 est
326 2696 422 2726 timor
431 2716 439 2724 .
460 2693 559 2726 Unde
576 2694 662 2726 idem
672 2695 701 2727 S.
713 2695 894 2728 Antoninus
917 2697 950 2728 in
966 2706 989 2727 i.
999 2706 1065 2736 par.
1077 2699 1129 2728 tit.

140 2747 168 2776 3.
177 2749 201 2770 c.
217 2747 262 2770 10.
282 2747 394 2770 curans
415 2735 621 2778 scrupulosos,
643 2738 692 2782 ait⁴
709 2748 774 2769 non
792 2739 929 2779 obligare
951 2742 995 2771 ita
1014 2740 1075 2772 Dei
1095 2742 1129 2772 ὃς

138 2780 281 2813 Ecclesiae
292 2791 443 2822 praecepta
453 2801 463 2815 ,
473 2789 507 2812 ut
517 2789 625 2813 eorum
633 2781 829 2812 observantia
837 2784 907 2822 quis
917 2783 970 2814 fiat
981 2785 1129 2816 ridIculo—

139 2824 205 2859 sus,
227 2824 334 2856 saltem
343 2825 424 2864 apud
433 2823 599 2858 discretos,
618 2824 652 2855 &
665 2824 780 2855 bonos-
802 2824 841 2855 Et
858 2824 1077 2858 &Ambrosius
1095 2829 1129 2858 in

138 2867 255 2909 psalm.
270 2877 282 2899 1
292 2871 338 2899 18.
360 2868 437 2898 Non
451 2867 498 2912 fit
513 2877 582 2907 ergo
592 2887 602 2901 ,
624 2865 746 2906 inquit,
768 2866 998 2900 irrationabilis
1014 2872 1107 2901 timor
1118 2890 1129 2904 ,

138 2922 190 2942 nec
198 2909 240 2952 est
249 2911 408 2951 sapientia
417 2911 605 2954 stnetimore
621 2911 702 2943 Dei,
724 2911 772 2941 ita
781 2911 874 2941 timor
888 2910 958 2953 fine
970 2912 1129 2952 sapientia

139 2952 193 2995 effe
202 2965 261 2985 non
279 2952 381 2986 debet.
403 2954 475 2986 Huc
483 2955 579 2986 etiam
596 2952 710 2994 speetat
728 2953 804 2984 illud
826 2952 995 2985 Ecclesiast.
1007 2964 1036 2992 7.
1047 2956 1128 2987 Noli

140 2995 196 3038 effe
203 2995 292 3039 iustus
302 2996 432 3030 multiom
440 3019 448 3027 .
467 2997 505 3029 Et
514 2996 547 3029 in
557 2995 799 3037 rerminisliujus
810 2998 901 3037 primi
910 2996 997 3029 casus
1007 3007 1072 3029 non
1080 3009 1128 3030 re·

140 3044 403 3082 periquemquam
411 3039 680 3073 contradictorem
700 3049 736 3070 ex
746 3042 884 3080 antiquis
894 3050 947 3072 aut
970 3043 1128 3075 modernis

141 3082 348 3123 Scriptotibus
356 3106 364 3114 .
386 3084 533 3116 Secundo
542 3085 637 3115 modo
646 3082 741 3123 potest
750 3092 812 3114 una
821 3082 946 3115 tantum
961 3086 1071 3125 opinio
1079 3085 1127 3126 ju·

141 3128 238 3158 dicari
250 3128 415 3167 probabilis
423 3147 433 3162 ,
440 3129 566 3169 quando
573 3124 749 3158 intellestus
758 3124 894 3158 flestitut
903 3129 941 3158 ad
953 3137 1050 3158 unam
1060 3138 1128 3168 par<

142 3179 206 3200 tem
216 3170 374 3203 dumtaxat
384 3180 507 3212 propter
523 3171 660 3202 rationes
670 3189 679 3203 ,
700 3179 777 3210 quas
788 3169 879 3201 habet
889 3169 1039 3202 suasibiles
1048 3191 1056 3205 ,
1079 3171 1126 3202 vel

141 3212 345 3249 authoritates
354 3223 518 3246 moventes
526 3233 537 3249 ,
557 3223 614 3244 nec
624 3211 781 3244 convertit
791 3211 820 3243 se
827 3214 866 3244 ad
878 3223 995 3253 partem
1005 3214 1126 3255 opposi-

140 3265 226 3290 tam,
247 3255 458 3292 discutiendo,
478 3258 512 3289 &
529 3257 740 3288 examinando
750 3255 832 3287 illius
854 3256 995 3294 motiva3
1015 3258 1064 3289 sed
1078 3259 1125 3288 di-

140 3301 185 3330 cit
203 3297 448 3335 :Sufficitmihi,
467 3309 503 3332 ut
512 3299 644 3342 opinio,
663 3308 758 3341 quam
766 3297 892 3340 sequor,
914 3300 1080 3340 probabilis
1090 3300 1126 3332 iit

140 3341 268 3376 adhoc,
291 3351 324 3372 ut
341 3340 441 3377 reete,
461 3353 497 3375 ac
515 3344 800 3385 prudenteragam,
819 3342 868 3373 vel
890 3342 1010 3378 saltem,
1035 3353 1068 3375 ut
1077 3354 1125 3375 er-

139 3394 244 3416 rorem
253 3384 409 3416 declinem
424 3395 432 3416 :
447 3386 484 3417 de
493 3386 630 3428 opposita
641 3385 721 3418 nihil
729 3396 824 3420 curo,
844 3396 902 3418 nec
914 3386 986 3417 volo
997 3388 1125 3428 indaga-

141 3437 173 3458 re
183 3448 193 3462 ,
214 3438 253 3458 an
265 3428 315 3459 illa
324 3427 419 3458 etiam
428 3427 464 3458 sit
473 3430 634 3468 probabilis
644 3449 654 3463 ,
677 3429 723 3460 vel
734 3430 920 3470 probabilior
929 3450 937 3459 .
947 3428 986 3461 Et
994 3429 1045 3461 hic
1054 3432 1124 3470 qui-

140 3472 211 3502 dem
219 3471 339 3504 assumit
351 3471 597 3513 probabilitatem
605 3482 660 3513 pro
669 3472 730 3504 fine
738 3492 750 3507 ,
765 3473 798 3504 δε
808 3473 913 3514 regula
920 3471 1042 3505 suarum
1050 3484 1123 3514 ope-

2007 121 2012 127 .
2029 87 2067 138 4
2075 91 2094 124 1

1178 150 1339 180 rationum
1347 169 1357 184 ,
1378 152 1462 190 quod
1472 148 1605 182 minime
1614 149 1687 181 licet
1694 170 1702 179 ·
1713 147 1752 181 Et
1761 149 1795 182 in
1803 148 1862 182 hoc
1874 150 2008 188 secundo
2016 153 2088 184 casu
2098 164 2168 194 pro-

1178 193 1262 223 cedit
1268 191 1395 233 quaestio
1405 191 1542 233 superius
1551 191 1678 225 discussa
1687 213 1697 227 ,
1706 194 1740 225 &
1750 193 1965 231 conclusiones
1974 198 2009 232 iri¹
2016 206 2052 228 ea
2063 197 2168 232 firma-

1178 243 1216 266 tae
1225 256 1233 264 .
1255 234 1384 278 Qubus
1392 236 1437 267 ita
1446 237 1622 268 constitutis
1629 256 1640 271 ,
1660 246 1726 268 non
1734 236 1856 275 obstant
1863 241 2042 275 contraria„
2058 271 2059 274 ,
2087 266 2106 278 .,

1220 278 1270 310 Ad
1286 280 1424 319 primum
1433 288 1568 319 namque
1584 279 1784 322 respondetur
1804 282 1948 322 negando
1963 277 2168 322 assumptum:
2217 296 2226 316 1

1178 320 1246 353 imo
1255 322 1342 353 enim
1350 342 1361 359 ,
1374 323 1436 363 -qui
1444 324 1479 353 iri
1488 322 1608 353 astibus
1616 323 1763 355 humanis
1771 324 1811 356 ad
1821 333 1923 355 mores
1938 326 2168 365 ,pertinentibus

1177 365 1266 406 eligit
1286 365 1372 406 quod
1383 365 1544 405 :probabile
1566 365 1624 399 est,
1645 367 1858 407 imprudenter
1873 367 1965 408 agit,
1986 370 2062 410 quia
2081 377 2169 400 tene-

1176 416 1228 439 tur
1248 408 1419 450 proltegula
1440 407 1565 440 suorum
1586 407 1716 441 aestuum
1739 409 1852 451 eligere
1872 420 2000 446 verum,
2021 413 2106 453 quod
2127 413 2169 444 est

1176 450 1338 490 objectum
1348 451 1538 491 prudentiae3
1559 452 1593 483 &
1615 453 1818 494 tameneligit
1839 455 2014 494 probabile,
2033 457 2117 496 quod
2139 455 2167 487 se

1176 493 1268 525 habet
1278 496 1316 526 ad
1328 504 1454 528 verum,
1476 495 1510 526 &
1521 493 1649 525 falsum.
1673 496 1752 527 Item
1767 506 1890 529 tenetur
1898 497 2011 538 eligere
2030 500 2115 540 quod
2124 500 2167 530 est

1177 537 1325 578 perpetuo
1337 547 1468 571 verum,
1488 537 1635 569 &stabile
1654 549 1661 568 ε
1682 539 1931 572 &nihilominus
1941 541 2030 583 eligit
2039 543 2167 582 opinio-

1177 590 1251 611 nem
1267 580 1476 620 probabilem,
1497 589 1564 621 quae
1582 580 1675 612 hodie
1693 583 1816 613 videtur
1829 592 1921 618 vera,
1942 585 1976 616 ὃς
1996 585 2167 626 aliquando

1177 624 1292 664 poterit
1308 624 1411 665 detegi
1421 622 1510 655 falsa.
1534 624 1616 655 Item
1631 633 1665 655 ut
1675 626 1841 664 prudenter
1858 636 1950 666 agat,
1971 638 2095 663 tenetur
2117 628 2167 668 iu-

1161 667 1282 698 .dicate
1302 667 1341 698 de
1362 676 1394 697 re
1416 666 1587 698 secundum
1606 669 1691 708 quod
1714 667 1755 698 est
1775 679 1782 699 :
1804 670 1837 700 &
1859 677 1964 700 tamen
1987 671 2105 710 judicat
2123 671 2168 703 se-

1175 708 1316 742 cundum
1325 711 1410 751 quod
1427 710 1619 751 putarureffe
1639 711 1856 751 probabiliter,
1878 712 2092 746 &secundum
2113 725 2167 755 ap-

1175 753 1370 794 parentiam.
1393 753 1474 785 Item
1494 754 1648 785 debetesse
1667 763 1769 785 certus
1779 753 1884 786 saltem
1905 757 2108 789 moraliterde
2118 768 2166 789 re-

1175 795 1331 829 &itudine
1352 796 1412 828 suae
1437 799 1629 837 operationis
1651 808 1661 834 ·,
1688 807 1785 838 quam
1807 807 1913 829 tamen
1942 800 2165 832 certitudinem

1175 849 1242 872 non
1262 840 1353 873 habet
1377 841 1530 882 judicium
1553 841 1726 882 probabile,
1749 840 1799 873 sed
1819 840 1969 875 fluctuat,
1989 844 2022 873 ὃς
2039 845 2165 874 vacillat

1177 893 1251 915 curn
1266 884 1493 925 trepidatione,
1515 886 1548 916 &
1567 884 1724 925 scrupulo.
1747 884 1826 916 Item
1845 885 1935 916 debet
1946 886 1991 916 titi
2010 886 2168 927 principio

1175 925 1352 964 infallibili3
1372 927 1673 969 &utituropiniotie
1683 928 1850 967 probabili,
1870 938 1966 968 quam
1975 931 2165 963 mentiri,&

1175 968 1280 1001 fallere
1298 969 1371 1011 saepe
1381 970 1559 1012 contingit,
1582 973 1615 1003 &
1632 970 1712 1002 falli.
1737 971 1818 1002 Item
1835 981 1871 1002 ex
1894 972 2058 1012 prudentia
2079 981 2166 1003 tene-

1176 1013 1497 1055 tureligerecertum,
1517 1015 1551 1046 ὃς
1572 1014 1732 1046 dimittere
1743 1016 1919 1051 incertum3
1939 1016 1974 1046 &
1995 1024 2101 1046 tamen
2112 1015 2167 1047 eli-

1175 1057 1386 1097 gitjudicium
1395 1058 1569 1098 probabile,
1590 1059 1675 1098 quod
1684 1057 1724 1089 est
1746 1058 1918 1090 obnoxium
1930 1056 2112 1093 formidini,
2134 1060 2168 1091 &

1176 1099 1248 1130 ideo
1259 1100 1299 1131 est
1309 1102 1478 1136 timidum,
1500 1102 1535 1132 &
1553 1103 1728 1136 incertum.
1751 1101 1832 1133 Item
1849 1110 1973 1133 tenetur
1981 1111 2073 1142 agere
2093 1111 2166 1133 cum

1175 1143 1310 1179 virtute·,
1333 1145 1366 1175 ὃ(
1390 1141 1527 1184 sequitur
1547 1145 1752 1184 opinionem,
1772 1154 1840 1185 quae
1860 1142 1878 1176 a
1897 1146 2021 1176 ratione
2041 1146 2169 1176 virtutis

1176 1186 1351 1218 excluditur
1367 1207 1374 1216 .
1398 1186 1480 1218 Item
1501 1188 1600 1218 utitur
1617 1186 1742 1227 judicio
1762 1188 1911 1227 probabili
1928 1207 1939 1222 ,
1961 1187 2011 1218 seu
2031 1187 2169 1228 opinati-

1176 1239 1238 1264 vo,
1259 1231 1342 1271 quod
1357 1239 1509 1271 tanquam
1519 1229 1975 1264 incertum,&indifferensad
1985 1240 2114 1265 verum,
2135 1232 2170 1263 &

1176 1271 1306 1308 falsum,
1329 1283 1395 1304 non
1406 1273 1502 1314 potest
1520 1273 1578 1305 effe
1587 1271 1748 1313 objectum
1770 1275 1956 1313 prudentiae.
1979 1274 2059 1305 Item
2079 1283 2166 1305 tene-

1176 1325 1227 1348 tur
1235 1317 1349 1357 eligere
1359 1317 1476 1348 bonum
1487 1337 1497 1351 ,
1517 1318 1551 1348 &
1563 1315 1685 1348 testum
1694 1327 1703 1352 ;
1724 1317 1757 1348 &
1767 1326 1873 1348 tamen
1889 1316 1977 1357 eligit
1991 1317 2145 1357 probabile
2155 1337 2166 1351 ‚

1175 1362 1259 1400 quod
1269 1359 1296 1390 se
1307 1359 1621 1392 liabetindifferenter
1630 1361 1669 1391 ad
1678 1358 1820 1394 rectum,
1841 1360 2065 1400 &obliquum-
2089 1359 2168 1393 Item

1176 1413 1217 1434 ne
1226 1402 1262 1434 sit
1285 1404 1487 1443 imprudens,
1508 1412 1634 1435 tenetur
1655 1412 1765 1434 cavere
1787 1403 1978 1444 periculum3
1998 1404 2032 1434 &
2052 1403 2168 1434 nibilo-

1177 1444 1281 1477 minus
1290 1446 1453 1487 eligendo,
1474 1447 1557 1487 quod
1569 1446 1723 1487 probabile
1734 1445 1792 1480 est,
1801 1447 1930 1487 exponit
1940 1445 1967 1476 se
1977 1445 2167 1477 discrimini:

1177 1498 1268 1530 prout
1276 1488 1340 1520 haec
1349 1490 1460 1520 omnia
1471 1509 1482 1524 ,
1498 1491 1530 1521 &
1541 1490 1602 1520 alia
1612 1490 1695 1529 plura
1705 1489 1752 1521 bis
1763 1489 1874 1521 similia
1885 1498 1991 1529 patent
2003 1498 2053 1528 per
2063 1488 2168 1530 vigin-

1176 1534 1202 1564 ti
1224 1532 1273 1563 sex
1294 1531 1500 1564 fundamenta
1521 1531 1658 1573 superius
1679 1533 1771 1564 allata
1788 1554 1796 1562 .
1826 1533 1927 1573 Igitur
1947 1532 2011 1563 licec
2034 1531 2168 1572 proposi-

1175 1577 1241 1612 tio;
1263 1574 1335 1617 Qii
1356 1575 1390 1606 in
1400 1574 1521 1607 actibus
1543 1575 1806 1617 humaniseligit,
1825 1576 1911 1616 quod
1933 1574 2089 1616 probabile
2106 1575 2167 1609 est,

1176 1618 1462 1659 nonagittemere,
1485 1617 1534 1651 sed
1556 1620 1742 1660 prudenter,
1763 1619 1803 1650 est
1813 1617 2044 1650 omninosalsa,
2067 1617 2107 1650 Et
2127 1620 2168 1650 ad

1173 1662 1379 1703 Juracivilia‚
1402 1663 1435 1694 &
1457 1662 1632 1697 canonica,
1653 1663 1879 1703 quaedecidunt
1900 1661 2023 1696 causas,
2044 1662 2169 1702 &qum—

1176 1705 1288 1737 stiones
1299 1715 1336 1736 ex
1346 1707 1540 1746 argumentis
1555 1706 1763 1746 probabilibus
1772 1725 1782 1741 ,
1803 1704 1981 1746 responsum
1992 1705 2032 1736 est
2042 1704 2126 1746 supra
2135 1707 2169 1736 in.

1175 1750 1283 1780 ultimo
1297 1747 1520 1792 finni-amento,
1541 1760 1621 1781 num.
1634 1758 1703 1782 100.
1725 1748 1806 1790 vers
1816 1750 1861 1781 Et
1881 1751 1981 1781 eodem
1991 1747 2077 1780 modo
2098 1746 2168 1780 dum

1174 1793 1272 1831 leges,
1295 1793 1333 1824 (θ’
1354 1794 1508 1825 Canones.

1217 1836 1267 1867 Ad
1290 1833 1460 1866 secundum
1481 1833 1681 1876 respondetur
1710 1837 1857 1878 negando
1878 1836 2035 1868 minorem
2055 1855 2067 1870 ⁵
2093 1837 2169 1877 quia

1174 1878 1328 1920 judicium
1347 1878 1504 1919 probabile
1512 1879 1664 1910 moralem
1681 1881 1903 1911 certitudinem
1920 1889 1984 1910 non
2001 1878 2112 1913 habet,
2133 1889 2168 1911 ut

1176 1920 1264 1963 plene
1275 1922 1442 1963 probatum
1459 1920 1594 1962 estsupra
1607 1921 1643 1953 in
1653 1925 1682 1953 6.
1693 1920 1730 1954 ω’*
1747 1931 1775 1959 7.
1781 1920 2002 1964 fundamento,
2023 1924 2056 1954 &
2074 1924 2106 1953 in
2119 1933 2165 1954 20.

1175 1975 1240 1997 cum
1249 1973 1376 2003 quatuor
1377 1962 1571 2004 sequentibus
1579 1986 1588 1995 .
1610 1966 1659 1997 Ad
1670 1965 1703 1997 id
1712 1964 1788 1997 vero
1799 1985 1808 1999 ,
1819 1967 1902 2006 quod
1913 1965 2106 2006 subjungitur
2116 1967 2167 1999 ,in

1176 2008 1345 2040 moralibus
1364 2006 1500 2040 sufficere
1516 2010 1740 2041 certitudinem
1761 2019 1797 2040 ex
1814 2009 2043 2049 probabilibus,
2064 2007 2168 2039 latissi-

1175 2050 1226 2082 me
1234 2049 1414 2092 responsum
1423 2050 1463 2082 est
1476 2049 1602 2092 suprain
1621 2052 1730 2083 ultimo
1744 2050 1966 2094 fundamento,
1987 2050 2007 2082 ιὶ
2026 2061 2106 2083 num.
2118 2054 2166 2087 98·

1174 2093 1262 2134 usque
1278 2096 1320 2126 ad
1328 2105 1409 2125 num.
1426 2103 1493 2125 111.
1505 2094 1560 2126 ubi
1578 2097 1737 2127 evidenter
1747 2095 1920 2127 ostenditur
1940 2096 2167 2136 aequivocatio,

1174 2147 1242 2178 qux
1254 2137 1372 2177 irrepsit
1384 2139 1417 2168 in
1428 2137 1640 2178 intelligentia
1648 2139 1739 2180 liujus
1749 2138 1968 2179 propositionis
1978 2159 1987 2172 ,
2010 2137 2084 2170 &n-
2099 2147 2166 2169 100.

1174 2181 1346 2221 explicatur
1368 2181 1454 2212 locus
1466 2181 1637 2213 Aristotelis
1658 2184 1692 2213 in
1718 2181 1931 2222 1.Ethic.cap.
1945 2191 1970 2222 3.
1991 2181 2167 2213 Discrimen

1174 2224 1272 2265 igitur
1280 2224 1320 2255 est
1331 2223 1575 2266 interjudicium
1592 2234 1712 2256 certum
1722 2226 1899 2260 moraliter,
1921 2225 2166 2265 &opinioneiiu

1172 2269 1249 2307 quia
1277 2266 1428 2306 judicium
1467 2277 1590 2299 certum
1625 2269 1785 2301 moraliter
1814 2269 1932 2300 nullam
1963 2267 2165 2299 formidinem

1175 2310 1266 2342 habet
1284 2311 1321 2341 de
1333 2309 1423 2342 fallo.
1445 2309 1541 2342 Unde
1560 2310 1693 2347 fierrat,
1714 2312 1774 2344 boc
1791 2312 1832 2343 est
1853 2311 1987 2344 omnino
2007 2320 2058 2351 per
2080 2309 2164 2341 acci-

1173 2354 1269 2388 dens,
1290 2355 1325 2385 &
1344 2363 1450 2394 praeter
1471 2355 1701 2387 intentionem.
1724 2355 1765 2387 At
1786 2356 1939 2396 opinans,
1959 2352 2081 2384 ratione
2102 2351 2164 2383 fot-

1175 2397 1324 2431 midinis,
1345 2407 1442 2438 quam
1465 2397 1576 2433 habet,
1597 2398 1682 2439 quod
1704 2408 1751 2430 res
1767 2398 1855 2439 possit
1876 2398 1965 2428 aliter
1986 2395 2013 2426 se
2035 2395 2163 2429 habere,

1171 2439 1265 2480 quam
1285 2449 1430 2481 appareat
1448 2460 1458 2474 ,
1486 2442 1594 2482 aliquo
1615 2442 1711 2472 modo
1733 2442 1879 2481 praevidet
1909 2447 2045 2470 errorem
2065 2457 2077 2472 ,
2105 2440 2161 2478 qui

1171 2482 1291 2514 etiamsi
1302 2483 1372 2514 rato
1381 2483 1503 2514 accidat
1513 2504 1522 2518 ,
1544 2494 1609 2515 non
1620 2484 1714 2524 potest
1723 2485 1785 2514 dici
1795 2491 1846 2522 per
1854 2482 2001 2513 accidens
2012 2501 2021 2515 ‚
2043 2482 2076 2513 &
2087 2491 2160 2521 prae-

1171 2536 1217 2558 ter
1227 2527 1440 2557 intentionem
1448 2528 1590 2557 evenire.
1612 2527 1659 2556 lta
1671 2524 1769 2565 Julius
1780 2523 1945 2555 Mercorus
1968 2523 2031 2564 post
2049 2523 2160 2565 scripta

1170 2569 1272 2601 nostra
1289 2568 1413 2600 visusin
1435 2568 1587 2599 Traffatu
1604 2566 1641 2599 de
1656 2564 1873 2607 probabilitate
1888 2569 2060 2608 opinionum
2075 2574 2159 2607 part.

1175 2621 1200 2643 1.
1210 2621 1271 2643 art.
1286 2621 1332 2651 14.
1343 2610 1425 2652 vers
1436 2613 1547 2642 Verum
1557 2632 1566 2640 .

1212 2655 1262 2686 Ad
1279 2656 1408 2686 tertium
1419 2653 1620 2694 respondetur
1640 2654 1786 2695 negando
1801 2654 1974 2685 minorem.
1995 2651 2082 2684 Nam
2102 2655 2158 2693 qui

1168 2701 1317 2739 opinatur
1337 2697 1535 2737 probabiliter
1556 2707 1651 2728 unam
1672 2706 1789 2738 partem
1810 2694 2071 2728 contradietionis
2085 2715 2095 2730 ,
2118 2697 2157 2728 ad

1169 2742 1256 2773 illam
1266 2740 1293 2772 se
1303 2751 1366 2772 non
1376 2742 1564 2772 determinat
1574 2739 1770 2781 simpliciter,
1792 2741 1824 2771 δέ
1834 2737 1969 2770 absolute
1977 2759 1989 2773 ,
2010 2748 2101 2779 prout
2110 2748 2158 2770 re—

1167 2786 1302 2825 quiritur
1319 2783 1446 2818 adhoc,
1467 2793 1501 2815 ut
1522 2783 1738 2824 ejusoperatio
1752 2781 1898 2819 saresta,
1919 2782 1967 2813 sed
1988 2780 2089 2813 soli'im
2109 2782 2155 2813 illi

1168 2828 1326 2858 assentitur
1334 2837 1408 2858 cum
1423 2826 1606 2861 formidine,
1629 2825 1897 2859 &fluctuationm
1916 2834 1986 2865 quae
2004 2825 2156 2857 moralem

1168 2870 1391 2902 certitudinem
1409 2871 1509 2904 tollit,
1530 2879 1565 2901 ut
1585 2870 1619 2901 in
1631 2870 1833 2910 superioribus
1853 2869 2019 2909 probatum
2038 2868 2098 2904 est,
2119 2870 2154 2900 &

1168 2913 1334 2955 praesertim
1344 2916 1376 2944 in
1387 2922 1415 2951 7.
1426 2914 1459 2945 δι
1470 2924 1518 2945 20.
1529 2912 1750 2944 fundamento.

1214 2957 1262 2989 Ad
1282 2965 1427 2997 quartum
1456 2955 1653 2997 respondetur
1675 2955 1820 2996 negando
1846 2955 2037 2986 antecedens
2057 2965 2064 2985 :
2086 2952 2152 2985 imo

1166 3003 1254 3032 enim
1264 2999 1475 3033 etiaminliis,
1498 3009 1565 3040 quae
1582 3001 1618 3030 ad
1630 3007 1732 3030 mores
1747 3008 1812 3030 non
1828 2996 1987 3039 spectant,
2007 2997 2150 3031 incaute,

1167 3045 1200 3075 &
1209 3044 1420 3083 imprudenter
1428 3044 1494 3083 agit
1504 3062 1513 3076 ‚
1533 3043 1587 3082 qui
1598 3052 1653 3082 pro
1660 3041 1765 3082 regula
1773 3040 1901 3073 suorum
1913 3040 2043 3072 actuum
2051 3041 2148 3071 utitur

1168 3085 1285 3127 judicio
1294 3086 1463 3126 probabili,
1483 3086 1567 3126 quod
1579 3082 1649 3125 saepe
1661 3083 1756 3119 fallit,
1776 3084 1952 3118 &fallitur.
1970 3083 2149 3115 Deindere-

1167 3129 1332 3169 lpondetut
1352 3129 1497 3170 negando
1518 3126 1772 3168 consequentiam
1787 3148 1799 3163 ,
1825 3129 1900 3169 quia
1922 3129 1961 3159 ab
1980 3127 2047 3157 aliis
2069 3123 2149 3157 asti-

1167 3172 1221 3203 bus
1242 3171 1390 3203 humanis
1411 3181 1475 3202 non
1497 3169 1580 3201 redte
1600 3170 1731 3202 infertur
1752 3172 1791 3203 ad
1817 3170 1907 3203 astus
1926 3168 2056 3201 morales
2072 3187 2083 3202 ,
2113 3169 2148 3200 in

1164 3215 1277 3255 quibus
1295 3216 1426 3246 vertitur
1436 3213 1608 3254 periculum
1626 3212 1730 3246 salutis
1745 3224 1866 3246 aeternae
1877 3236 1884 3243 .
1907 3213 1955 3244 Ad
1977 3211 2037 3242 hoc
2047 3211 2148 3243 bonus

1165 3267 1266 3290 textus
1285 3259 1318 3289 in
1333 3256 1363 3288 d.
1372 3265 1434 3296 cap.
1443 3254 1634 3298 Significasti
1640 3277 1650 3292 ,
1670 3257 1696 3289 il
1714 3268 1741 3289 2.
1750 3256 1787 3290 de
1802 3255 1906 3290 homic.
1917 3255 1962 3286 ibi
1982 3265 1990 3284 ε
2010 3255 2076 3285 Pro
2095 3265 2147 3289 eo,

1164 3300 1239 3339 quod
1256 3303 1290 3332 in
1298 3301 1396 3332 altero
1411 3299 1544 3335 nullum,
1564 3302 1599 3332 in
1614 3300 1728 3339 reliquo
1739 3299 1810 3333 verb
1819 3307 1961 3338 magnum
1976 3297 2144 3337 periculum

1163 3353 1310 3376 timeatur
1327 3365 1334 3372 .

1205 3386 1427 3426 Adquintum,
1446 3386 1480 3419 &
1495 3385 1836 3426 sextumrespondetur,
1858 3384 2004 3425 negando
2020 3383 2077 3415 esse
2099 3382 2147 3415 su-
2170 3392 2226 3415 τη

1163 3440 1215 3470 per
1235 3429 1404 3460 humanam
1422 3427 1601 3461 facultatem
1621 3430 1731 3460 babere
1752 3428 1902 3459 moralem
1921 3427 2144 3459 certitudinem

1162 3475 1198 3504 de
1206 3472 1350 3503 omnibus
1360 3472 1564 3513 eligibilibus.
1587 3471 1727 3504 Primum
1736 3471 1895 3503 enimlioc
1909 3470 2065 3519 estcontia
2083 3468 2140 3498 Di-

1996 3521 2102 3541 vmam
