2397 3664
151 244 204 275 ΞΗ
222 271 227 276 .

149 755 203 789 345

140 1527 202 1561 347

161 2941 219 2980 348

302 69 368 132 78

232 148 274 179 ait
286 167 296 183 ,
314 151 346 187 gl
350 147 414 189 offis
421 144 655 186 discrepantibus
663 143 790 181 judicem
797 139 1020 187 eligeredcbcrc
1029 141 1192 180 opinionem
1201 160 1213 175 ‚

232 204 275 222 rui
289 202 388 230 magis
397 191 478 220 ratio
487 186 708 226 inteliesiussiei
717 183 864 225 consentit
874 204 882 212 .
893 183 929 214 ht
941 184 1016 214 Abh.
1026 187 1060 214 in
1068 191 1162 220 c.‚-p.z.
1174 182 1212 214 de

229 235 304 274 (snt.
314 239 351 265 (θ’
371 243 403 264 re
413 230 502 270 Judic.
513 232 624 262 relatus
646 228 686 258 ibi
697 229 713 256 a
735 226 840 257 Felino
861 236 938 256 num.
954 234 998 264 15.
1007 227 1039 256 in
1050 224 1210 268 7.fallent.

231 271 387 317 uuin'aitfi
408 275 595 307 Sententiam
602 270 710 309 judicis
725 268 878 309 sequentis
888 279 976 300 unam
992 269 1160 307 opinionem
1177 270 1211 299 in

232 321 365 352 ntateria
374 339 384 354 ‚
393 320 425 350 in
434 327 489 355 qua
499 313 540 356 est
548 322 673 352 magnus
681 310 838 354 conflit‘lus
848 331 858 346 ,
880 310 983 344 valere
992 331 1002 345 ‚
1012 311 1044 354 fi
1053 321 1111 341 non
1119 318 1211 350 appa-

233 372 300 394 reat
309 382 319 396 ‚
335 361 437 403 quaefit
448 360 543 397 opinio
553 356 733 387 communior
742 374 753 389 ‚
770 354 807 387 (θ’
813 354 873 386 illa
883 355 990 395 nonsit
999 351 1192 399 apertefalsa
1202 375 1210 383 .

233 405 316 446 Ergo
324 406 341 437 a
349 403 506 436 contrario
514 420 523 433 ‚
534 399 554 430 si
565 407 707 439 appareat
716 417 726 430 .
734 407 801 438 quae
810 396 844 428 sit
853 396 1053 429 communior
1063 417 1073 431 ‚
1083 399 1132 427 lcu
1143 406 1212 436 pro-

231 448 363 480 babilior
383 455 419 477 ex
436 443 589 484 principio
609 439 781 472 extrinseco
797 439 1014 473 authoritatis,
1036 440 1088 471 illa
1109 439 1148 471 est
1170 438 1213 470 se-

233 492 356 531 quenda
365 509 375 523 ‚
396 486 512 519 Navar.
523 487 636 516 Summ·
645 483 778 524 Hispan.
789 491 852 522 cap.
864 486 910 514 28.
922 480 1023 514 addit.
1035 480 1076 513 ad
1083 493 1131 513 nu.
1143 484 1179 514 28
1186 491 1211 512 2.

233 544 256 564 c.
268 541 314 569 27·
326 531 362 563 Et
371 539 425 571 pro
436 529 490 559 hac
502 536 585 568 parte
596 537 632 558 ex
644 525 772 567 professo
781 524 999 557 consuluerunt
1008 525 1165 557 Antonius
1175 526 1211 555 de

234 576 357 607 Burrio,
378 574 411 604 δι
429 570 533 602 Petrus
545 572 582 601 de
598 570 786 601 Ancharano
804 570 884 600 inter
893 568 1020 600 consilia
1038 568 1130 609 ipsius
1147 568 1211 598 An—

234 618 361 648 charani
370 613 447 655 confi
459 622 528 647 210.
537 614 628 652 incip·
640 612 724 643 Inter
735 612 891 643 contraria
899 630 910 645 ‚
927 619 983 651 per
991 619 1085 642 totum
1096 631 1104 645 ,
1128 610 1210 641 Bald.

232 659 385 700 Angel.&
396 655 520 698 Legistae
541 658 573 688 in
581 656 602 687 l.
612 657 648 688 Si
655 654 736 688 idem
746 665 810 687 cum
827 653 948 689 eodem,
971 656 997 691 §.
999 651 1059 696 fin.
1061 650 1100 696 ff
1111 652 1146 684 de
1167 652 1211 691 ju-

230 700 305 743 risd.
314 712 391 733 omn.
402 699 492 739 judie.

272 744 381 778 Eidem
390 743 547 775 sententia:
555 741 747 774 adscribendi
757 740 824 772 sunt
830 738 1039 782 Jurisconsulti
1048 759 1058 775 ‚
1067 740 1122 780 qui
1132 737 1212 770 affir-

231 797 319 821 mant
329 807 339 823 ‚
350 787 383 820 in
391 787 580 828 opinionum
587 784 790 824 discrepantia
798 785 975 824 eligendam
984 785 1039 814 esse
1049 784 1212 818 veriorem,

232 842 287 873 pro
296 832 405 863 eodem
411 831 500 860 enim
509 827 669 868 usurpatur
682 827 700 858 a
709 825 900 858 Do&otibus
918 827 1028 858 nostris
1041 826 1152 866 opin10
1161 835 1212 855 ve-

230 877 313 909 rior,
333 875 365 905 &
376 872 487 914 opinio
496 870 700 912 probabilior,
724 878 758 900 ut
768 871 912 910 probatur
933 871 966 900 in
981 869 1003 900 l.
1018 877 1042 899 1.
1052 866 1140 907 prope
1154 865 1211 909 fin.

230 918 313 958 ver]-
321 913 385 949 Sed
394 917 497 947 verior
504 934 514 948 ‚
523 911 562 956 ff.
573 913 609 944 de
617 910 808 947 contrahend.
818 923 862 943 em
863 920 906 951 pt.
916 911 1014 950 junfio
1024 913 1048 947 §.
1060 912 1136 956 (tem
1145 918 1212 949 pre-

230 963 308 992 tium
316 980 326 996 ‚
335 958 414 999 verſs
424 955 487 990 Sed
496 958 618 989 Proculi
618 955 792 996 sententia,
803 954 900 993 Inslit.
911 953 948 984 de
956 959 1084 993 empne]
1098 952 1212 984 vendit.

232 1006 312 1036 inter
320 1012 397 1043 quos
407 1008 608 1032 numerantur
618 998 744 1029 Gemin.
754 997 881 1037 eonſs48.
896 999 956 1028 Pro
967 998 1192 1027 examinatione
1201 1015 1211 1030 ,

231 1056 313 1079 num.
323 1056 354 1086 4.
377 1043 455 1085 verfi
465 1044 602 1074 Primum
624 1042 692 1078 quia
702 1060 711 1074 ‚
732 1041 766 1072 &
786 1039 903 1072 Matth-
924 1039 1092 1070 Matthehl.
1110 1041 1143 1070 in
1158 1038 1213 1080 suo

233 1088 379 1128 Opiefi·:1lo
387 1085 424 1118 de
434 1085 514 1116 cleti.
523 1085 654 1116 verioris
671 1085 818 1123 opinionis
827 1103 836 1118 ‚
857 1087 940 1114 inter
947 1082 1036 1114 trabi.
1046 1092 1212 1114 communes

231 1125 344 1165 volum.
353 1133 382 1161 6.
392 1128 452 1172 fol.
465 1137 533 1167 203.
544 1126 706 1168 Qlinimo
723 1125 852 1158 Henric·
863 1125 972 1158 Boicb.
981 1127 1013 1157 in
1029 1133 1091 1165 cap.
1100 1124 1213 1168 Qasi-

231 1184 294 1207 tum
303 1194 313 1208 ‚
331 1174 413 1204 circa
420 1169 497 1203 med.
508 1170 588 1210 vers.
600 1171 645 1202 Et
653 1168 724 1202 licet
733 1166 790 1209 ista
799 1170 897 1209 opinio
905 1189 916 1204 ,
935 1167 972 1200 de
981 1176 1103 1208 tempor.
1114 1170 1212 1198 ordin.

231 1218 310 1250 dicit
319 1215 504 1257 sequendam
513 1214 568 1244 else
576 1212 761 1253 opinionem
771 1214 918 1243 tutiorem
927 1231 937 1246 ‚
945 1211 997 1243 ubi
1006 1213 1108 1252 agitur
1117 1212 1154 1241 de
1163 1220 1213 1250 pe-

230 1260 332 1293 riculo
341 1259 452 1290 animae
462 1277 472 1292 ‚
492 1256 611 1289 etiamsi
622 1257 779 1287 contraria
786 1256 897 1295 opinio
906 1253 943 1285 sit
952 1253 1022 1285 satis
1030 1253 1194 1294 probabilis
1203 1273 1212 1282 .

232 1303 270 1337 Et
280 1304 364 1335 idem
373 1302 483 1342 repetit
492 1299 536 1331 ibi
544 1297 673 1330 Cardin.
685 1297 810 1329 Bellam.
821 1299 854 1328 in
871 1308 898 1328 2.
908 1296 1003 1338 oppoſs
1011 1308 1060 1327 nu.
1075 1305 1086 1327 1
1094 1307 1120 1327 2.
1131 1295 1212 1335 vers.

230 1348 278 1378 Et
291 1341 423 1378 dicithic
439 1345 588 1377 Dominus
607 1343 775 1374 Henricus.
799 1339 869 1372 Nec
890 1339 1039 1380 discrepat
1049 1337 1167 1370 Navar.
1178 1340 1212 1369 in

230 1387 380 1422 Adanual.
390 1395 452 1426 cap.
466 1395 514 1422 27.
525 1396 602 1416 num.
618 1386 684 1422 185.
694 1385 770 1415 dum
780 1383 823 1414 ait
845 1394 852 1413 ε
874 1381 933 1414 Ad
935 1382 1135 1423 serenitatem
1144 1391 1213 1412 con-

221 1433 355 1474 scientie
365 1428 533 1469 eligendam
544 1427 596 1469 effe
603 1438 644 1459 ex
654 1429 754 1459 variis
763 1424 869 1460 bonam
879 1427 1044 1468 opinionem
1054 1445 1065 1459 ‚
1086 1423 1124 1457 <9⁸
1133 1426 1213 1462 quie-

219 1474 361 1519 scendum
368 1476 402 1506 in
418 1484 454 1505 ea
462 1494 469 1502 .
1046 1512 1052 1518 .
1145 1511 1151 1517 ⁸

266 1518 396 1561 Qubus
416 1515 544 1557 adjungi
555 1515 673 1557 possunt
687 1512 843 1546 Doctores
851 1516 961 1545 omnes
969 1532 979 1547 ‚
1000 1521 1055 1552 qui
1078 1509 1212 1543 sentiunt

227 1573 264 1595 ex
272 1562 389 1596 duabus
398 1559 600 1601 opinionibus
609 1578 619 1593 ‚
641 1566 772 1599 quarum
781 1567 843 1588 una
851 1555 886 1587 sit
895 1556 1073 1587 communis
1083 1574 1093 1588 ‚
1107 1554 1166 1584 alia
1179 1553 1212 1583 sit

227 1607 330 1638 verior
339 1625 349 1640 ,
370 1603 546 1644 eligendam
554 1601 609 1632 effe
618 1600 772 1633 veriorem
781 1620 790 1634 ‚
809 1600 842 1631 &
851 1598 1031 1630 melioribus
1040 1598 1212 1628 rationibus

228 1649 371 1682 fulcitam
380 1668 388 1677 .
410 1645 496 1678 Nam
506 1646 579 1676 cum
587 1645 765 1675 communis
774 1642 885 1682 opinio
894 1640 929 1672 sit
940 1640 1104 1681 probabilis
1115 1659 1126 1674 ‚
1148 1646 1211 1678 cap.

229 1693 386 1724 Novimus
396 1709 406 1725 ‚
421 1687 457 1720 de
467 1684 662 1730 verbstgnif.
673 1688 706 1718 δε
727 1684 817 1716 latius
836 1683 956 1715 didium
966 1683 1006 1714 est
1022 1682 1107 1723 supra
1119 1684 1151 1712 in
1164 1691 1197 1712 21

229 1736 449 1768 fundament03
468 1730 501 1762 hi
512 1728 714 1771 proculdubio
722 1727 846 1759 censent
856 1737 919 1757 non
928 1726 984 1757 esse
996 1726 1118 1757 licitum
1129 1723 1212 1765 sequi

228 1779 413 1818 opinionem
431 1773 617 1815 probabilem
627 1792 636 1806 ,
658 1770 766 1802 relista
783 1770 998 1811 probabiliori,
1024 1769 1072 1799 seu
1097 1769 1106 1808 (
1129 1768 1212 1816 quod

229 1822 315 1854 idem
324 1818 386 1858 est)
405 1816 538 1849 veriori.
561 1814 661 1857 Cujus
679 1813 836 1846 sententiae
847 1812 914 1844 sunt
931 1811 1013 1853 gloss'.
1024 1813 1057 1842 in
1067 1818 1130 1850 cap.
1146 1820 1170 1840 1.
1180 1813 1213 1842 in

226 1875 292 1898 ver.
304 1858 558 1897 Rationabiliter,
576 1866 631 1900 per
652 1859 740 1891 illum
749 1866 867 1889 textum
878 1877 887 1890 ‚
909 1858 941 1887 ὅ(
958 1855 1032 1886 Abb.
1043 1857 1076 1886 in
1094 1855 1208 1893 penult.

229 1904 328 1940 notab.
339 1905 376 1936 de
384 1903 450 1938 his,
471 1913 527 1941 quae
543 1901 622 1943 fiunt
632 1900 767 1939 a'major.
774 1908 855 1941 part.
866 1899 1005 1939 Capituli
1015 1919 1024 1933 ,
1048 1897 1128 1928 Bald.
1142 1896 1211 1931 hic,

227 1950 307 1983 &in
317 1955 380 1988 cap.
392 1957 417 1989 1.
430 1944 605 1988 §.Judices‚
625 1944 680 1976 col.
689 1951 754 1984 pen.
764 1942 801 1974 de
818 1950 884 1982 pac.
895 1942 1003 1980 juram.
1016 1939 1136 1981 firman.
1148 1940 1211 1972 Ge-

227 1996 305 2027 min.
316 1993 348 2023 in
358 1998 422 2031 cap.
436 1999 462 2022 1.
471 1991 505 2021 in
519 1998 544 2019 1.
555 1987 610 2020 col.
619 1988 652 2019 in
663 1996 689 2027 3.
699 1984 799 2019 notab.
810 1984 846 2017 de
857 1988 971 2017 Summ.
982 1985 1104 2016 Trinit.
1116 1981 1169 2015 lib.
1181 1987 1210 2015 6.

223 2037 311 2081 Joan.
323 2036 359 2066 dc
378 2033 521 2066 Anan.in
540 2038 603 2071 cap.
615 2029 703 2065 Tua,
725 2032 758 2061 in
769 2039 793 2061 1.
804 2029 858 2060 col.
868 2027 903 2060 de
919 2027 996 2069 usim
1008 2028 1085 2059 Abb.
1094 2026 1171 2066 confi
1186 2035 1210 2057 1.

227 2083 260 2113 in
272 2076 332 2120 fin.
343 2074 394 2109 lib.
410 2073 519 2108 1-&in
527 2082 589 2114 cap.
598 2073 782 2113 Capelianus
791 2075 823 2103 in
835 2083 862 2103 2.
872 2072 927 2103 col.
937 2080 988 2110 per
997 2071 1083 2102 illum
1091 2079 1211 2101 textum

228 2120 265 2156 de
280 2120 375 2165 feriis
384 2139 394 2154 ‚
416 2119 504 2151 lmol.
513 2119 547 2150 in
556 2117 577 2150 l.
588 2119 665 2150 Cum
673 2116 794 2154 quidam
810 2115 842 2146 la
851 2126 878 2145 2.
882 2113 921 2156 ff
930 2115 966 2145 de
983 2115 1096 2151 acquir.
1106 2110 1211 2144 hored.

229 2162 407 2206 l'i·aepos1tus
417 2164 448 2193 in
464 2169 527 2201 cap..
537 2161 618 2206 Qis
633 2159 746 2201 nesciat
766 2168 846 2189 num.
857 2166 886 2195 7.
896 2167 924 2193 9.
935 2154 1005 2196 dist.
1014 2155 1124 2204 Angel.
1135 2154 1213 2196 confi

232 2219 301 2240 100.
312 2204 505 2246 Sanciiffima
513 2224 524 2240 ‚
545 2203 600 2236 col.
611 2206 642 2234 6.
652 2202 729 2234 Dec·
740 2200 818 2242 cons·
830 2209 897 2239 259.
908 2201 987 2242 Wsis
996 2198 1043 2230 his
1053 2218 1063 2232 2
1074 2209 1106 2229 in
1116 2199 1213 2238 princ.

230 2251 317 2284 Surd.
336 2248 412 2290 cons.
424 2258 493 2288 294.
516 2245 667 2278 Menocb.
677 2244 714 2276 de
734 2243 842 2276 arbitr.
855 2243 964 2286 judie.
985 2239 1038 2274 lib.
1052 2252 1078 2272 2.
1099 2249 1211 2272 centur.

228 2306 258 2334 4.
267 2292 326 2334 caſs
337 2302 403 2333 339-
413 2296 492 2323 num.
505 2299 552 2321 21.
575 2289 722 2331 Sylvester
731 2290 763 2318 in
786 2297 851 2319 ver.
863 2287 977 2325 Opinio
987 2305 997 2319 ‚
1018 2294 1097 2315 num.
1110 2294 1136 2314 2.
1148 2282 1216 2314 Na-

229 2348 293 2368 var.
304 2335 380 2376 cons.
392 2346 420 2372 9.
438 2335 495 2366 An
516 2340 652 2373 nepotes,
672 2341 751 2363 num.
763 2341 790 2361 2.
807 2329 843 2361 de
858 2327 907 2370 fil.
924 2325 1097 2371 Presbyter.
1116 2326 1153 2358 Et
1175 2325 1216 2357 est

229 2380 409 2412 communis
417 2378 528 2417 opinio
537 2397 547 2411 ,
555 2375 627 2407 teste
639 2373 944 2414 RiminaldoJunior.
954 2373 1030 2410 cons.
1045 2382 1084 2417 ⁴¹20
1090 2380 1114 2408 5.
1126 2380 1215 2418 nizo.

230 2425 299 2455 lum
308 2431 379 2452 eam
387 2420 585 2460 tenentJoan.
596 2418 692 2451 Andr.
702 2415 796 2458 infin.
808 2416 884 2448 Abb.
895 2426 925 2446 n.
940 2422 985 2452 15.
996 2416 1028 2445 δε
1040 2412 1216 2444 Lanonistx

231 2476 342 2499 onmes
353 2467 385 2496 in
394 2471 456 2502 cap.
473 2475 495 2492 1.
509 2461 594 2502 supra
605 2463 716 2492 eodem
725 2480 734 2493 ‚
746 2470 777 2491 ut
786 2459 830 2490 ibi
840 2458 965 2490 testatur
975 2457 1098 2488 Felinus
1108 2466 1155 2486 nu.
1168 2463 1216 2494 54.

233 2514 265 2541 in
280 2519 304 2540 1.
316 2509 407 2540 linat.
419 2509 502 2547 Qae
510 2504 607 2536 etiam
627 2502 736 2544 dejure
759 2500 912 2532 vei-imma
920 2500 978 2534 est,
999 2498 1157 2531 &constat
1179 2507 1215 2528 ex

234 2552 324 2584 dietis
335 2550 419 2592 supra
431 2549 462 2580 in
474 2549 540 2579 eod.
553 2557 601 2579 21.
613 2546 816 2578 fundamento
826 2554 835 2580 ⁴,
845 2545 877 2575 &
889 2543 1022 2574 servatur
1033 2544 1140 2573 tamin
1152 2540 1218 2572 Ro-

235 2606 266 2625 ta
277 2616 285 2629 ‚
303 2604 369 2635 quae
379 2600 580 2623 communem
590 2592 773 2629 opinionem
783 2597 847 2618 non
859 2585 1012 2626 sequitur,
1033 2587 1158 2630 quando
1166 2594 1219 2624 ap-

239 2647 320 2678 paret
330 2638 518 2668 contrariam
528 2633 582 2664 effe
603 2634 753 2663 veriorem
763 2650 772 2665 ,
794 2632 826 2662 ὅ(
837 2631 1038 2678 validioribus
1057 2628 1217 2676 subnixam

238 2680 407 2711 rationibus
416 2698 426 2712 ,
447 2687 541 2718 quam
559 2676 593 2707 in
611 2674 678 2707 Sac.
695 2672 951 2719 Congrega-tionxe
968 2671 1129 2716 (sonetur,
1151 2679 1218 2710 qua:

241 2732 396 2764 propterea
409 2723 442 2752 in
451 2721 566 2752 caribus
587 2718 843 2757 contingentibus
855 2716 961 2755 laepius
979 2715 1143 2745 mandavit
1152 2732 1162 2747 ‚
1185 2720 1218 2743 ut

244 2774 396 2796 videretur
406 2766 440 2794 de
450 2763 579 2794 veritate
590 2760 770 2792 communis
785 2759 946 2801 opinionis
957 2778 964 2787 .

284 2807 379 2839 Unde
397 2808 442 2837 his
452 2804 691 2837 authoritatibus
712 2802 797 2833 simul
821 2801 937 2843 junctis
948 2820 957 2834 ‚
980 2798 1051 2831 satis
1073 2797 1220 2839 superque

244 2859 324 2892 patet
335 2869 345 2883 2
367 2850 445 2879 hanc
468 2848 664 2888 posteriorem
686 2845 871 2878 sententiam
892 2844 990 2874 videri
1012 2844 1111 2883 magis
1133 2850 1222 2872 coin-

245 2902 372 2925 muncm
390 2911 399 2926 ‚
430 2892 490 2922 live
510 2893 696 2931 gravitatem
716 2908 726 2924 ‚
757 2888 819 2919 live
849 2895 1014 2918 numerum
1044 2883 1223 2916 Doctorum

244 2938 468 2968 commeruimus
479 2954 486 2961 -
509 2934 545 2963 ht
564 2942 668 2964 tamen
678 2941 711 2963 ut
730 2933 762 2962 in
787 2930 832 2962 uit
843 2929 954 2961 Paulus
975 2927 1155 2959 Comitolus
1168 2926 1222 2968 fia-

244 2980 353 3020 praeit.
363 2974 414 3008 lib.
426 2984 450 3014 5.
461 2977 493 3006 in
502 2975 646 3018 responsis
655 2941 820 3007 moralibus
829 2993 839 3008 ‚
860 2970 951 3013 quest.
966 2979 1011 3010 15.
1022 2971 1096 3001 Non
1107 2969 1222 3010 suntin

247 3021 358 3054 deicito
368 3021 536 3059 opinionum
544 3016 721 3049 attendendi
735 3018 837 3058 plures
845 3025 964 3047 numero
973 3034 982 3048 ‚
1005 3015 1053 3051 qui
1060 3012 1224 3054 sequuntur

247 3073 388 3102 tanquam
399 3072 470 3093 oves
478 3061 541 3091 aliae
552 3063 645 3091 aliam
654 3072 665 3096 ‚-
676 3059 732 3101 sed
741 3058 946 3100 existimanda
953 3058 1136 3089 communior
1145 3055 1204 3086 illa
1214 3074 1224 3090 ‚

248 3105 395 3147 quarnsex
407 3125 417 3139 ‚
435 3102 602 3143 veiseptem
614 3103 764 3135 Authorcs
774 3101 895 3144 Classici
904 3111 967 3132 rem
978 3110 1018 3131 ex
1025 3097 1149 3145 professo
1159 3107 1225 3130 tra-

247 3155 360 3182 tiantes
369 3146 497 3189 afferunt
507 3165 517 3180 ‚
539 3144 626 3183 quam
633 3144 758 3185 probata
766 3146 785 3177 a*
797 3145 1012 3184 quinquaginta
1012 3143 1083 3183 sola
1091 3139 1226 3189 authori-

249 3204 310 3225 tate
321 3194 449 3223 aliorum
457 3189 551 3220 dusiis
561 3189 662 3228 3quod
673 3197 742 3218 ante
752 3198 824 3219 eum
832 3187 1040 3227 dixeratJoan.
1050 3185 1163 3225 Major.
1172 3184 1225 3216 loc.

249 3240 300 3270 cit·
314 3239 344 3266 in
356 3236 418 3266 hxc
431 3234 521 3264 verba
532 3232 625 3262 :Non
638 3229 757 3271 semper
765 3229 912 3262 habendus
921 3229 961 3271 est
970 3231 1066 3260 oculus
1075 3229 1116 3259 ud
1124 3228 1228 3259 multi-

249 3277 572 3311 tudinemdicentium,
586 3272 644 3314 sed
654 3272 840 3313 stipientiam
848 3284 912 3304 cum
929 3282 1049 3305 numero
1057 3270 1228 3313 considera-

251 3320 293 3355 bis
305 3331 315 3355 ;
325 3322 392 3357 quia
396 3320 475 3362 ficut
484 3316 555 3349 duos
563 3337 573 3352 ‚
583 3317 704 3348 veltres
713 3313 869 3346 debiliores
880 3316 966 3347 valet
975 3313 1146 3357 unusfortis
1155 3333 1165 3347 ‚
1181 3314 1229 3356 sic

251 3375 322 3396 unus
333 3363 463 3394 oculatus
472 3362 634 3393 materiam
644 3356 809 3397 diligenter
817 3359 966 3394 inquirens
983 3367 1045 3390 tres
1054 3357 1132 3389 alios
1148 3354 1229 3398 infe-

252 3416 344 3437 riores
362 3406 447 3436 valet
457 3425 464 3432 .
487 3404 561 3434 Hrc
583 3403 632 3434 ille
641 3424 648 3432 .
671 3399 802 3433 Confert
823 3401 939 3439 optime
962 3402 1035 3432 illud
1059 3400 1157 3432 Exodi
1180 3408 1227 3438 23.

254 3452 283 3483 lx
289 3451 307 3481 'c
309 3448 446 3491 sequaris
457 3447 572 3478 turbam
582 3449 620 3477 ad
622 3444 649 3488 f
655 3443 796 3477 :ciendam
804 3446 877 3481 judi:
887 3453 947 3473 1:¹77}
960 3465 966 3472 .
990 3443 1036 3474 Est
1048 3445 1145 3475 bonus
1154 3451 1226 3474 text.

569 59 748 132 Prosp.
765 58 999 129 Fagnan.
1017 59 1075 113 iu
1097 56 1338 113 Primum
1355 55 1586 111 Librum
1610 52 1889 112 Decretal.

1252 151 1286 172 in
1304 140 1325 171 i.
1339 149 1363 170 1.
1376 145 1401 175 ς.
1413 139 1567 175 Ne=1ueex
1584 137 1782 171 multitudine
1802 138 1979 174 authorum,
1999 139 2084 174 C.de
2103 152 2165 175 vet.
2177 153 2232 181 yur.
2261 133 2264 136 ⁴

1250 179 1425 213 enucleand.
1434 183 1465 212 ὅ(
1476 183 1539 212 c-In
1549 181 1648 222 nostra
1656 181 1693 214 de
1700 179 1820 223 testibus
1828 202 1838 216 ‚
1857 183 1890 214 &
1900 185 2093 216 concordant
2100 185 2233 218 Alexan>

1250 228 1302 255 der
1312 223 1388 264 cons
1401 233 1470 265 202.
1479 225 1513 255 in
1521 222 1575 265 fin.
1584 227 1616 256 in
1626 236 1692 256 ver.
1703 226 1858 256 Numerus
1868 245 1877 259 ‚
1886 223 1938 256 lib.
1949 233 1978 262 7.
1990 226 2053 265 post
2064 226 2192 260 Baldum
2201 229 2234 260 in

1251 263 1487 306 LMagistratus
1495 286 1506 302 ‚
1513 270 1549 309 in
1553 266 1614 307 fine
1623 287 1633 303 ‚
1641 270 1678 300 C.
1686 267 1817 313 Quando
1821 276 1988 308 provocare
1997 278 2056 299 non
2062 267 2104 310 est
2109 268 2216 312 neceffi·
2224 292 2233 305 ,

1251 312 1284 342 &
1302 310 1356 341 alii
1367 310 1466 350 plures
1474 330 1484 344 ‚
1506 320 1584 350 quos
1605 312 1794 343 adducemus
1814 310 1900 354 infra
1909 312 1942 342 in
1950 321 1979 351 4.
1989 309 2081 352 quaest.
2089 311 2153 353 post
2172 323 2235 346 ter-

1250 356 1282 385 ti.
1288 363 1328 384 im
1337 352 1550 394 conelufionem
1559 373 1571 388 ‚
1591 353 1669 395 verfi
1680 352 1793 387 Verum
1812 363 1914 386 tamen
1921 361 2037 393 oportet
2052 357 2216 388 advertere
2225 378 2232 386 .

1252 395 1373 435 Negari
1388 405 1495 427 autem
1505 405 1569 427 non
1587 396 1683 436 potest
1691 417 1702 432 ‚
1722 400 1800 438 quin
1809 397 1965 429 Authores
1973 416 1984 432 ‚
2003 398 2060 441 qui
2078 396 2159 429 hanc
2170 398 2235 430 sen-

1251 438 1384 469 tentiam
1404 440 1571 478 probarunt
1580 458 1590 474 ,
1611 439 1670 470 sint
1689 448 1727 470 ex
1737 441 1874 480 antiquis
1896 439 2082 481 sapientibus
2091 459 2102 475 ‚
2120 441 2234 481 quibus

1250 482 1402 522 quidquid
1411 490 1521 513 contra
1529 480 1678 522 scripserit
1695 480 1835 513 Sanchez
1843 481 1877 514 in
1897 483 2008 515 Decal.
2018 492 2090 514 tom.
2103 492 2129 515 1.
2138 481 2190 515 lib.
2205 493 2232 515 1.

1251 535 1275 556 c.
1286 534 1315 560 9.
1324 534 1402 555 num.
1417 533 1463 557 11.
1475 523 1581 556 stando
1590 523 1743 556 limitibus
1750 524 1950 558 authoritatis
1957 545 1969 561 ‚
1990 528 2090 568 inagis
2099 525 2141 558 est
2150 526 2233 558 defe—

1252 569 1383 598 rendum
1398 586 1411 602 ‚
1436 567 1529 607 quam
1547 566 1737 599 Dodtoribus
1758 568 1915 600 modernis
1931 587 1942 604 ‚
1969 568 2136 601 secundum
2157 569 2233 601 illud

1249 610 1313 650 Job.
1328 619 1372 641 12.
1388 612 1478 651 13.In
1499 612 1633 647 antiquis
1641 609 1683 650 est
1692 609 1867 651 sapientia,
1888 613 1926 643 Φ·
1943 613 1978 643 in
1986 613 2080 643 multo
2101 620 2234 651 tempore

1248 651 1413 692 prudentia
1422 675 1430 683 .
1449 652 1487 684 Et
1498 652 1610 685 Eccles.
1621 662 1668 693 39.
1682 663 1707 684 1.
1717 663 1746 692 4.
1757 654 1948 692 Sapientiam
1956 657 2087 686 omnium
2095 657 2235 693 antiquo-

1251 705 1319 727 rum
1326 698 1464 734 exquiret
1466 695 1589 737 sapiens
1597 717 1604 726 .
1627 695 1665 728 Et
1675 695 1787 728 Eccles.
1798 698 1826 727 8.
1836 695 1912 727 Non
1921 704 2113 736 tepraetereat
2121 708 2234 729 narra-

1252 740 1296 769 tio
1298 737 1453 778 finiorum
1461 758 1472 773 ‚
1486 739 1545 781 ipst
1553 741 1633 770 enim
1640 737 1814 771 didicerunt
1821 735 1842 770 d
1848 735 1985 778 patribus
1995 739 2063 779 sicis
2069 761 2078 770 .
2095 740 2136 772 Et
2144 749 2235 773 notat

1253 781 1394 813 Hostien.
1405 783 1439 812 in
1456 792 1480 812 c.
1489 782 1566 813 unic.
1577 792 1657 814 num.
1669 790 1715 821 51.
1726 780 1764 813 (5⁶
1775 789 1822 821 52.
1835 783 1869 813 &
1882 781 1926 813 ibi
1941 781 2088 823 etiamJo.
2096 783 2192 815 Andr.
2202 794 2233 815 n.

1252 834 1303 864 40.
1315 822 1456 863 &qa-de
1472 826 1560 855 Sacr.
1570 825 1729 866 unst.quia
1745 826 1895 865 temporis
1903 824 2092 857 diuturnitas
2112 827 2236 858 videtur

1254 869 1299 899 cis
1307 867 1528 898 authoritatem
1538 867 1668 900 attulisse
1676 888 1686 903 ‚
1707 867 1824 899 Silvest.
1834 869 1868 899 in
1876 878 1942 899 ver.
1951 868 2082 908 Opinio,
2103 878 2153 900 nu.
2163 879 2191 900 2.
2201 872 2234 900 in

1247 908 1307 952 fin.
1318 908 1418 941 Prae}-
1428 907 1553 950 PapIen·
1561 908 1693 951 inform.
1701 908 1860 955 c.Qando
1871 908 1937 950 test.
1943 909 2032 950 praed.
2043 910 2085 941 ad
2093 919 2236 942 eternam

1253 954 1300 984 rei
1308 954 1484 985 memoriam
1494 973 1504 988 ‚
1512 954 1546 984 in
1549 951 1579 995 fi
1580 964 1609 984 n.
1621 952 1743 985 Everar.
1753 958 1786 985 in
1794 955 1858 986 loco
1866 952 1904 986 ab
1912 952 2114 988 authoritate,
2124 965 2172 985 nu.
2188 959 2234 986 16.

1253 994 1336 1036 verfi
1346 994 1404 1027 Ad
1423 1006 1510 1027 unum
1520 995 1643 1028 tantum
1658 997 1787 1028 adverte
1796 1018 1804 1027 .
1829 996 1963 1038 Ideoque
1977 997 2102 1037 antiqui
2116 996 2238 1029 Docto-

1254 1049 1300 1070 res
1322 1040 1450 1080 magni,
1470 1039 1504 1071 &
1527 1049 1605 1070 verae
1620 1038 1823 1080 Philosophiae
1843 1040 1990 1073 authores
2006 1040 2199 1081 appellantur
2219 1039 2236 1071 a

1255 1081 1349 1113 Baldo
1357 1082 1506 1122 cons-327.
1515 1093 1594 1113 nu.2.
1605 1083 1685 1124 vers.
1693 1084 1753 1114 Sed
1762 1085 1796 1114 in
1805 1081 1856 1114 hoc
1865 1094 1924 1115 non
1931 1084 2130 1118 conveniunt,
2140 1080 2193 1115 lib.
2206 1091 2232 1124 3⁷·

1253 1126 1286 1157 &
1295 1125 1314 1156 S
1319 1125 1445 1164 peculit.
1456 1126 1489 1155 in
1496 1127 1637 1164 prooemio
1647 1137 1726 1157 num.
1740 1134 1784 1165 15.
1797 1126 1906 1158 Tanta
1914 1147 1924 1162 ,
1945 1127 2049 1168 inquit
2059 1146 2069 1160 ‚
2090 1123 2174 1158 nobis
2181 1137 2236 1157 an-

1253 1169 1393 1205 tiquitati
1412 1165 1516 1199 habita
1525 1166 1566 1209 est
1586 1171 1761 1200 reverentia
1768 1189 1778 1204 ‚
1800 1178 1832 1200 ut
1840 1171 1964 1201 nomina
1974 1170 2149 1211 sapientum
2158 1171 2237 1202 taci-

1253 1212 1401 1242 turnitati
1408 1209 1530 1242 tradere
1539 1212 1621 1243 nullo
1627 1214 1783 1251 patiamur
1791 1210 1878 1244 modo
1887 1233 1896 1242 .
1906 1212 1999 1247 Item,
2006 1213 2163 1251 Antiquos
2171 1222 2236 1245 cum

1253 1255 1429 1286 reverentia
1439 1253 1502 1294 lego
1511 1274 1521 1288 ,
1537 1254 1606 1297 stne
1613 1257 1645 1286 in
1649 1254 1728 1291 juria
1742 1264 1873 1287 recentes
1881 1275 1892 1290 ,
1912 1255 2033 1288 dicebat
2040 1255 2237 1296 Lampridius

1252 1296 1269 1328 a
1278 1295 1411 1328 Sidonio
1424 1297 1536 1327 relatus
1546 1319 1553 1326 .
1577 1297 1614 1328 Et
1624 1296 1742 1329 Plinius
1763 1309 1770 1328 ε
1792 1301 1865 1330 Sum
1874 1319 1885 1333 ‚
1907 1298 2010 1339 inquit
2018 1318 2029 1333 ,
2051 1309 2092 1330 ex
2101 1297 2167 1333 his,
2187 1299 2238 1336 qui

1253 1341 1349 1371 miror
1355 1341 1494 1377 antiquos
1503 1360 1513 1374 ,
1535 1351 1592 1371 non
1601 1350 1703 1372 tamen
1710 1360 1720 1375 ‚
1740 1350 1774 1373 ut
1783 1342 1903 1379 quidam
1912 1361 1922 1376 ‚
1942 1339 2108 1382 nostrorum
2124 1349 2238 1380 tempo-

1254 1392 1320 1414 rum
1327 1383 1450 1421 ingenia
1471 1380 1598 1423 deflicio
1606 1405 1613 1412 .
1637 1383 1707 1415 Iino
1716 1394 1789 1416 eum
1797 1387 1852 1425 qui
1860 1385 2010 1425 relinquit
2018 1386 2165 1426 antiquos
2174 1383 2241 1415 Do-

1253 1425 1354 1457 ‹stores
1364 1445 1372 1460 ,
1382 1435 1414 1456 ut
1426 1426 1582 1456 modernis
1591 1426 1743 1458 adhaereat
1750 1447 1760 1462 ‚
1771 1438 1835 1459 non
1844 1425 1927 1459 recte
1939 1427 2038 1468 sapere
2046 1447 2057 1462 ‚
2065 1426 2181 1468 scripfit
2189 1426 2239 1458 Si-

1252 1468 1385 1509 gnoroll.
1396 1469 1432 1499 de
1442 1467 1658 1510 Odmod.eons.
1670 1477 1738 1508 245.
1747 1481 1776 1501 n.
1789 1479 1838 1510 45.
1848 1469 1949 1513 Qsod
1960 1469 2096 1502 maxime
2105 1471 2243 1512 procedit

1254 1514 1287 1542 in
1294 1512 1499 1551 opinionibus
1514 1512 1613 1552 gloffae
1623 1533 1632 1547 ,
1654 1514 1742 1552 cuius
1750 1513 1923 1545 authoritas
1938 1523 2048 1546 omnes
2057 1514 2134 1545 alias
2149 1522 2238 1545 ante*-

1253 1555 1355 1589 cedit,
1377 1553 1398 1584 fi
1408 1556 1563 1586 credimus
1573 1554 1667 1586 Baldo
1682 1558 1713 1586 in
1725 1556 1745 1586 l.
1755 1557 1832 1587 Cum
1840 1555 1999 1588 hereditas
2008 1576 2019 1592 ‚
2038 1559 2076 1589 C.
2085 1554 2195 1598 Depoſs
2203 1557 2240 1588 δε

1254 1606 1412 1638 propterea
1421 1598 1505 1628 idem
1514 1597 1598 1631 Bald.
1609 1599 1642 1629 in
1650 1598 1671 1630 l.
1676 1595 1734 1640 fin.
1747 1600 1772 1636 §.
1783 1599 2004 1641 Neceffitatem
2014 1619 2024 1633 ‚
2045 1601 2081 1631 C.
2089 1597 2128 1630 de
2135 1597 2238 1634 bonis,

1253 1650 1309 1678 qua
1317 1638 1404 1671 liber.
1416 1638 1596 1676 Aetherem,
1606 1641 1709 1682 inquit
1719 1661 1728 1675 ‚
1739 1640 1891 1684 Odofredi
1899 1644 2048 1677 veritati,
2063 1641 2096 1673 id
2109 1639 2151 1683 est
2156 1641 2240 1683 glosL

1246 1683 1286 1724 sae
1295 1703 1305 1718 ,
1315 1681 1572 1722 &inperpetuum
1581 1695 1638 1716 non
1649 1681 1765 1716 errabis
1774 1707 1781 1714 .
1804 1685 1842 1717 Er
1852 1685 1886 1716 in
1895 1696 1919 1717 c.
1930 1687 2091 1724 Contingit
2100 1705 2110 1720 ‚
2130 1684 2167 1716 de
2174 1683 2238 1716 dol.

1254 1726 1291 1758 (β’
1306 1735 1430 1758 contum.
1442 1726 1543 1759 arserit
1554 1727 1679 1759 Baldum
1691 1727 1850 1760 somniasse
1860 1748 1870 1764 ‚
1891 1727 1968 1760 sicut
1989 1726 2239 1760 1166111111)οόὶο-

1253 1771 1337 1801 ribus
1355 1769 1531 1802 volentibus
1549 1770 1718 1813 infringere
1733 1773 1899 1812 opiniones
1915 1771 2078 1812 glossarum
2086 1791 2096 1805 ‚
2117 1772 2151 1802 &
2172 1769 2238 1810 Cy-

1254 1823 1311 1845 nus
1320 1815 1353 1846 in
1363 1813 1385 1847 l.
1396 1813 1471 1846 Non
1481 1823 1645 1850 mortuum,
1666 1817 1693 1848 C
1695 1836 1702 1845 .
1713 1814 1749 1846 de
1765 1813 1935 1847 contrahen.
1945 1814 1983 1846 (3*
1991 1812 2240 1854 committendis*-

1249 1858 1312 1897 pui.
1327 1856 1509 1893 Advocato,
1531 1860 1653 1900 inquit,
1673 1856 1865 1891 audiia'oium
1881 1867 1983 1892 tuum.
2004 1857 2039 1889 id
2047 1854 2236 1899 estgloffam.

1254 1901 1291 1932 Et
1307 1901 1392 1941 plura
1410 1904 1447 1932 de
1464 1911 1603 1933 veterum
1626 1902 1802 1933 Deciorum
1822 1902 2011 1933 authoritate
2033 1901 2176 1941 congerit
2193 1899 2238 1940 Jo-

1252 1944 1348 1975 Andr.
1357 1944 1395 1975 ad
1417 1943 1568 1985 Speculat.
1577 1947 1610 1976 in
1625 1948 1722 1984 princ.
1733 1944 1770 1977 (9¹
1791 1946 1823 1975 in
1832 1946 1982 1976 Prooemio
2003 1941 2088 1981 huius
2095 1943 2241 1982 compila-

1252 1987 1346 2018 tionis
1356 2006 1367 2021 ,
1388 1985 1493 2018 Petrus
1503 1989 1540 2018 de
1563 1988 1698 2019 Anchar.
1707 1990 1741 2020 in
1758 1989 1901 2027 prooemio
1910 1991 1939 2019 6.
1949 1989 1983 2019 δε
2003 1985 2182 2018 Cardinalis
2203 1987 2239 2017 in

1251 2031 1393 2069 prooemio
1403 2029 1499 2061 Clem.
1511 2032 1542 2062 ὃ(
1553 2031 1605 2062 alii
1616 2030 1720 2071 passim
1731 2052 1738 2060 .
1761 2030 1845 2062 Facit
1862 2040 1936 2061 teXt.
1947 2032 1979 2061 in
1998 2027 2050 2061 lib.
2065 2039 2090 2060 1.
2101 2030 2143 2060 ibi
2166 2039 2174 2060 ε
2195 2030 2241 2060 Et

1244 2071 1322 2114 stane
1330 2071 1462 2104 crebrior
1478 2072 1556 2112 apud
1565 2082 1683 2105 veteres
1703 2075 1801 2113 opinio
1810 2072 1852 2114 est
1860 2093 1870 2108 ,
1883 2071 1922 2115 ffi
1933 2075 1983 2105 De
1999 2070 2048 2115 offi
2059 2070 2150 2113 quast.
2162 2072 2195 2103 &
2206 2073 2240 2102 in

1252 2127 1276 2147 c.
1286 2117 1335 2147 De
1345 2112 1447 2153 quibus
1455 2136 1465 2149 ,
1479 2126 1524 2147 zo.
1537 2115 1606 2157 dist.
1619 2117 1661 2148 ibi
1674 2127 1680 2147 :
1689 2118 1717 2148 F
1718 2117 1778 2148 atil
1792 2116 1828 2149 us
1836 2126 1961 2154 namque
1969 2118 2129 2147 invenitur
2137 2114 2212 2153 qued
2219 2115 2240 2145 a'

1250 2155 1385 2199 pluribus
1394 2157 1571 2189 Senioribus
1582 2159 1770 2196 quieriturAEt
1781 2161 1814 2189 in
1823 2160 1983 2190 c.Domino
1992 2155 2240 2198 Sant'lo‚50.dist.

1253 2204 1286 2233 in
1292 2198 1348 2242 fin.
1359 2202 1402 2232 ibi
1413 2200 1674 2246 :Qotiescumque
1684 2199 1815 2241 ingestis
1824 2201 2029 2233 conciliorum
2039 2199 2153 2241 discors
2166 2200 2239 2241 sen-

1254 2244 1353 2276 tentia
1363 2245 1395 2275 in
1402 2252 1522 2274 venitur
1531 2263 1540 2277 ‚
1555 2243 1641 2274 illius
1651 2244 1784 2275 Concilii
1801 2245 1898 2282 magis
1911 2251 2053 2275 teneatur
2065 2243 2222 2285 sententia
2230 2263 2242 2278 ,

1255 2285 1336 2324 cujus
1343 2288 1496 2323 antiquior
1505 2305 1515 2320 ‚
1532 2295 1583 2317 aut
1592 2288 1690 2325 potior
1700 2294 1790 2316 extat
1798 2284 1969 2318 authoritas
1978 2308 1986 2316 .

1299 2328 1368 2361 Nec
1375 2328 1545 2369 refragatur
1556 2338 1656 2360 textus
1666 2331 1699 2359 in
1715 2328 1812 2360 Clem.
1829 2338 1854 2360 1.
1865 2331 1891 2366 §.
1901 2327 1955 2368 fin.
1966 2327 2004 2360 de
2024 2331 2109 2361 Sum.
2122 2328 2244 2361 Trinit.

1257 2371 1294 2404 ὦ·
1302 2373 1378 2405 Fide
1388 2371 1507 2410 Cathol.
1518 2373 1560 2403 ibi
1571 2383 1577 2402 :
1588 2373 1768 2411 Opinionem
1782 2372 1946 2413 secundam
1953 2380 2097 2411 tanquam
2103 2369 2245 2412 probabi·-

1257 2416 1363 2448 liorem
1381 2435 1391 2449 ‚
1413 2413 1451 2446 (T
1470 2413 1559 2446 diliis
1579 2415 1757 2449 Saniiorum
1766 2434 1776 2449 ‚
1798 2426 1833 2446 ac
1853 2415 2017 2447 Doiiorum
2036 2414 2244 2448 modernorum

1259 2458 1426 2496 Theologiae
1437 2468 1533 2496 magis
1543 2455 1700 2497 consonam
1710 2477 1719 2492 2
1729 2456 1766 2490 (ᾗ
1776 2458 1947 2490 concordem
1955 2479 1965 2493 ‚
1979 2457 2069 2497 sacro
2078 2456 2245 2498 approban-

1258 2511 1287 2534 te
1297 2501 1434 2533 Concilio
1441 2499 1585 2531 duximus
1593 2499 1764 2539 eligendam
1772 2522 1780 2530 .
1798 2500 1923 2532 Etenim
1933 2511 1969 2532 ex
1979 2500 2065 2533 fasto
2073 2510 2149 2534 tunc
2159 2503 2244 2533 acci-

1259 2546 1305 2576 dit
1315 2564 1325 2579 ,
1336 2552 1370 2575 ut
1380 2542 1512 2575 secunda
1520 2545 1630 2584 opinio
1639 2563 1649 2578 ‚
1659 2553 1753 2584 quam
1762 2546 1901 2575 moderni
1912 2543 2069 2586 Theologi
2079 2544 2245 2585 sequeban-

1260 2596 1310 2618 tur
1319 2607 1329 2622 ‚
1339 2586 1526 2627 probabilior
1535 2586 1604 2618 esset
1614 2606 1624 2620 ‚
1638 2588 1671 2618 &
1682 2588 1782 2627 magis
1791 2586 1929 2618 consona
1936 2587 2032 2620 dictis
2040 2587 2225 2619 Sanctorum
2234 2608 2244 2617 .

1259 2629 1358 2661 Unde
1367 2639 1403 2660 ex
1413 2639 1468 2664 eo,
1488 2628 1573 2670 quod
1584 2627 1731 2661 Clemens
1741 2629 1776 2660 V.
1789 2640 1861 2661 cum
1871 2628 2023 2662 Concilio
2031 2639 2100 2661 eam
2115 2630 2243 2671 elegerit

1260 2682 1410 2713 tanquam
1426 2673 1661 2712 probabiliorem
1672 2692 1681 2706 ,
1703 2673 1734 2703 &
1746 2673 1838 2704 dicii-z
1849 2672 2033 2705 Sanctorum
2045 2692 2055 2706 2
2077 2674 2109 2704 &
2120 2675 2244 2704 moder-

1261 2724 1376 2747 norum
1384 2714 1619 2756 Theologorum
1642 2717 1741 2756 magis
1749 2716 1918 2747 contonam
1927 2734 1938 2750 ,
1958 2725 2022 2746 non
2034 2717 2104 2747 licet
2114 2726 2243 2757 genera-

1261 2758 1332 2790 liter
1339 2767 1465 2798 arguere
1475 2777 1485 2792 ,
1507 2767 1540 2789 ut
1549 2758 1675 2797 majoris
1691 2758 1727 2790 sit
1737 2760 1881 2797 ponderis
1897 2757 2245 2790 authoritasmoderno-

1261 2810 1331 2832 rum
1340 2820 1350 2835 ‚
1371 2801 1463 2841 quim
1473 2803 1673 2841 antiquorum
1682 2822 1689 2829 .
1712 2800 1799 2833 Nam
1817 2799 2023 2832 verisimiliter
2033 2800 2113 2842 Papa
2129 2811 2167 2833 eo
2177 2812 2246 2832 mo-

1262 2846 1304 2875 do
1313 2843 1497 2875 meminisset
1513 2845 1550 2875 de
1559 2843 1729 2885 'I'heologis
1747 2846 1884 2884 antiquis
1894 2863 1905 2879 ‚
1927 2843 1947 2874 si
1958 2846 2101 2876 eamdem
2119 2846 2245 2885 opinio-

1263 2897 1336 2918 nem
1347 2886 1467 2918 fuiisent
1477 2888 1608 2927 amplexi
1618 2906 1628 2920 ‚
1650 2885 1725 2918 sicut
1736 2886 1925 2919 meminitde
1936 2886 2027 2918 dietis
2037 2886 2224 2919 Santstorum
2233 2907 2244 2923 ,

1263 2931 1345 2970 quod
1356 2931 1393 2961 ad
1404 2939 1520 2960 veteres
1531 2928 1727 2960 referendum
1736 2931 1857 2960 videtur
1867 2951 1874 2958 .
1887 2929 1923 2960 Et
1931 2930 2140 2969 Augustinum
2150 2931 2247 2961 addu-

1264 2975 1307 3003 cit
1317 2972 1361 3004 ibi
1371 2971 1444 3012 glos.
1454 2974 1487 3003 in
1497 2982 1559 3003 ver.
1571 2971 1749 3004 Sani‘iorum
1757 2993 1764 3002 .
1782 2970 1928 3003 Praeterea
1943 2972 2032 3012 paulo
2042 2982 2114 3004 ante
2125 2971 2246 3004 Conci-

1265 3016 1299 3047 lii
1310 3013 1493 3046 Viennensis
1503 3015 1745 3046 celebrationem
1754 3034 1764 3049 ,
1784 3019 1820 3046 de
1831 3015 1962 3046 articulo
1983 3016 2065 3047 illius
2073 3014 2247 3048 Clementi-

1266 3069 1331 3092 ηε,
1354 3059 1385 3089 id
1395 3057 1434 3088 est
1443 3059 1479 3088 dc
1489 3057 1671 3091 virtutibus,
1692 3067 1758 3098 qux
1770 3059 1801 3088 in
1824 3057 1977 3099 Baptismo
1987 3059 2121 3099 parvulis
2139 3058 2246 3090 insun-

1266 3103 1398 3134 duntur,
1419 3099 1599 3140 scriprerunt
1622 3102 1769 3132 Alexand.
1780 3102 1817 3132 de
1827 3101 1917 3135 Ales,
1938 3102 2081 3133 Alberrus
2091 3101 2247 3143 Magnus,

1267 3143 1296 3174 S.
1306 3143 1447 3174 Thomas
1457 3163 1466 3177 ‚
1487 3145 1519 3175 δι
1528 3153 1599 3174 ante
1620 3153 1673 3174 eos
1684 3142 1790 3174 Petrus
1812 3143 2004 3176 Lombardus
2014 3144 2162 3185 Magister
2172 3144 2247 3177 Sen-

1268 3188 1434 3217 tentiarum
1443 3205 1452 3219 ,
1462 3196 1539 3226 quos
1549 3188 1624 3218 citat
1635 3187 1677 3218 ibi
1685 3185 1758 3227 glos.
1773 3188 1962 3228 praeallegata
1970 3207 1981 3223 ‚
1994 3189 2026 3219 &
2038 3190 2074 3220 ad
2082 3199 2159 3229 quos
2168 3189 2248 3220 veri-

1270 3229 1407 3260 similiter
1415 3229 1607 3269 respexerunt
1625 3228 1727 3260 Patres
1736 3227 1877 3261 Concilii
1900 3231 2082 3263 Viennensis
2092 3253 2100 3261 .
2121 3231 2173 3263 An
2192 3239 2247 3262 au⁵

1270 3281 1334 3302 tem
1342 3282 1377 3302 ex
1388 3272 1577 3304 authoritate
1593 3281 1752 3303 tantorum
1764 3270 2001 3314 Theologorum
2009 3273 2043 3306 sit
2051 3273 2246 3307 inferendum

1269 3317 1306 3346 ad
1319 3313 1477 3354 scriptores
1487 3315 1577 3353 hujus
1587 3317 1684 3346 aetatis
1694 3335 1703 3349 ‚
1725 3313 1863 3356 judicent
1873 3317 1926 3348 alii
1938 3338 1945 3347 .

1311 3356 1369 3388 Sed
1379 3366 1502 3391 tamen,
1525 3357 1738 3398 utTheologis
1756 3360 1997 3392 modernisalios
2013 3359 2253 3393 itidcmmoder-
2277 3369 2335 3401 354

1270 3409 1326 3430 nos
1336 3399 1515 3441 Theologos
1536 3410 1750 3440 opponamus,
1775 3411 1838 3432 non
1859 3404 1994 3442 pauciex
2015 3403 2063 3435 his
2086 3411 2250 3434 numeran-

1271 3452 1337 3475 tur,
1360 3443 1663 3483 quiexistimantcll'e
1682 3453 1844 3485 peccatum
1856 3445 1937 3487 sequi
1954 3448 2138 3488 opinionem
2150 3447 2252 3477 minus

2141 3498 2195 3529 pro

2258 407 2315 440 w

2263 1392 2319 1425 351

2266 1478 2322 1511 352

2270 2338 2324 2370 353
