2397 3664
322 152 417 198 μου

257 225 485 267 Imperatorem
497 224 577 266 posse
587 222 785 264 privilegiare
796 220 945 251 ecc-lenas
956 241 966 254 ,
984 223 1016 250 oc
1027 220 1168 258 personas
1190 207 1248 251 Ec-

259 269 443 301 clesiasticas
453 291 462 305 ‚
485 272 515 300 ὅ(
530 268 611 298 idem
622 273 712 296 notat
723 266 756 293 in
769 264 820 292 tit.
834 263 882 293 De
893 264 1044 292 immum't.
1060 261 1245 300 Ecclefi§.A

252 312 357 350 quibus
368 308 544 345 muneribus,
552 309 603 340 col.
617 317 642 348 3.
655 304 800 345 vcrsEgo
809 303 1069 345 puto,&col.seae1q.
1081 304 1159 345 verfi
1170 306 1244 337 Item

191 363 234 393 40
254 355 310 387 hac
338 366 413 386 vcra
428 353 500 394 fiant
527 350 571 383 ibi
578 362 588 380 .·
617 348 696 381 Cam
712 359 778 386 ergo
801 351 945 388 Princeps
956 371 963 378 .
993 347 1051 378 Pro
1072 348 1247 380 concordia

258 398 324 429 dici
337 399 430 437 pollet
449 396 673 434 Imperatores,
695 402 729 423 ac
742 390 901 432 Principes
914 391 1147 422 i'aecularesnon
1165 391 1246 431 porse

254 440 454 482 privilegiare
475 435 624 467 Ecclesias
636 457 645 471 ‚
667 436 700 466 ὅ(
720 434 862 475 personas
884 433 1112 466 ecclesiasticas
1135 434 1167 466 in
1189 434 1246 474 spi-

252 484 436 518 ritualibus,
458 479 504 510 sed
527 478 604 510 bene
618 479 649 509 in
672 477 914 518 temporalibus,
935 488 1002 517 qux
1023 477 1113 508 habet
1126 477 1158 508 in
1180 477 1225 508 eis
1236 499 1245 513 ,

252 536 277 558 s,
289 527 324 556 In
334 521 470 568 Synnadis,
491 528 507 553 c·
517 533 542 563 3.
555 520 684 562 distinfi.
698 520 804 563 junsta
814 521 936 561 glolssin
949 522 1028 552 verb.
1040 521 1245 562 Conceffionis,

252 570 285 600 &
295 566 334 597 cll
346 564 504 597 distinctio
515 565 625 597 Innoc.
636 567 668 596 in
679 563 708 595 d.
718 575 742 596 c.
758 563 886 596 Auditis
896 565 928 595 in
940 567 1035 605 princ.
1051 562 1127 595 dein
1137 566 1244 601 integr.

249 609 378 650 restit-or.
391 619 464 644 cum
475 619 540 650 quo
551 610 749 639 concordant
758 607 914 639 Hostiens.
925 610 958 638 in
967 605 1123 639 Summ.dc
1133 607 1245 646 appell.

249 656 277 691 §.
294 654 327 683 A
338 663 389 690 quo
399 653 487 693 col.3.
499 651 577 692 vers.
588 651 650 684 Sed
661 660 731 693 pone
744 673 753 687 ‚
768 651 810 682 ibi
824 673 833 687 ‚
855 662 906 682 nec
918 653 996 681 enim
1006 659 1074 690 puto
1083 672 1093 686 ‚
1114 652 1188 680 dum
1200 649 1245 681 ait

249 694 347 727 laicos
357 697 460 737 quoad
475 696 573 726 laicos
585 718 594 733 ,
607 697 653 727 vel
665 696 767 735 quoad
784 694 929 733 jussuum
941 693 1075 734 pertinet
1088 693 1168 733 poss'c
1189 692 1246 723 Ec-

249 738 356 771 clesias
368 739 566 778 privilegiare
581 761 591 775 ,
611 740 643 770 &
659 738 696 769 fic
710 737 884 777 intelligit,
907 748 932 768 c.
948 735 1101 771 Auditis,
1121 735 1157 766 de
1176 744 1246 775 prae-

238 781 300 824 scr.
312 793 336 814 c.
348 783 431 823 later
441 780 566 814 dilefios
576 781 612 812 de
617 779 676 823 fid.
688 778 772 820 instr.
785 779 814 810 d.
826 792 849 811 c.
862 778 996 811 Auditis
1006 778 1084 811 dein
1093 781 1247 816 integrm·-

237 824 308 867 stit.
319 836 343 862 c.
355 823 567 866 Constantinus
579 830 630 861 96.
642 822 710 863 dist.
721 829 758 855 Θ·
768 832 835 864 cap.
852 823 971 854 Dudum
980 820 1016 852 de
1024 822 1131 853 decim.
1147 820 1244 852 Unde

251 868 455 910 privilegium
467 869 626 900 indultum
638 868 675 898 ab
689 867 876 906 Imperatore
890 865 987 897 alicui
999 864 1140 897 Ecclesiae
1163 866 1245 897 valet

246 922 360 952 contra
370 912 505 951 privatos
518 911 570 942 sibi
583 910 743 944 subditos,
765 908 812 939 sed
827 919 892 940 non
911 918 1023 940 contra
1043 909 1118 940 alias
1138 908 1244 941 Eccle-

248 954 304 986 fias
315 978 324 990 ,
346 955 402 986 nisi
416 954 590 987 authoritas
604 952 687 992 l‘apae
701 951 893 984 interveniat
903 973 912 987 ,
923 963 948 982 c.
960 953 1046 983 Hinc
1055 952 1149 982 etiam
1161 974 1170 987 ,
1196 960 1244 988 17.

249 996 319 1036 dili,
332 990 363 1029 ὃ(
376 995 424 1028 hic
436 1007 526 1028 norat
539 996 672 1026 Henric.
685 994 792 1025 Boich.
803 1005 833 1025 n.
849 1004 874 1026 1.
886 992 980 1035 infin.
992 993 1072 1035 verſs
1084 993 1170 1027 Undi’
1180 996 1241 1035 pri.

247 1042 392 1078 vilegium
403 1063 411 1075 ‚
437 1038 500 1079 post
510 1034 638 1069 Arc-hid.
650 1040 681 1067 in
689 1049 714 1069 c.
731 1037 795 1078 Quo
806 1036 869 1075 jure
878 1040 907 1069 8.
921 1036 989 1077 dist.

287 1084 464 1124 Ampliatur
477 1081 593 1113 ultimo
605 1103 614 1118 ‚
635 1080 758 1112 etiamsi
773 1080 886 1119 statuta
898 1104 905 1117 ,
929 1083 961 1113 ὃς
975 1083 1055 1120 leges
1067 1080 1245 1121 hujusmodi

244 1129 421 1159 edanturex
436 1123 631 1167 justacausa‚
651 1133 819 1163 prouterat
831 1124 864 1155 in
885 1124 1057 1166 casuhujus
1076 1124 1244 1156 decretalis

244 1179 368 1209 propter
389 1178 604 1209 paupertatem
616 1189 626 1208 ,
662 1167 737 1207 quia
758 1167 966 1198 nihilominus
976 1168 1016 1198 ob
1025 1166 1181 1200 defectum
1192 1178 1245 1208 po-

239 1212 356 1244 testatis
368 1222 432 1243 non
445 1213 568 1251 valent,
592 1221 626 1242 ut
638 1209 687 1241 hic
697 1210 854 1242 deciditur
865 1232 875 1247 ‚
887 1211 964 1248 &in
977 1212 1084 1242 notab.
1096 1211 1166 1242 casu
1179 1221 1243 1242 tra-

238 1256 286 1287 rlit
300 1256 348 1287 An
356 1257 414 1296 gel.
424 1254 499 1294 confi
513 1264 562 1294 23.
574 1254 676 1287 Nulla
686 1253 808 1298 persona
818 1276 827 1291 ,
840 1264 932 1294 quem
945 1253 1084 1294 sequitur
1098 1253 1178 1292 Dec.
1191 1252 1242 1285 hic

237 1311 288 1338 pu.
304 1302 349 1330 18.
373 1301 405 1330 δέ
418 1298 500 1329 ratio
519 1297 720 1334 esteviden‘s,
744 1297 821 1337 quia
833 1299 870 1329 ad
892 1297 1090 1329 validitatem
1112 1297 1243 1329 statuto-

241 1352 331 1378 rum,
355 1352 388 1372 ac
401 1343 503 1381 legum
516 1352 581 1374 non
594 1339 705 1372 sufficit
720 1340 796 1382 justa
814 1339 926 1376 causa,
947 1340 994 1371 sed
1019 1340 1170 1381 pra-cipue
1190 1350 1243 1380 po-

237 1385 328 1417 testas
342 1385 505 1418 statuentis
517 1384 689 1424 requiritur
699 1406 708 1420 ‚
731 1393 764 1415 ut
778 1384 810 1415 in
823 1385 933 1415 eodem
947 1384 1016 1415 casu
1027 1384 1123 1415 tradit
1136 1384 1241 1415 Abbas

235 1428 314 1468 conſs
328 1432 375 1469 38.
390 1426 647 1467 Profertsdabium
659 1437 711 1467 per
721 1436 815 1466 toturn
824 1425 908 1459 lib.1.
921 1429 952 1458 δι
966 1427 1043 1458 Dec.
1059 1426 1090 1458 d.
1101 1438 1180 1458 num.
1195 1430 1242 1458 18.

237 1474 272 1504 &
291 1482 381 1503 notat
404 1472 487 1502 Bald.
508 1473 540 1502 in
553 1469 706 1511 confi326.
728 1472 796 1502 Rex
820 1472 1018 1502 Romanorum
1035 1481 1148 1501 numer.
1160 1483 1189 1502 z.
1210 1472 1244 1501 in

238 1517 335 1556 princ.
348 1514 428 1554 vers.
442 1517 518 1546 Item
529 1524 640 1546 certum
653 1513 693 1554 est
703 1514 778 1551 quod
785 1517 918 1554 potentin
932 1512 985 1545 lib.
1004 1522 1026 1544 1.
1038 1515 1155 1545 Surdus
1165 1512 1243 1553 cons.

248 1569 286 1600 30
295 1569 304 1589 ι
313 1557 381 1599 fieb
391 1566 471 1597 7145.
485 1556 950 1598 vers.I:'triorirrzovetcumsec1q.
962 1558 1049 1597 Γαίῃ.
1060 1557 1168 1589 dicens
1178 1580 1188 1593 ‚
1210 1560 1243 1589 &

241 1601 320 1633 bene
335 1624 345 1638 ‚
358 1600 448 1642 rquod
465 1600 541 1632 licet
554 1603 590 1632 ad
604 1600 781 1641 Principem
793 1600 964 1641 secularem
976 1600 1087 1641 spectet
1099 1601 1244 1640 provide-

239 1654 276 1677 re
287 1645 373 1676 circa
385 1644 548 1685 politicam
559 1645 764 1684 temporalem
775 1666 784 1680 ‚
808 1646 840 1675 &
852 1655 888 1675 ea
898 1667 908 1681 ‚
927 1654 994 1685 quae
1006 1644 1168 1686 publicum
1188 1645 1243 1676 bo-

240 1698 320 1720 num
332 1689 418 1720 circa
427 1688 614 1728 temporalia
625 1687 796 1727 respiciunt
806 1709 816 1723 ‚
841 1698 907 1719 non
918 1697 1025 1719 tamen
1038 1687 1180 1728 personas
1190 1710 1199 1724 ‚
1211 1688 1244 1718 &

249 1741 295 1762 res
307 1731 452 1762 Ecclefiae
463 1753 473 1767 ,
496 1731 543 1762 vel
555 1730 757 1762 Clericorum
768 1730 926 1771 attingere
937 1730 1054 1771 potest,
1075 1731 1152 1771 quia
1162 1733 1197 1762 ad
1210 1730 1245 1762 il-

236 1775 309 1806 iius
322 1774 429 1814 statuti
451 1774 648 1806 validitatem
669 1784 734 1804 non
756 1773 868 1805 sufficit
878 1773 997 1816 justitia
1008 1774 1104 1805 causa*
1115 1796 1124 1810 ,
1145 1784 1179 1805 ac
1193 1774 1245 1805 bo-

243 1829 322 1851 num
333 1818 494 1860 publicum
506 1840 516 1855 ,
535 1817 592 1848 nisi
604 1826 776 1848 concurrat
788 1817 963 1848 authoritas
975 1839 982 1848 .

277 1861 315 1893 Et
327 1872 363 1902 ex
375 1861 433 1893 hoc
448 1861 591 1900 redditur
601 1858 692 1892 valde*-
701 1860 888 1898 dubitabile,
898 1862 982 1901 quod
995 1859 1045 1891 hic
1057 1869 1150 1893 notat
1161 1860 1245 1892 idem

240 1905 326 1944 Bald.
337 1915 420 1944 num.
439 1904 525 1941 19.&
535 1916 587 1936 20.
609 1903 758 1934 videlicet
766 1902 920 1944 'Capitula
931 1903 1067 1935 feudalia
1078 1903 1244 1943 prohiben-

247 1948 295 1980 tia
307 1947 532 1980 alienationem
544 1947 628 1978 feudi
643 1947 675 1977 in
687 1945 856 1978 Ecclesiam
877 1948 980 1978 valere
993 1969 1001 1982 ,
1022 1957 1078 1978 nec
1096 1947 1161 1978 dici
1182 1947 1244 1988 pos-

246 1991 276 2024 se
293 2001 408 2030 contra
421 1991 599 2023 libertatem
609 1989 855 2022 Ecclesiasticam
867 2012 876 2026 ,
897 1990 970 2021 cum
988 1991 1046 2022 fint
1066 1990 1192 2022 feudata
1211 1990 1246 2021 in

191 2046 231 2078 43
253 2036 378 2069 ratione
390 2034 548 2070 naturali,
569 2036 600 2065 &
610 2034 859 2065 inconvincibili
873 2034 969 2073 ‚·q‘uia
980 2033 1116 2064 Lccleha
1128 2033 1168 2066 est
1178 2032 1245 2065 c'ul-

247 2078 310 2111 trix
325 2078 447 2121 justitiae
460 2100 469 2114 ,
480 2088 538 2109 nec
550 2077 582 2109 in
592 2076 619 2109 se
629 2077 741 2119 justum
751 2099 762 2113 ‚
782 2083 839 2108 nec
854 2076 886 2116 in
899 2077 999 2108 aliurn
1019 2077 1154 2113 tolerat,
1175 2088 1200 2108 c.
1217 2086 1243 2108 1.

237 2120 375 2167 Defeud.
387 2122 482 2152 alien.
500 2119 688 2152 Ubi‘textus
701 2120 814 2152 unicus
825 2141 837 2155 ,
854 2119 933 2159 vers.
954 2121 1022 2150 Nec
1030 2118 1224 2161 feudatarius
1235 2143 1242 2149 .

242 2162 245 2164 ’
277 2165 336 2197 Sed
348 2164 434 2197 certe
448 2165 510 2195 haec
538 2164 621 2195 ratio
634 2174 698 2194 non
711 2163 752 2195 est
764 2163 958 2194 concludens
969 2184 979 2198 ‚
1000 2164 1077 2202 quia
1086 2162 1177 2194 causa
1197 2173 1243 2195 et-

237 2208 301 2241 iam
311 2207 492 2249 graviffima
508 2217 572 2238 non
590 2207 704 2238 tribuit
728 2206 882 2238 statuendi
900 2205 1084 2246 potestatem
1106 2216 1171 2237 non
1191 2206 1243 2237 ha-

222 2265 225 2268 >
239 2251 329 2284 benti
339 2273 350 2287 .
371 2260 406 2282 ut
415 2251 544 2292 ipsemet
555 2251 646 2282 Bald.
659 2260 751 2282 notat
764 2250 797 2281 in
809 2250 960 2282 ACunftos
971 2250 1178 2289 populonium.
1195 2259 1242 2287 55.

234 2293 317 2334 verfi
328 2296 379 2326 Ita
389 2296 472 2333 ratio
488 2305 545 2325 non
555 2294 630 2325 vale
658 2316 668 2330 ,
688 2296 724 2326 C.
735 2292 773 2325 de
782 2296 909 2325 Summa
922 2294 1044 2324 Trinit.
1063 2290 1171 2334 &fide
1181 2295 1243 2324 Ca-

233 2337 457 2376 tholica‚ssuti·.
472 2337 506 2369 in
519 2336 553 2369 d.
564 2339 639 2369 c.Ec
658 2337 733 2381 lesia
744 2337 863 2369 Sanei‘ae
875 2338 992 2368 Μανία
1001 2348 1049 2366 nu.
1063 2346 1111 2367 20.
1130 2335 1184 2367 ubi
1196 2345 1241 2367 et-

237 2381 301 2413 iam
314 2381 414 2415 Felin.
430 2391 510 2413 num.
526 2390 575 2421 39.
599 2379 678 2421 verfi
690 2382 735 2412 Et
744 2379 883 2412 dicuntur
892 2377 970 2419 justae
980 2378 1037 2420 inf,
1049 2377 1112 2410 eod.
1123 2377 1243 2411 Crotus

251 2425 319 2456 inl.
331 2422 595 2465 filiusfamilias,
611 2427 639 2461 §.
650 2426 734 2456 Divi
744 2434 824 2454 num.
839 2427 887 2454 80.
902 2422 940 2466 ff.
953 2425 1004 2455 De
1021 2423 1111 2461 legat.
1128 2432 1151 2453 1.
1174 2422 1246 2453 For-

244 2478 314 2499 tun.
326 2468 420 2500 Garz.
430 2470 463 2499 in
474 2467 599 2504 traffat.
613 2466 649 2498 de
659 2468 758 2499 ultim.
772 2466 825 2507 fin.
838 2476 918 2505 num.
935 2475 968 2506 15
977 2477 1004 2508 3.
1023 2469 1055 2497 in
1066 2463 1142 2504 fine,
1162 2464 1244 2505 vers.

244 2523 299 2543 nec
310 2509 404 2552 obstat
414 2513 495 2542 ratio
507 2533 516 2547 ‚
538 2510 627 2548 Bero-
640 2511 672 2542 in
683 2520 749 2552 cap.
764 2521 789 2542 1.
807 2520 888 2541 num.
902 2508 1070 2550 220.snprae'
1081 2507 1142 2540 eod.
1161 2508 1245 2548 Qi-

252 2555 307 2586 bus
319 2554 472 2586 consonat
484 2553 630 2586 doctrina
641 2554 719 2586 Divi
732 2553 862 2585 Thomae
873 2553 907 2585 in
920 2564 945 2585 1.
957 2565 986 2585 2.
998 2551 1089 2593 quest.
1110 2556 1160 2589 ,96-
1181 2562 1244 2583 art.

249 2608 280 2636 4.
291 2600 323 2629 in
332 2597 386 2639 fin.
398 2598 451 2629 ubi
473 2599 568 2629 docet
587 2598 669 2637 leges
689 2597 755 2629 dici
773 2597 865 2640 justas
874 2596 974 2629 tribus
994 2596 1097 2635 modis
1106 2618 1114 2626 .
1135 2594 1243 2627 Primo

252 2650 288 2671 ex
299 2641 359 2672 fine
370 2664 379 2677 ,
400 2641 475 2682 quia
484 2641 675 2672 ordinantur
687 2642 724 2672 ad
746 2641 863 2672 bonum
886 2650 1074 2672 commune.
1096 2637 1244 2670 Secundo

248 2693 284 2713 ex
295 2685 423 2716 authore
434 2707 443 2720 ,
465 2686 593 2725 quando
604 2684 652 2716 lex
663 2684 728 2716 lata
737 2694 803 2715 non
814 2684 939 2715 excedit
949 2683 1131 2724 potestatem
1142 2681 1242 2713 feren-

249 2726 288 2757 tis
302 2749 309 2757 .
330 2726 443 2758 Tertio
454 2738 489 2758 ex
503 2726 605 2763 fama,
624 2728 752 2769 quando
762 2737 860 2758 onera
871 2727 1040 2768 imponunt
1051 2725 1182 2757 subditis
1201 2725 1240 2756 se—

181 2777 218 2809 45
241 2768 380 2801 cundum
400 2772 610 2811 aequalitatem
622 2794 629 2801 .
651 2769 873 2812 Qtamobrem
896 2771 988 2802 causa
1009 2766 1085 2800 b'oni
1104 2768 1244 2808 publici,

247 2821 307 2851 quq
318 2813 486 2852 requiritur
497 2816 531 2845 ad
547 2815 647 2853 legem
660 2815 862 2845 condendam
872 2836 882 2854 ‚
892 2813 956 2845 sola
967 2823 1030 2844 non
1042 2811 1171 2847 sufficit,
1193 2811 1242 2842 ni-

250 2855 271 2886 si
283 2854 378 2885 etiam
387 2858 532 2888 conditor
555 2858 665 2889 habeat
677 2856 860 2897 potestatem
872 2879 881 2893 ,
911 2858 943 2888 δεῖ
955 2857 1039 2888 intra
1049 2857 1114 2897 ejus
1126 2855 1202 2886 fines
1214 2854 1244 2886 se

248 2897 428 2929 contineat.
454 2897 550 2940 Qiod
563 2901 680 2933 ibidem
691 2899 829 2940 expresse
844 2899 884 2931 D.
896 2899 1036 2931 Thomas
1047 2898 1243 2930 animadver-

247 2940 288 2972 tit
299 2940 427 2972 dicens:
451 2942 548 2979 legem
560 2944 622 2976 esse
637 2944 782 2986 injustam
794 2954 829 2975 ex
843 2942 968 2975 auc‘tore
979 2965 990 2979 ,
1009 2941 1082 2973 cuin
1103 2941 1244 2982 aliquam

251 2985 351 3024 legem
365 2983 423 3015 fert
435 2985 517 3015 ultra
530 2985 583 3017 fibi
594 2987 788 3019 commissam
801 2987 984 3027 potestatem
995 3007 1004 3022 ,
1026 2984 1146 3017 etiamst
1159 2985 1244 3016 ordi-

187 3032 229 3067 46
251 3037 345 3063 netur
356 3029 392 3058 ad
405 3027 522 3058 bonum
533 3039 699 3063 commune
713 3054 720 3062 .
745 3029 814 3061 lino
827 3030 957 3070 potestas
969 3027 1123 3067 statuendi
1144 3028 1243 3068 magis

252 3069 293 3102 cst
305 3069 475 3101 necessaria
486 3071 522 3101 ad
535 3071 632 3107 letzem
644 3077 841 3106 condendam
853 3096 862 3109 ,
882 3073 977 3113 quam
998 3071 1089 3103 causa
1100 3071 1175 3102 boni
1189 3082 1239 3111 pur

254 3113 333 3145 blici
343 3135 353 3150 ,
362 3112 508 3154 quiahaec
521 3113 642 3153 respicit
655 3117 731 3156 legis
742 3117 929 3157 qualitatem
940 3139 949 3153 ‚
960 3116 1015 3148 illa
1024 3114 1099 3146 vero
1110 3113 1243 3145 substan-

252 3157 330 3188 tiam
342 3179 351 3192 ⁷
374 3156 436 3188 sme
447 3166 509 3195 qua
522 3157 608 3187 nulla
617 3159 751 3194 qualitas
763 3159 955 3192 considerari
967 3158 1063 3200 potest
1073 3181 1082 3194 ,
1103 3158 1124 3189 l.
1135 3159 1170 3189 Si
1183 3157 1246 3188 nul-

187 3208 227 3238 47
249 3200 310 3230 lam
322 3222 331 3236 ,
344 3202 370 3237 §.
382 3201 420 3231 Si
430 3198 568 3235 absentis
578 3221 588 3239 ²,
606 3198 639 3241 ff.
651 3202 700 3232 De
710 3207 796 3241 petit.
809 3202 976 3235 hareditas.
986 3201 1129 3244 Qiando
1140 3210 1245 3232 autem

254 3243 300 3273 lex
333 3243 438 3274 civilis
464 3241 606 3282 specifice
626 3243 788 3282 disponens
815 3248 851 3278 de
882 3245 1028 3277 Ecclesiis
1049 3244 1087 3276 eil
1117 3243 1247 3275 inducta

253 3284 339 3324 suf'el'
350 3286 474 3318 [2150ssss
495 3285 653 3321 naturali,
674 3297 731 3318 nec
751 3290 901 3328 reperitur
909 3288 1024 3322 Canon
1045 3286 1225 3318 contrarius
1235 3309 1245 3322 ‚

257 3328 355 3366 potest
366 3328 419 3360 illa
429 3329 542 3360 servari
553 3328 585 3360 in
596 3328 667 3359 foi-0
687 3329 899 3362 Ecclefiaflico
910 3355 919 3368 ‚
942 3343 1007 3366 non
1026 3329 1149 3362 ratione
1171 3330 1246 3368 legis

256 3369 409 3410 Principis
420 3393 430 3407 ‚
451 3372 498 3403 sed
511 3372 635 3404 ratione
647 3373 802 3408 naturali,
825 3375 906 3414 {uper
915 3386 977 3416 qua
987 3375 1136 3406 fundatur
1146 3396 1155 3408 ,
1181 3383 1245 3411 arg.

192 3416 233 3454 48
256 3422 322 3452 cap.
338 3413 504 3452 Ptisloralis
513 3413 548 3445 de
558 3413 612 3456 fid.
625 3414 758 3456 instrum.
781 3415 865 3447 Nam
877 3419 1042 3449 deficiente
1054 3426 1188 3451 canone,
1199 3416 1245 3447 vel

261 3456 329 3495 lege
341 3478 350 3492 ,
362 3461 585 3489 recurrendum
597 3458 637 3490 est
650 3461 685 3490 ad
705 3458 861 3491 rationem
878 3462 1073 3496 naturalem,
1096 3469 1214 3499 argum.
1226 3459 1246 3489 l.

258 3501 338 3529 Sive
349 3508 460 3540 oportet
470 3522 479 3536 ‚
502 3502 528 3537 §.
540 3501 660 3541 Sufficit
672 3524 681 3538 ,
692 3499 732 3544 ff.
743 3503 792 3534 De
802 3502 937 3543 excusat.
956 3512 1043 3534 tutor.
1056 3501 1093 3534 Φ·
1112 3511 1178 3542 cap.
1197 3504 1250 3533 Sc-

260 3540 352 3573 cundo
364 3545 492 3582 requiris
510 3542 605 3586 infin.
618 3544 654 3576 de
664 3546 811 3587 appellat.
831 3547 865 3578 &
882 3547 1020 3578 declarat
1041 3545 1121 3578 Abb.
1129 3547 1161 3577 in
1172 3543 1250 3577 ditio

176 1095 216 1126 41

180 1872 220 1908 42

171 2177 215 2209 44

673 129 838 199 Prosp.
855 105 1076 203 Fagnati.
1101 123 1152 185 in
1163 126 1383 186 Primum
1407 129 1618 187 Librum
1629 128 1901 189 Decretals

1283 234 1348 262 cap.
1365 223 1501 261 Ecclesia
1510 222 1624 251 Stinssiae
1636 224 1751 252 sis-‚rm
1761 222 1817 262 inf.
1830 221 1894 253 iod.
1903 223 1935 253 in
1943 220 2056 254 churae
2067 220 2099 256 d.
2107 227 2208 258 {Iu-10.
2219 227 2278 259 tir·

1282 277 1316 297 ca
1328 264 1418 305 finem
1428 285 1437 300 ,
1450 263 1527 302 verlss
1540 262 1607 294 Ideo
1625 264 1690 295 dico
1701 286 1709 299 ‚
1730 263 1802 301 qnod
1812 263 1862 296 ubi
1873 265 1925 296 lex·
1937 287 1946 301 ,
1965 263 2003 296 (ῥ’
2012 267 2045 296 in
2063 275 2154 307 repet.
2164 279 2212 300 nu.
2230 278 2275 308 15.

1285 311 1365 339 circa
1373 305 1467 348 finem
1477 329 1487 345 ‚
1507 305 1585 346 vers.
1597 307 1707 349 ltemfi
1716 308 1769 339 lex
1780 305 1847 348 cffct
1856 307 1978 340 indufba
1989 330 1999 345 ‚
2019 310 2052 339 ἐκ
2063 308 2108 340 ibi
2118 310 2215 343 etim
2226 312 2279 348 Fe·

1283 352 1339 383 lin.
1352 353 1380 381 d.
1395 361 1423 381 n.
1433 359 1483 387 40.
1495 349 1574 390 verſs
1584 348 1704 381 Duobus
1714 359 1817 383 tamen
1828 352 1943 394 cafibus
1955 375 1962 382 .

1328 392 1398 424 Nec
1412 402 1502 432 urget
1514 402 1735 433 argumentum
1747 393 1834 425 Baldi
1845 393 1894 426 hic
1906 407 1934 426 n.
1951 393 2092 435 16.quod
2108 395 2199 427 laicis
2211 396 2278 429 lici·
2298 406 2342 437 49

1283 445 1350 468 tum
1363 436 1398 467 sit
1408 435 1573 467 defendere
1586 435 1651 466 suas
1662 435 1892 477 jurisdiffiones
1904 460 1914 474 ,
1934 440 1967 469 &
1987 438 2161 471 utilitatem
2180 440 2279 480 publi-

1282 490 1353 511 cam
1364 479 1398 510 in
1409 478 1612 519 acquirendis
1625 477 1775 519 Ecclesie,
1785 479 1930 519 quiahoc
1941 480 2182 523 potestpactutm
2191 485 2224 514 &
2235 493 2279 515 re-

1284 522 1480 558 stamenrum,
1491 531 1524 553 ut
1538 519 1693 558 l.fin.C.de
1700 519 1909 554 reb.Eccl.non
1918 524 2172 557 alien.l.ult.C.de
2179 527 2280 565 pastis
2302 535 2340 566 50

1282 568 1362 597 inter
1373 576 1417 596 em
1419 565 1628 606 ptoremAErgo
1639 566 1671 596 ὃ(
1682 564 1842 601 statutum,
1854 575 1888 597 ut
1898 576 2028 599 notatur
2038 568 2072 600 in
2083 568 2144 600 l.Si
2153 571 2202 600 ita
2213 571 2279 607 quis
2291 565 2294 567 ’

1284 611 1311 646 §.
1326 612 1374 640 Ea
1386 610 1447 647 lege
1456 632 1466 645 ,
1472 606 1506 650 ff.
1519 610 1568 640 De
1578 606 1662 640 verb.
1677 607 1763 653 qblig.
1775 611 1812 639 Θ*
1823 609 1888 640 inl.
1901 620 1930 640 2.
1941 612 1977 642 C.
1989 609 2026 642 de
2038 611 2094 649 jur.
2105 610 2236 652 emphvt.

1324 651 1409 685 Nam
1430 651 1633 693 respondetur
1654 650 1801 683 nonsatis
1822 651 1927 691 aperte
1947 653 2038 694 argui
2057 655 2074 685 ἐι
2094 651 2281 695 prohibitio·
2302 663 2338 695 53

1282 705 1322 727 ne
1343 695 1477 736 privati,
1501 697 1537 726 ad
1557 694 1808 734 prohibitionem
1828 693 1982 736 Principis
1993 719 2001 727 .
2032 695 2121 749 Nan}
2138 698 2278 739 privatus

1282 739 1373 770 habet
1399 738 1432 774 in
1444 738 1498 770 suo
1519 737 1618 770 fundo
1637 738 1764 778 plenum
1781 737 1962 770 dominium
1973 761 1982 774 ,
2004 740 2189 782 plenamque
2209 752 2279 782 pto-

1281 781 1447 823 prietatem
1456 803 1466 819 ,
1487 779 1634 820 Princeps
1654 779 1728 811 vero
1750 779 1876 812 tantum
1908 780 2138 822 protestionem
2154 785 2280 826 jurisdi-

1282 824 1424 857 ctionem
1434 846 1443 859 ‚
1465 824 1671 867 &quoddam
1680 822 1862 854 dominium
1873 823 2090 856 universaliter
2100 826 2277 860 considera-

1282 877 1371 904 tum·‚
1394 877 1460 898 non
1471 876 1575 899 autem
1586 867 1687 899 ullum
1697 865 1852 899 dii-cetum
1862 888 1871 902 ‚
1894 867 1940 898 vel
1953 867 2031 899 utile
2040 868 2221 903 dominium
2232 872 2278 903 ul-

1282 911 1343 943 lius
1354 910 1435 942 certi
1446 909 1555 947 fundi,
1577 919 1697 941 certive
1709 909 1765 940 soli
1776 932 1785 945 ‚
1805 909 1891 947 gloss.
1904 909 1969 942 inl.
1991 910 2073 944 Bene
2084 910 2105 942 a*
2115 912 2236 945 Zenone
2245 916 2281 947 in

1281 952 1366 986 verb.
1375 955 1493 986 Omnia
1503 954 1658 992 Principis
1667 974 1676 989 ‚
1698 951 1772 984 Cod.
1785 953 1820 983 de
1834 951 2011 990 quadrienn.
2024 953 2187 996 praefiript.
2199 955 2279 989 Abb.

1279 995 1332 1032 hic
1342 1007 1422 1028 num.
1439 1006 1486 1028 11.
1497 994 1576 1036 verfi
1587 998 1625 1027 Si
1636 1004 1736 1028 autem
1749 1007 1806 1027 non
1815 993 1915 1037 fisbaest
1924 996 2015 1038 causa
2026 1020 2035 1034 ‚
2046 994 2084 1029 ὠ*
2093 996 2126 1029 in
2134 1008 2201 1039 cap.
2214 1000 2282 1031 Ni-

1281 1042 1341 1072 mis
1353 1062 1362 1077 ‚
1381 1051 1411 1071 n.
1428 1050 1453 1071 1.
1466 1041 1515 1072 De
1526 1038 1644 1077 jurejur.
1658 1039 1745 1075 Alex.
1757 1038 1832 1078 cons.
1845 1042 1895 1077 76.
1908 1041 1943 1071 In
1955 1040 2045 1080 onufr
2058 1064 2067 1077 ‚
2079 1039 2116 1073 ό·
2127 1043 2183 1074 lite
2192 1055 2239 1074 nu.
2252 1052 2283 1081 7.

1280 1083 1350 1116 libr.
1364 1095 1392 1115 z.
1413 1085 1445 1115 ὅ(
1456 1093 1493 1118 ex
1514 1082 1679 1115 communi
1690 1081 1762 1113 DD.
1777 1081 1933 1123 sententia
1945 1082 2087 1115 Restant.
2097 1084 2234 1118 Castald.
2247 1086 2280 1118 in

1281 1127 1370 1159 trac‘i.
1383 1125 1419 1158 de
1430 1129 1538 1167 Imper.
1549 1137 1594 1164 qu.
1607 1136 1657 1161 92.
1671 1123 1725 1157 lib.
1739 1137 1766 1159 2.
1789 1125 1924 1158 Martin.
1935 1126 2072 1159 Lauden.
2085 1126 2122 1159 de
2141 1131 2280 1170 Princip.

1281 1168 1371 1211 quaest.
1383 1179 1434 1210 47.
1446 1168 1578 1205 Francis.
1590 1169 1741 1201 Zoanett.
1754 1169 1788 1200 in
1797 1169 1890 1201 trost.
1899 1168 1936 1201 de
1956 1173 2080 1203 Roman.
2091 1173 2139 1209 lm
2140 1181 2203 1212 per.
2222 1184 2273 1211 nu.

1285 1222 1354 1252 150.
1365 1224 1430 1246 cum
1436 1213 1519 1254 seqq.
1530 1212 1584 1244 ubi
1597 1212 1628 1244 id
1640 1213 1750 1253 probat
1763 1212 1884 1252 legibus
1898 1235 1908 1251 ‚
1919 1213 2218 1254 Jurisconsultorurn
2225 1226 2282 1249 au-

1281 1257 1486 1296 thoritatibus
1498 1255 1677 1291 rationibus
1687 1278 1697 1291 ‚
1707 1255 1949 1290 &historiarum
1960 1259 2177 1291 monumentis
2187 1282 2196 1290 .

1322 1299 1474 1336 Accedit,
1496 1298 1583 1339 quod
1595 1299 1839 1332 consuetudines
1861 1299 1998 1335 feudales
2027 1300 2198 1342 disponunt
2208 1324 2218 1339 ‚
2239 1311 2275 1335 ut
2296 1310 2337 1342 53.

1280 1343 1414 1383 personae
1428 1342 1647 1378 Ecclesiasticae
1658 1342 1831 1374 nonmodo
1852 1342 1980 1375 feudum
2000 1355 2066 1379 non
2089 1345 2256 1386 acquirant
2270 1367 2282 1385 ‚

1274 1387 1328 1419 sed
1341 1386 1438 1418 etiam
1449 1395 1483 1417 ut
1495 1387 1648 1426 perdant,
1666 1387 1751 1426 quod
1763 1384 2034 1427 priushabebant,
2053 1397 2087 1419 ut
2109 1387 2143 1420 in
2165 1400 2189 1419 c.
2207 1399 2232 1419 1.
2253 1392 2281 1426 §-

1281 1432 1311 1461 E
1314 1440 1337 1460 x
1351 1428 1402 1461 hoc
1408 1428 1489 1461 illud
1498 1427 1535 1460 dc·
1543 1426 1624 1470 send,
1632 1426 1828 1470 firmitatum
1840 1429 1973 1463 concord.
1983 1432 2020 1462 de
2031 1431 2146 1472 quibus
2156 1428 2242 1474 infra*
2251 1443 2281 1463 n.

1281 1483 1329 1512 59.
1342 1471 1441 1504 Unde
1455 1473 1530 1504 cum
1549 1471 1693 1512 specifice
1714 1472 1880 1514 disponant
1891 1475 1928 1509 de
1948 1474 2039 1505 rebus
2050 1475 2088 1506 ad
2108 1474 2282 1511 Ecclefias,

1281 1517 1328 1547 vel
1341 1516 1484 1556 personas
1495 1515 1726 1547 Ecclesiasticas
1736 1516 1968 1557 pertinentibus
1979 1517 2103 1551 ratione
2116 1518 2207 1550 utilis
2227 1520 2284 1548 do-

1280 1559 1398 1596 minii,
1419 1570 1485 1591 non
1497 1560 1602 1590 valent
1615 1570 1651 1590 ex
1663 1558 1786 1591 defectu
1797 1559 1956 1598 potestatis
1966 1583 1977 1595 ‚
1987 1570 2022 1592 ut
2033 1560 2076 1592 est
2087 1571 2162 1592 text.
2175 1559 2225 1592 hic
2239 1560 2281 1596 se-

1281 1601 1422 1634 cundum
1433 1613 1468 1634 ea
1479 1625 1488 1639 ,
1499 1613 1561 1643 que
1570 1601 1654 1633 dista
1665 1602 1679 1632 s
1677 1611 1735 1634 unt
1739 1601 1835 1643 fhpr.i
1844 1604 1876 1633 in
1886 1605 1987 1643 prima
1997 1605 2191 1646 ampliation.
2202 1614 2281 1640 nam,

1282 1658 1332 1678 zo.
1382 1645 1443 1677 uod
1457 1646 1544 1677 enim
1554 1645 1604 1677 hic
1614 1645 1735 1677 dicitur
1746 1647 1785 1677 de
1799 1646 1948 1677 nullitate
1963 1645 2067 1678 statuti
2079 1669 2088 1683 ,
2111 1648 2282 1679 vendicant

1281 1689 1337 1720 fibi
1350 1691 1456 1720 locum
1466 1689 1563 1721 etiam
1575 1688 1609 1720 in
1620 1688 1849 1726 consuetudine
1862 1689 2016 1722 laicorum
2027 1689 2170 1730 specifice
2181 1691 2284 1732 dispo-

1282 1742 1379 1764 nente
1391 1734 1429 1764 de
1441 1732 1587 1764 Ecclefiis
1596 1754 1606 1768 ,
1618 1733 1665 1768 vel
1678 1743 1785 1763 earum
1797 1732 1933 1772 personis
1944 1754 1953 1768 ‚
1974 1743 2010 1764 ac
2021 1733 2112 1764 rebus
2122 1756 2132 1770 ‚
2144 1744 2178 1765 ut
2190 1743 2282 1765 notat

1282 1776 1368 1808 Butr.
1383 1775 1416 1807 in
1427 1774 1456 1806 d.
1468 1785 1534 1816 cap.
1548 1776 1683 1817 Ecclesia
1693 1776 1811 1807 SanHae
1823 1778 1938 1808 Maria
1946 1787 2025 1806 num.
2040 1787 2092 1812 220.
2104 1777 2157 1808 col.
2169 1778 2282 1818 penult.

1282 1828 1353 1850 ante
1364 1817 1440 1851 med.
1453 1818 1533 1858 verſs
1544 1821 1581 1849 Si
1591 1821 1730 1857 queritur
1737 1817 1822 1860 infra'
1831 1818 1892 1850 cod.
1905 1820 2020 1859 allegat
2032 1819 2114 1851 Bart.
2124 1822 2157 1850 in
2168 1821 2189 1851 l.
2203 1822 2284 1852 Cun-

1282 1861 1343 1894 etos·
1352 1865 1470 1902 populos
1481 1874 1528 1892 nu.
1540 1864 1587 1893 29.
1599 1865 1636 1894 C.
1647 1863 1696 1894 De
1708 1865 1835 1897 Summa
1848 1863 1970 1894 Trinit.
1989 1859 2027 1893 (ῥ’
2038 1860 2097 1899 fide
2107 1861 2229 1895 Cathol.
2249 1866 2282 1894 &

1282 1906 1328 1947 Jo.
1344 1907 1442 1937 Andr.
1454 1908 1487 1936 in
1494 1904 1594 1937 addit.
1607 1907 1646 1938 ad
1657 1906 1776 1946 Specul.
1789 1908 1821 1937 in
1832 1908 1882 1937 tit.
1904 1906 1956 1937 De
1965 1903 2084 1946 constit.
2102 1906 2139 1938 Et
2151 1905 2201 1937 hic
2212 1907 2285 1950 jun·

1281 1959 1320 1990 ge
1330 1971 1340 1985 ,
1349 1959 1417 1990 quae
1428 1949 1532 1980 dicam
1547 1948 1628 1980 infra
1640 1961 1669 1980 n.
1682 1959 1732 1988 94.
1745 1947 1867 1989 &fi’q‘lz

1283 1992 1285 1995 ’
1325 1993 1451 2024 Fatetur
1462 2001 1569 2023 tamen
1590 1993 1702 2023 Baldus
1723 1991 1772 2023 hic
1792 2002 1904 2023 numer.
1926 2003 1967 2024 20
1997 1989 2126 2023 feudum
2158 1991 2287 2025 transire
2309 2001 2346 2034 53
2396 2011 2397 2027 l

1282 2036 1316 2067 in
1336 2035 1567 2067 Monastetium
1579 2057 1587 2071 ‚
1610 2035 1629 2066 si
1642 2035 1834 2067 feudatarius
1846 2036 1899 2066 fiat
1910 2034 2090 2066 Monachus
2102 2058 2112 2072 ‚
2132 2035 2208 2077 quia
2218 2035 2282 2067 haec
2334 2037 2338 2040 ’
2395 2038 2397 2073 l

1282 2078 1323 2110 est
1334 2078 1488 2111 alienatio
1498 2079 1691 2114 necess'aria,
1712 2080 1744 2109 ὅ(
1774 2078 1897 2110 tamdiu
1915 2079 2008 2110 durat
2028 2081 2107 2119 apud
2125 2078 2285 2111 Monaste-

1281 2122 1365 2154 rium
1377 2146 1385 2159 ,
1406 2122 1560 2163 quamdiu
1572 2121 1651 2154 vivit
1662 2121 1854 2154 feudatarius
1866 2121 1932 2153 vita
1942 2122 2083 2158 naturali
2097 2134 2106 2152 .-
2124 2132 2164 2157 eo
2173 2131 2281 2155 autem

1285 2175 1415 2197 mortuo
1426 2188 1436 2201 ‚
1457 2165 1477 2196 si
1490 2165 1618 2196 feudum
1628 2174 1694 2197 erat
1705 2174 1888 2205 perpetuum
1901 2186 1910 2200 ,
1930 2166 1966 2195 ad
1978 2174 2108 2197 omnem
2126 2165 2280 2197 haeredem
2391 2189 2394 2215 J

1282 2208 1393 2240 transit
1407 2209 1438 2239 in
1451 2215 1632 2248 perpetuum
1643 2230 1652 2245 ,
1673 2207 1749 2248 quia
1758 2207 1820 2237 tale
1832 2207 1960 2239 feudum
1971 2207 2127 2248 redigitur
2138 2210 2174 2239 ad
2194 2208 2288 2239 instar
2310 2217 2350 2254 54
2391 2220 2393 2226 ’

1281 2252 1482 2293 proprietatis
1492 2274 1502 2287 ,
1525 2253 1557 2282 ὅ(
1568 2250 1664 2291 potest
1676 2249 1823 2291 appellari
1834 2249 1999 2286 francum,
2022 2260 2057 2281 ut
2067 2259 2131 2291 cap.
2141 2252 2225 2283 Inter
2234 2250 2284 2283 di·
2389 2230 2392 2289 i

1282 2296 1371 2327 lenos
1381 2293 1481 2336 defid.
1492 2293 1629 2335 inslrum.
1648 2292 1680 2324 Si
1691 2302 1796 2324 autem
1807 2302 1874 2325 erat
1886 2295 1923 2328 ad
1945 2293 2044 2325 vitam
2054 2315 2065 2330 ‚
2085 2297 2170 2334 quod
2191 2294 2289 2329 inter-
2310 2303 2347 2335 55
2388 2293 2397 2333 ᾗ.

1281 2348 1421 2380 pretatur
1438 2340 1476 2369 de
1496 2338 1563 2381 vit-a
1583 2336 1743 2371 naturali,
1767 2346 1870 2368 moi-te
1892 2336 2030 2368 naturali
2055 2337 2166 2369 finitur
2176 2359 2186 2373 ‚
2205 2337 2283 2377 quia

1282 2382 1375 2414 nullae
1388 2390 1573 2413 remaneant
1585 2380 1652 2422 ejus
1665 2379 1806 2420 reliquise
1817 2402 1827 2415 ,
1836 2381 1869 2412 &
1878 2379 1974 2411 finito
1985 2380 2053 2421 jure
2063 2380 2183 2412 datoris
2195 2402 2204 2416 ‚
2216 2378 2286 2415 fini-

1282 2435 1334 2457 tur
1348 2426 1394 2467 jus
1406 2424 1582 2465 acceptoris
1593 2446 1603 2460 ,
1626 2423 1704 2455 utin
1715 2432 1781 2463 cap.
1798 2433 1820 2454 r.
1835 2432 1860 2454 2«.
1872 2421 1983 2456 Rursus
1995 2445 2004 2459 ‚
2025 2422 2203 2466 quifeudum
2211 2423 2286 2455 dare

1283 2467 1351 2509 poff.
1364 2468 1386 2499 l.
1397 2469 1467 2500 Lex
1478 2467 1625 2506 vestigati*
1639 2489 1649 2503 ‚
1662 2464 1701 2508 ff.
1714 2467 1763 2499 Dc
1774 2468 1888 2506 pigner.
1899 2467 1920 2498 l.
1932 2466 2021 2499 Uxor
2041 2469 2145 2506 patrm·
2155 2487 2164 2502 ‚
2185 2469 2221 2499 C.
2235 2469 2286 2499 De

1283 2514 1373 2550 legat.
1386 2512 1408 2542 l.
1419 2512 1457 2543 Si
1469 2509 1571 2541 domus
1581 2532 1591 2547 ,
1613 2513 1639 2547 ᾗ.
1650 2507 1746 2551 ult.ffi
1758 2511 1808 2542 De
1818 2511 1910 2549 legat.
1927 2520 1952 2541 1.
1972 2510 2027 2548 leg.
2042 2511 2106 2554 ‚Qui
2119 2507 2263 2542 tabernas
2272 2528 2283 2548 ς

1282 2553 1316 2597 ff.
1329 2556 1380 2587 De
1389 2552 1524 2586 contrah.
1535 2562 1623 2595 empt.
1636 2553 1692 2585 Sed
1705 2556 1834 2585 tandem
1848 2553 2016 2593 distinguit
2027 2576 2037 2590 ,
2057 2554 2167 2586 dicens
2180 2565 2187 2584 :
2219 2562 2274 2585 aut

1285 2595 1448 2630 servitium
1460 2596 1544 2629 feudi
1555 2597 1652 2640 potest
1661 2597 1811 2639 explicari
1823 2607 1875 2637 per
1887 2596 2133 2633 Monasterium,
2154 2598 2187 2628 &
2207 2606 2281 2629 veta

1286 2642 1355 2673 sunt
1367 2640 1531 2682 ρτεεάἰέὶει,
1554 2651 1607 2672 aut
1620 2650 1706 2676 non;
1727 2641 1759 2671 δε
1770 2649 1846 2672 tunc
1860 2640 1987 2672 feudum
1997 2640 2100 2671 reddit
2123 2641 2159 2671 ad
2177 2640 2281 2672 domi·
2377 2663 2379 2679 1
2395 2657 2397 2662 ·

1286 2695 1362 2716 num
1375 2694 1439 2715 nou
1451 2683 1629 2716 mutatione
1641 2683 1774 2724 personae
1785 2706 1794 2719 ‚
1807 2684 1854 2714 sed
1865 2682 2062 2715 extinctione
2084 2683 2187 2715 finalis
2207 2694 2281 2715 cauL
2376 2690 2378 2711 l
2393 2686 2395 2714 i

1282 2728 1329 2766 sa»,
1341 2737 1375 2759 ut
1388 2727 1422 2759 in
1430 2739 1453 2760 c.
1469 2725 1534 2759 1.de
1543 2738 1574 2758 eo
1583 2750 1592 2764 ‚
1605 2729 1653 2765 qui
1664 2738 1753 2758 arma
1762 2726 1860 2759 bellic.
1871 2725 2004 2766 deposuit
2016 2748 2024 2757 .
2376 2725 2378 2735 ¹
2392 2766 2393 2769 Ἴ

1327 2772 1445 2802 Verum
1456 2771 1514 2802 hoc
1529 2769 1622 2802 latius
1634 2770 1868 2802 axaminabitut
1878 2769 1910 2801 in
1921 2769 2090 2810 quaestione
2100 2769 2241 2810 sequenti
2252 2792 2259 2801 .
2374 2758 2376 2789 Ι
2390 2773 2392 2785 ³

1325 2813 1505 2855 QJAER'O
1516 2826 1525 2843 .·
1548 2814 1600 2850 An
1613 2812 1782 2854 Regularis
1792 2823 1827 2845 ex
1839 2812 1964 2847 Ordine
1976 2812 2119 2845 Fratrum
2129 2812 2278 2844 Praedica-
2302 2823 2338 2853 57
2372 2806 2375 2844 l

1287 2867 1391 2889 torum
1404 2859 1439 2889 ad
1453 2857 1673 2898 Episcopatum
1685 2857 1852 2896 assumptus
1864 2855 2009 2888 succedat
2029 2856 2063 2888 in
2082 2855 2177 2888 feudo
2197 2866 2281 2898 aper-

1284 2910 1318 2932 to
1328 2923 1338 2936 ‚
1350 2900 1510 2942 postquam
1522 2900 1583 2931 fuit
1593 2900 1793 2936 consecratus
1812 2899 1997 2939 Episcopus?
2020 2898 2206 2931 Evasionem
2216 2910 2282 2941 pre—

1287 2944 1356 2975 buit
1365 2944 1436 2975 huic
1449 2943 1671 2983 disceptationi
1685 2942 1811 2975 feudum
1832 2941 2029 2974 Cassillionis
2048 2941 2149 2974 Lacus
2169 2941 2282 2984 Trasv-

1283 2988 1367 3018 meni
1381 2996 1521 3027 apertum
1547 2986 1698 3026 Episcopo
1718 2985 1923 3026 Squillaccnsi
1936 2995 1988 3025 per
1997 2985 2123 3017 obitum
2144 2984 2244 3017 Ducis
2263 2989 2281 3016 a

1283 3029 1411 3062 Cornea
1421 3031 1486 3074 ejus
1499 3029 1603 3060 fratris
1619 3040 1627 3061 5
1640 3030 1776 3069 cumque
1786 3028 1802 3059 a
1814 3027 2014 3060 Sanctiss‘imo
2026 3027 2113 3060 D.N.
2124 3028 2280 3060 Innocen-

1285 3073 1334 3105 tio
1345 3073 1383 3104 X.
1397 3073 1487 3116 jussus
1500 3072 1613 3104 fuerim
1625 3073 1740 3113 scripto
1750 3071 1886 3112 proferre
1897 3094 1906 3108 ‚
1918 3071 1992 3113 quid
2005 3081 2060 3113 pro
2070 3072 2202 3104 veritate
2212 3071 2279 3104 sen-

1291 3116 1384 3148 tirem
1395 3139 1405 3152 ‚
1427 3116 1568 3156 respondi
1580 3125 1613 3148 ut
1624 3114 1705 3147 infra
1715 3138 1725 3151 ‚
1745 3115 1894 3147 videlicet
1904 3138 1911 3147 .

1331 3159 1509 3193 Beatiffime
1522 3159 1611 3190 Pater
1621 3181 1628 3190 .
1650 3157 1735 3192 Cum
1755 3158 1884 3190 feudum
1902 3158 1960 3189 hoc
1980 3169 2044 3191 non
2066 3158 2102 3191 sit
2119 3157 2280 3190 haeredita·
2303 3159 2340 3198 58
2376 3195 2378 3197 ,

1286 3203 1368 3234 rium
1382 3225 1392 3240 ‚
1413 3202 1460 3234 sed
1477 3213 1512 3234 ex
1525 3201 1614 3243 pacto
1625 3224 1634 3237 ‚
1655 3203 1686 3233 ὃ(
1698 3201 1915 3241 providentia,
1938 3202 2092 3243 proposita
2102 3200 2280 3243 quaestioest

1286 3244 1375 3277 valde
1389 3246 1521 3287 implexa
1532 3269 1541 3281 ‚
1553 3247 1585 3278 ὃ(
1596 3244 1746 3281 difficilis,
1756 3254 1823 3276 tum
1833 3246 1874 3276 ob
1885 3244 2069 3281 varietatem
2079 3245 2279 3286 opinionum,

1289 3291 1326 3321 de
1337 3289 1451 3329 quibus
1462 3288 1638 3330 perCapyc.
1651 3287 1712 3319 dec.
1730 3298 1775 3319 10.
1786 3299 1865 3320 num.
1879 3298 1907 3325 4.
1919 3287 2042 3328 &seqq
2055 3288 2139 3319 Tum
2150 3287 2223 3327 quia
2235 3286 2276 3318 sc*

1291 3331 1433 3363 cundum
1454 3342 1592 3369 canones
1604 3330 1723 3362 Clerici
1735 3353 1744 3367 ‚
1767 3330 1920 3371 Religiosi
1942 3333 1974 3364 δε
1996 3330 2137 3372 Episcopi
2157 3330 2279 3369 poll'unt

1287 3376 1397 3406 haltere
1411 3376 1521 3411 feuda,
1544 3384 1577 3405 ut
1589 3376 1625 3405 dc
1636 3373 1773 3406 Clericis
1785 3385 1868 3415 patet
1880 3375 1912 3406 in
1932 3384 1998 3416 cap.
2012 3377 2066 3406 Ex
2084 3371 2257 3413 transmiffii
2268 3396 2278 3410 ,

1287 3417 1324 3450 δ’
1336 3427 1401 3458 cap.
1414 3421 1521 3450 Rerum
1529 3416 1568 3448 di
1577 3415 1637 3456 fhro
1646 3427 1817 3457 conspctcnt.
1829 3419 1861 3450 &
1872 3422 1904 3449 in
1913 3427 1978 3459 cap.
1990 3418 2100 3449 Nimis
2111 3414 2148 3447 de
2158 3415 2277 3454 jurejur.

1288 3461 1336 3492 De
1351 3460 1521 3500 Religiosis
1533 3459 1573 3492 ess
1586 3462 1754 3500 expressirm
1768 3461 1799 3492 in
1817 3473 1841 3494 c.
1867 3472 1892 3503 ¹,-
1915 3465 1942 3499 ς’.
1954 3464 2082 3495 Verum,
2103 3461 2134 3490 8<
2157 3459 2200 3491 ibi
2211 3459 2275 3491 Ge-

1288 3504 1366 3535 min.
1377 3506 1410 3535 in
1422 3516 1450 3534 2.
1461 3512 1520 3534 not.
1541 3501 1657 3543 destas.
1668 3505 1758 3542 regul.
1769 3504 1821 3536 lib.
1834 3510 1863 3536 6.
1884 3504 1922 3536 Et
1932 3506 1969 3535 de
1988 3503 2145 3544 Episcopis
2155 3502 2278 3535 constat

1289 3558 1325 3578 ex
1335 3556 1399 3587 cap.
1408 3549 1445 3580 Si
1456 3545 1620 3589 Epist-opus
1630 3569 1640 3584 ,
1659 3547 1767 3591 juncta
1784 3549 1826 3590 gl.
1836 3550 1870 3580 in
1897 3545 1981 3580 verb.
1999 3549 2095 3587 Regia
2105 3567 2115 3584 ‚
2139 3549 2185 3580 18.
2207 3545 2288 3587 dist„

2196 3598 2237 3620 m:

2308 2384 2349 2421 5⁶
2384 2380 2397 2431 j
