2397 3664
64 144 122 180 256

62 2253 123 2283 257

659 108 661 110 ,
717 48 818 110 De
851 48 1083 108 Constit·
1119 68 1181 109 c.·
1200 49 1298 109 Ne
1333 51 1617 109 innitaris·.

184 137 313 182 Qiibus
321 147 427 171 tamen
437 136 569 171 minime
589 135 816 177 refragantibus
825 137 1019 168 contrarium
1035 133 1075 166 est
1084 135 1131 165 di-

147 184 283 214 cendum
291 201 301 216 ‚
314 183 347 214 id
356 181 396 214 est
404 202 414 216 ‚
432 179 564 214 minime
575 180 666 211 licere
676 177 822 219 ampieffi
830 178 1014 219 opinionem
1026 177 1132 209 minus

144 225 337 267 probabilem
346 245 356 260 ,
377 235 412 256 ac
422 223 524 257 minus
534 231 652 256 rutam,
673 220 724 256 sed
732 220 867 255 omnino
887 221 1062 262 eligendam
1073 220 1131 253 effe

148 269 390 310 probabiliorem
399 288 410 303 ,
429 277 465 299 ac
477 266 626 299 tutiorem
636 285 645 296 .

189 310 314 343 Nititur
324 317 429 344 autem
439 310 502 341 haec
514 306 666 341 sententia
679 306 871 340 authoritate
887 306 1059 340 Aristotelis
1068 326 1079 342 ,
1099 305 1131 339 S.

143 353 310 395 Augustini
319 375 330 389 ‚
340 353 413 395 S.Jo.
423 349 634 391 chrysostomi
645 370 655 385 ,
663 349 760 382 S.Th.
768 349 854 382 Scoti
863 370 873 384 ,
882 351 915 382 &
923 350 1056 384 aliorum
1066 350 1131 390 plu-

144 397 231 429 tium
239 406 304 430 tam
310 396 545 434 Theologorum
553 413 563 428 ,
581 392 674 433 quam
683 391 925 427 Canonistarum
942 394 1047 435 primas
1056 391 1131 426 clas-

145 439 184 472 sis
194 461 204 475 ‚
225 441 262 472 de
270 440 381 482 quibus
390 435 470 471 infra
479 438 512 468 in
521 447 571 477 42.

146 486 216 523 348.
227 482 296 515 Nec
305 482 345 514 est
354 480 497 513 destituta
508 480 570 512 Aut
593 481 699 511 oribus
709 481 866 512 modernis
874 499 885 514 ,
908 489 942 511 ut
953 481 1068 520 patebit
1080 490 1129 510 nu.

146 536 162 568 3
168 535 214 566 54.
223 525 307 567 ufijue
314 522 355 555 ad
363 534 393 554 n.
405 531 473 564 392·
485 522 522 555 Et
534 523 676 563 probatur
691 521 857 556 efficaciter
868 526 914 554 26.
920 520 1131 564 fundamentis

138 567 234 611 ftprd
242 566 378 599 adduffis
387 568 420 599 in
431 564 551 606 Lquaest.
559 573 709 606 proparte
717 573 866 604 negativa
873 564 893 596 οὶ
902 577 931 595 n.
940 573 987 603 59.
997 564 1081 606 afflue
1088 562 1130 596 ad

145 620 251 646 numer
261 619 272 642 1
282 620 307 641 1.
317 611 430 651 quibus
440 609 580 642 latissime
587 608 743 643 ostensum
749 608 790 640 est
798 618 863 639 non
882 608 974 641 licere
984 606 1130 648 amplecti

145 655 332 696 opinionem
340 653 569 693 specificanrem
588 651 694 684 astum
704 661 758 692 pto
767 651 856 683 licito
864 671 874 685 ,
897 652 1024 691 quando
1039 651 1130 682 intel-

145 697 243 729 lestus
259 696 557 737 apprelienditillam
579 694 674 728 solam
690 694 746 728 effe
762 695 969 735 probabilem,
990 693 1029 726 eo
1044 694 1130 734 quod

144 750 210 771 non
218 739 356 771 reflectat
364 741 402 772 ad
409 739 595 781 opinionem
604 739 798 771 contrariam
805 758 814 772 ,
837 748 893 770 nec
903 737 1048 770 discutiat
1058 757 1068 772 ,
1090 746 1130 768 an

145 783 229 815 illius
240 784 361 815 motiva
370 782 428 814 (int
438 783 605 824 probabilia
614 802 625 817 ,
636 791 734 813 necne
745 803 752 811 .
763 780 952 820 Huiusmodi
963 780 1050 812 enim
1060 779 1131 812 fun-

144 828 293 858 damenta
302 828 411 859 omnia
420 825 436 858 a
446 825 570 859 fortiori
578 826 773 859 convincunt
783 845 794 859 ,
815 835 879 857 non
888 824 945 857 effe
954 824 1078 856 licitum
1089 822 1131 854 se<

144 869 200 909 qui
218 869 403 909 opinionem
425 870 612 909 probabilem
620 888 632 904 ,
651 870 778 909 quando
798 867 974 899 intellecius
990 865 1132 908 agnoscit

145 913 319 953 oppositam
328 912 384 943 effe
393 913 630 952 probabiliorem
639 931 649 946 ,
661 921 697 943 ac
708 912 855 943 tutiorem
864 932 874 945 ,
885 911 969 950 juxta
978 912 1131 953 terminos

145 955 301 996 praesentis
320 954 496 996 quaestionis
504 977 512 985 .
533 954 803 996 Quandoquidem
825 954 884 986 hoc
894 952 964 985 casu
980 952 1035 993 qui
1044 952 1132 992 eligit

144 997 251 1030 minus
258 997 448 1041 probabilem
456 1018 466 1032 ,
475 1000 508 1030 ὃς
518 997 621 1031 minus
630 1007 732 1029 turam
740 1018 750 1032 ‚
770 996 974 1038 proculdubio
983 995 1133 1035 majorem

146 1041 237 1073 habet
247 1041 503 1079 incertitudinem
511 1044 548 1073 de
559 1041 714 1074 honestate
725 1042 781 1072 [uae
790 1041 981 1080 operationis
991 1058 1001 1073 ,
1022 1040 1056 1071 ὅ(
1064 1048 1132 1079 gra-

147 1084 230 1117 viori
239 1084 377 1125 periculo
386 1084 413 1114 se
423 1087 568 1124 exponit,
589 1082 921 1125 atqueimprudentius
937 1084 1018 1123 agit,
1040 1082 1133 1121 quam

145 1129 216 1162 ille,
225 1129 280 1167 qui
290 1136 355 1158 non
365 1127 543 1159 distrahitur
552 1129 633 1160 inter
642 1128 815 1162 contrarias
825 1127 991 1165 opiniones
1001 1144 1011 1158 ,
1023 1124 1070 1155 sed
1080 1125 1133 1154 fle-

145 1171 242 1203 &itur
251 1171 289 1202 ad
299 1179 395 1201 unam
405 1170 529 1203 tanturn
538 1191 548 1206 ,
569 1169 640 1203 licet
650 1179 723 1202 cum
745 1168 916 1202 formidine
927 1167 1021 1209 partis
1037 1177 1133 1207 oppo-

143 1213 227 1248 sitae,
249 1211 418 1246 secundum
439 1216 590 1249 terminos
606 1215 712 1255 primae
732 1212 908 1254 quaestionis
917 1233 925 1240 .
948 1210 1077 1253 Qiippe
1101 1213 1134 1240 ‘in

143 1256 216 1289 casu
236 1256 292 1288 illo
301 1277 312 1292 ,
332 1256 387 1298 qui
403 1256 492 1298 eligit
509 1259 693 1299 opinionem
703 1276 713 1290 2
733 1266 828 1296 quam
850 1254 945 1285 solam
967 1262 1055 1295 putat
1071 1253 1133 1287 *esse

146 1299 356 1340 probabilem,
379 1300 470 1333 habet
483 1300 709 1334 conscientiam
719 1301 755 1330 de
775 1300 980 1330 contrarioex
1002 1297 1133 1328 creduli-

146 1353 210 1380 tate
222 1343 282 1374 levi
293 1344 455 1375 dumtaxat
463 1364 472 1378 ‚
489 1353 609 1384 propter
617 1342 818 1374 formidinem
828 1362 838 1376 ‚
857 1350 954 1382 quam
965 1340 1054 1371 habet
1063 1360 1073 1374 ‚
1096 1349 1135 1370 ne

146 1396 214 1427 pars
229 1386 369 1427 opposita
387 1386 422 1418 sit
433 1398 520 1419 vera.
541 1388 583 1419 At
605 1389 637 1417 in
649 1386 719 1418 casu
742 1385 878 1426 praesenti
888 1385 1006 1424 eligens
1030 1386 1133 1413 minus

144 1430 353 1470 probabilem,
378 1432 411 1462 &
423 1429 527 1461 minus
537 1439 639 1461 tutam
648 1450 658 1464 ,
676 1430 765 1460 habet
775 1427 1002 1460 conscientiam
1011 1428 1048 1457 de
1059 1436 1135 1457 con-

147 1474 244 1503 trario
264 1482 302 1505 ex
311 1474 493 1505 credulitate
515 1476 630 1507 nedum
648 1473 818 1514 probabili,
841 1470 889 1501 sed
914 1469 1113 1510 probabiliol'i
1125 1491 1133 1498 .

143 1514 241 1547 Unde
250 1515 360 1556 absque
370 1517 469 1549 dubio
486 1517 587 1558 magis
597 1525 703 1557 peccat
714 1535 724 1549 ‚
745 1515 818 1546 cum
829 1514 939 1553 majori
960 1512 1135 1544 discrimini

146 1557 174 1590 se
183 1568 318 1599 exponat
326 1579 335 1594 2
351 1569 385 1591 ut
395 1560 436 1592 est
445 1568 547 1592 textus
555 1561 654 1591 clai-us
662 1560 696 1590 in
703 1570 727 1590 c.
740 1559 932 1600 liquisitioni
941 1555 976 1587 de
987 1554 1067 1596 sent.
1078 1566 1133 1587 ex-

145 1612 289 1634 commun.
298 1605 331 1634 &
341 1601 435 1634 fusius
445 1604 566 1635 dicetur
575 1601 654 1634 infra
664 1602 699 1633 in
713 1606 759 1633 28.
771 1600 966 1634 fmdzmento
978 1621 985 1628 .

187 1644 299 1688 Qare
313 1665 323 1679 ,
345 1644 496 1687 supposita
517 1648 647 1679 veritate
667 1644 877 1677 conclusionis
900 1644 1028 1676 firmatae
1049 1643 1082 1673 in
1109 1651 1135 1672 t.

143 1688 237 1728 quaest.
250 1688 314 1719 haec
336 1692 427 1720 tertia
434 1689 560 1729 quaestio
575 1685 790 1721 indubitabilis
799 1688 857 1721 est,
880 1697 913 1718 ut
929 1685 965 1718 de
989 1697 1014 1716 ι.
1038 1682 1133 1725 quaest-

143 1731 266 1762 dicium
285 1732 325 1761 eli
337 1731 421 1771 supra
438 1743 516 1762 num.
533 1742 598 1772 123.
621 1731 767 1763 Praeterea
787 1741 841 1771 pro
851 1730 906 1761 hac
918 1730 1068 1761 sententia
1090 1727 1135 1758 af—

145 1773 347 1814 ferripoffunt
358 1775 453 1805 etiam
463 1775 666 1807 fundamenta
688 1774 823 1815 superius
833 1775 924 1804 allata
947 1774 980 1803 in
1004 1783 1030 1802 2.
1043 1769 1135 1809 quaesl.

141 1824 196 1857 pro
211 1826 301 1856 parte
312 1820 459 1856 negativa
473 1818 494 1850 a
503 1829 582 1850 num.
599 1828 663 1857 123.
675 1817 761 1858 usqne
770 1816 812 1849 ad
822 1828 870 1847 nu.
883 1825 948 1854 252.
959 1825 1033 1846 cum
1051 1817 1137 1846 enim

145 1862 263 1900 lingula
275 1861 360 1900 plene
370 1863 510 1901 probent,
522 1862 602 1893 inter
610 1864 688 1893 'duas
696 1862 862 1902 opiniones
871 1857 955 1900 aeque
967 1858 1138 1899 probabiles

144 1913 210 1933 non
219 1904 274 1934 esl'e
286 1905 416 1935 liberum
427 1903 510 1945 sequi
527 1906 655 1936 alteram
666 1924 675 1939 ,
698 1904 744 1935 vel
756 1912 938 1943 utramque,
961 1901 1010 1933 sed
1031 1903 1135 1932 omni-

146 1945 189 1976 no
197 1949 373 1986 eligendam
383 1947 439 1977 esse
452 1949 550 1987 magis
562 1957 681 1984 tutam3
703 1949 811 1987 utique
821 1945 921 1978 multo
945 1943 1055 1976 fortius
1066 1953 1136 1984 prr»

146 1989 220 2020 bant
230 2008 240 2022 ,
252 1998 315 2020 non
326 1989 383 2019 eise
394 1989 522 2021 liberum
535 1989 617 2030 sequi
627 1990 811 2030 opinionem
820 1988 1009 2030 probabilem
1019 2007 1028 2021 ,
1037 1996 1135 2027 quan-

145 2034 187 2062 do
204 2032 343 2072 opposita
353 2032 394 2063 est
410 2035 614 2072 probabilior,
638 2044 673 2065 ac
689 2037 803 2064 tutior.
827 2031 925 2062 Unde
935 2029 1031 2071 posita
1053 2030 1136 2061 illins

145 2077 276 2106 veritate
284 2095 296 2109 ,
319 2083 445 2116 praeiens
454 2076 580 2115 quaestio
590 2076 729 2106 [imiliter
739 2075 779 2107 est
788 2076 826 2105 de
836 2073 1053 2106 indubitabili.
1076 2072 1135 2104 Sed

143 2127 298 2157 quatenus
319 2120 431 2158 aliquis
448 2118 647 2158 pertinaciter
665 2119 764 2150 adhuc
776 2118 867 2148 vellet
888 2117 1010 2147 illarum
1021 2117 1135 2146 verita-

142 2169 250 2191 temii·
261 2160 390 2191 dubium
402 2170 548 2191 revocare
559 2180 569 2193 ,
592 2159 800 2193 nihilominus
811 2160 874 2190 liaec
897 2158 1048 2190 sententia
1059 2159 1136 2190 niti-

144 2212 194 2235 tur
204 2203 265 2234 suis
275 2203 480 2244 peculiaribus
502 2201 715 2234 fundamentis
723 2225 731 2232 .

185 2245 224 2277 Et
232 2248 360 2287 quidem
370 2248 504 2286 primum
521 2246 553 2277 &
566 2248 734 2286 principale
757 2245 998 2277 fundamentum
1007 2246 1135 2276 deduci-

143 2299 194 2321 tur
209 2299 245 2320 ex
256 2292 446 2320 authoritate
467 2288 640 2321 Aristotelis
656 2289 729 2320 alias
751 2291 839 2321 citati
848 2309 858 2322 ‚
878 2291 961 2329 quod
985 2298 1136 2329 tanquam

144 2334 341 2373 desumptum
359 2342 395 2363 ex
405 2332 528 2363 intimis
536 2334 580 2363 rei
604 2331 769 2364 visceribus
779 2352 789 2366 ,
811 2333 944 2364 aliarum
951 2342 1076 2373 quoque
1087 2342 1134 2363 ra-

143 2376 269 2406 tionum
293 2378 324 2406 in
337 2375 392 2406 liac
412 2377 542 2407 materia
565 2374 805 2407 fundamentum
825 2375 881 2407 est.
905 2374 956 2406 Sic
980 2377 1075 2415 igitur
1097 2375 1133 2406 li—

143 2427 214 2450 ceat
230 2418 432 2451 ratiocinari.
455 2419 633 2450 intellecius
648 2419 803 2450 humanus
813 2428 876 2449 non
899 2419 990 2450 habet
1013 2419 1133 2450 liberta-

143 2471 212 2493 tem
219 2463 372 2501 opinandi
391 2472 397 2491 :
417 2464 492 2502 quia
501 2481 513 2496 ,
533 2464 688 2502 utlegitur
699 2464 732 2493 in
743 2460 817 2494 2.de
827 2462 948 2493 Anima
968 2470 1050 2492 text.
1065 2470 1133 2500 153.

142 2516 203 2537 non
214 2503 255 2546 est
264 2503 367 2535 eadem
374 2503 535 2547 phantasia
543 2524 555 2538 ,
562 2503 601 2537 &⁴
610 2507 707 2544 opinio
710 2515 721 2541 ‚-
730 2506 899 2543 imaginari
908 2514 1032 2542 namque
1038 2503 1132 2543 pollu-

142 2559 209 2581 miis
219 2548 288 2580 cum
298 2545 374 2580 libet
382 2567 392 2581 ‚
403 2546 440 2579 ὠ·
445 2547 560 2589 fingere
570 2547 711 2586 qiiaquid
719 2549 856 2580 volumus
865 2558 875 2582 ,·
883 2549 1001 2586 opinari
1009 2556 1111 2579 autem
1121 2567 1133 2581 ,

144 2590 214 2622 sunt
224 2591 346 2632 praec'isa
355 2592 447 2622 verba
456 2589 627 2622 Aristotelis
635 2611 645 2626 ,
666 2593 765 2623 nonin
772 2589 856 2623 nobis
866 2589 908 2631 est
915 2611 926 2625 ,
936 2588 1044 2629 necesse
1051 2592 1132 2621 emm

145 2634 187 2676 est
196 2655 209 2668 2
228 2644 279 2666 aut
295 2632 413 2677 falfi⁴m
422 2654 432 2668 ‚
453 2642 505 2664 aut
515 2643 621 2665 verum
628 2634 728 2666 dicere
736 2655 746 2664 .
768 2633 852 2674 Ergo
870 2632 1045 2666 'intellectus
1067 2643 1131 2664 non

145 2678 238 2709 liabet
248 2678 423 2709 libertatem
436 2678 587 2717 opinandi
598 2683 717 2716 partem
734 2676 840 2708 minus
850 2678 1039 2717 probabilem
1049 2697 1060 2710 ,
1083 2676 1132 2707 sed

144 2731 269 2761 cogitur
277 2720 360 2761 sequi
378 2718 644 2761 plura&fortiora
654 2719 774 2751 motiva
792 2722 885 2760 partis
901 2721 1131 2761 probabilioris.

146 2763 235 2796 Nam
243 2764 321 2798 sicut
335 2764 444 2795 statera
453 2765 607 2795 violenter
627 2764 838 2794 inclinaturin
859 2773 928 2794 eam
939 2773 1074 2803 partem,
1096 2763 1131 2794 in

145 2817 207 2848 qua
214 2810 341 2848 gravius
361 2807 403 2839 est
412 2808 531 2847 pondus
542 2817 552 2842 ·,
572 2808 616 2837 ita
625 2803 799 2836 intellectus
809 2824 821 2838 ,
842 2807 916 2837 dum
936 2817 1023 2846 aequa
1045 2808 1131 2838 lance

143 2851 235 2882 librat
243 2855 381 2882 rationes
390 2849 546 2890 utriusque
555 2851 716 2889 opinionis
726 2869 738 2882 ,
759 2848 1088 2880 violentetattraliitur
1097 2851 1131 2880 in

146 2894 381 2934 partemillam,
402 2897 438 2924 in
453 2903 514 2934 qua
524 2894 757 2933 praeponderant
773 2893 918 2931 graviora
928 2894 1065 2923 motiva.
1090 2893 1130 2923 At

146 2937 206 2968 hoc
216 2947 241 2968 c.
256 2946 284 2968 1.
291 2935 328 2969 (ff
335 2949 359 2968 c.
371 2935 494 2968 Abbate
501 2956 515 2970 ,
523 2938 550 2973 §.
561 2934 710 2978 Praefatur
717 2936 810 2974 igitur
820 2933 857 2966 de
859 2933 938 2975 sent.
950 2934 988 2966 (θ’
996 2945 1029 2965 re
1040 2933 1132 2970 iudic-

147 2977 201 3010 lib.
209 2984 241 3012 6.
260 2980 431 3021 Alioquin,
452 2979 474 3011 fi
482 2978 620 3011 flecteret
641 2978 668 3010 se
678 2980 714 3009 ad
738 2978 856 3009 leviora
878 2979 999 3009 motiva
1005 2979 1131 3018 opinio-

147 3023 308 3054 nisrninus
319 3023 503 3064 probabilis,
522 3023 647 3054 habetet
669 3022 842 3053 libertatem
858 3022 1008 3062 opinandi
1018 3030 1072 3061 pro
1094 3020 1132 3052 li-

148 3065 215 3095 bito
225 3066 394 3098 voluntatis
403 3076 514 3098 contra
531 3067 756 3097 authoritatem
765 3063 941 3105 Philosophi
951 3083 963 3099 ,
982 3073 1040 3095 nec
1049 3066 1132 3095 veri-

147 3109 328 3147 tatiobiech
348 3109 376 3141 le
386 3109 617 3143 conformaret,
637 3118 736 3148 neque
745 3109 924 3148 opinaretur
934 3127 946 3141 ‚
967 3106 1016 3138 sed
1032 3107 1130 3147 finge-

147 3160 210 3181 ret.
232 3150 289 3184 Ob
297 3155 557 3193 quamrationem
573 3152 609 3183 in
618 3152 801 3192 praecedenti
815 3148 909 3190 quaest.
925 3161 959 3181 m
981 3147 1056 3181 m&
1082 3159 1128 3189 14.

144 3192 344 3236 fundamento
361 3204 417 3235 pro
424 3204 513 3236 parte
527 3197 675 3234 negativa
684 3204 766 3226 num.
779 3202 846 3234 ¹39·
855 3191 892 3225 Θ
908 3203 989 3224 num.
1004 3201 1069 3232 155.
1078 3193 1129 3224 fir-

147 3246 272 3268 matum
291 3237 332 3268 est
351 3240 384 3269 in
406 3248 537 3279 paritate
564 3240 796 3272 contrariorum
816 3245 961 3267 motuum
987 3246 1131 3277 oportere

146 3279 345 3312 intellectum
352 3281 526 3320 quiescere,
547 3284 622 3323 quia
635 3279 709 3313 cum
717 3282 837 3312 motiva
855 3282 1002 3320 utrinque
1011 3279 1069 3311 sint
1089 3289 1129 3311 ae-

144 3323 250 3364 qualia
260 3343 270 3357 ,
287 3333 353 3354 tion
361 3323 402 3354 est
410 3333 491 3357 ratio
498 3335 553 3357 cut
563 3327 664 3367 magis
673 3333 835 3356 moveatur
845 3323 876 3353 in
886 3331 1004 3363 partem
1014 3332 1109 3354 unam
1119 3343 1131 3357 ‚v

144 3375 240 3407 quam
251 3366 285 3397 in
292 3367 386 3397 aliam
395 3385 406 3400 2
415 3375 450 3397 ut
458 3367 543 3399 LSed
552 3367 609 3411 etst
617 3369 681 3406 lege
688 3387 698 3403 ‚
709 3364 832 3405 §.Ad‘eb
840 3374 940 3397 autem
951 3360 1043 3407 ‚ffide
1050 3367 1129 3404 peti-

145 3411 220 3440 tion.
228 3408 365 3441 haeredit.
370 3410 434 3441 c-In
443 3412 471 3441 C
472 3414 606 3441 anom'ce's
613 3431 625 3444 ,
632 3410 711 3451 vers.
721 3413 761 3442 Si
766 3419 867 3441 autem
877 3418 922 3444 19·
933 3406 1126 3449 dist-l.fin.C.

145 3456 181 3484 dc
191 3452 300 3484 condet.
312 3451 409 3484 indeb.
421 3452 505 3494 Ergo
512 3455 578 3483 vice
584 3453 665 3483 versa
674 3453 706 3484 in
717 3454 891 3493 imparitate
900 3452 1126 3483 contrariorum

617 435 778 469 ndamento
788 434 808 468 a*
818 447 848 468 n.
860 445 928 477 340.
937 436 1022 477 usque
1030 434 1071 469 dd
1080 447 1129 467 nu.
1153 439 1156 442 ’

2013 72 2088 121 59

1175 143 1321 167 motuum
1335 138 1450 167 neceile
1471 136 1512 168 eii
1529 131 1724 167 inteilestum
1746 135 1866 165 moveri
1884 135 1917 164 in
1933 143 2004 165 eam
2021 145 2068 174 pa-
2076 145 2137 166 tem
2146 156 2156 170 ,

1174 187 1242 217 qua:
1260 176 1440 210 fortioribus
1460 179 1494 210 &
1517 177 1718 211 validioribus
1738 176 1912 213 rationibus
1941 177 1981 208 est
2004 180 2126 213 munira
2146 198 2157 212 ,

1176 221 1202 259 §·
1211 222 1287 252 Item
1295 224 1425 260 pretium
1434 241 1443 256 ‚
1459 221 1538 262 verf
1547 220 1609 253 Sed
1620 220 1742 255 Proculi
1742 218 1900 260 sententia
1911 218 2009 258 hislit.
2021 219 2058 251 de
2067 229 2155 259 empt.

1174 261 1211 295 ἅ
1221 263 1554 304 vendam-Capelianus
1562 284 1572 299 ,
1581 261 1815 305 verfPosterior
1824 262 1861 295 de
1863 260 1970 306 feriis,
1979 263 2098 295 c.Vidcs
2111 275 2125 294 2
2132 273 2155 303 3.

1173 304 1266 348 quest.
1276 311 1305 338 6.
1315 309 1346 340 &
1356 306 1523 339 conferunt
1533 327 1544 342 ,
1564 317 1630 347 quae
1642 307 1727 339 dista
1741 305 1814 338 *sunt
1824 306 1908 347 supra
1919 308 1951 337 in
1963 309 2057 337 tertio
2067 317 2155 345 argu-

1173 359 1281 384 mento
1292 360 1345 391 pro
1353 351 1462 383 eadem
1480 360 1563 391 parte
1574 353 1720 389 negativa
1738 349 1875 382 secundat
1883 349 2060 391 quaestionis
2072 351 2140 390 prin
2152 369 2154 371 -

1172 392 1281 435 cipalis
1291 413 1302 428 ,
1322 404 1400 424 num.
1416 403 1481 432 142.
1493 393 1574 434 vers?
1586 393 1654 424 Nec
1662 391 1755 433 obstat
1764 415 1771 423 .

1215 435 1392 469 Secundum
1403 435 1641 469 fundamentum
1659 435 1699 467 est
1709 456 1719 469 ‚
1741 438 1815 477 quia
1824 457 1834 471 ,
1856 445 1890 468 ut
1906 437 1976 478 quis
1994 437 2158 477 prudenter

1171 479 1205 511 &
1225 478 1309 510 retii&
1330 489 1473 519 operetur
1495 479 1663 511 secundum
1680 479 1833 511 Authores
1850 481 2012 512 contraria:
2036 478 2155 510 senten-

1172 521 1239 555 tiat,
1264 523 1353 554 debet
1372 522 1481 553 habere
1500 521 1605 553 saltem
1623 522 1777 561 probabile
1793 523 1944 562 judicium
1965 522 2137 563 praCticum
2146 542 2155 557 ‚

1171 564 1256 608 quod
1265 565 1389 597 licitum
1403 565 1438 596 sit
1448 565 1523 596 illud
1563 566 1646 607 quod
1656 574 1816 604 operatur,
1839 575 1872 596 ut
1884 568 1963 606 apud
1973 565 2114 597 Sanchez
2123 568 2156 596 in

1171 609 1278 642 Decal.
1290 617 1361 640 tom.
1375 618 1399 639 1.
1409 606 1463 640 ab.
1476 618 1501 639 i.
1510 616 1573 647 cap.
1585 619 1613 644 9·
1624 618 1704 640 num.
1719 610 1765 639 18.
1776 607 1835 640 Sed
1844 610 1899 648 qui
1909 608 2043 649 sequitur
2053 607 2156 642 minus

1173 652 1359 692 probabilem
1367 672 1378 686 ‚
1400 661 1465 683 non
1483 651 1577 692 potest
1598 650 1730 683 formare
1747 650 1806 682 hoc
1830 652 1984 690 probabile
2006 651 2157 692 judicium

1173 693 1346 734 pra-sticum
1355 716 1364 730 ,
1373 695 1456 736 quod
1468 693 1555 727 astus
1566 694 1601 726 fit
1613 694 1716 727 licitus
1724 714 1733 728 ,
1743 693 1818 734 quia
1828 691 1901 726 cum
1909 694 2017 725 habeat
2028 694 2158 727 fortiora

1172 740 1292 770 motiva
1311 748 1366 778 pro
1384 738 1496 770 illicito
1507 758 1517 772 2
1539 737 1721 778 impoinbile
1738 737 1799 771 est,
1820 745 1853 767 ut
1874 737 1986 770 habeat
2009 738 2158 778 judicium

1174 780 1343 820 practicum
1354 783 1391 812 de
1402 782 1489 813 licito
1497 801 1507 815 ,
1518 780 1590 813 cum
1600 783 1723 821 opinari
1732 801 1743 814 a
1753 779 1803 810 seu
1812 779 1948 820 judicare
1959 781 2074 821 aliquid
2086 791 2155 821 pro-

1173 824 1312 855 babiliter
1321 825 1377 855 eise
1388 834 1505 858 verum,
1517 827 1550 856 in
1560 826 1649 857 nobis
1660 834 1724 855 non
1733 823 1768 856 sit
1777 844 1786 857 ,
1809 823 1879 854 teste
1892 822 2077 864 philosopho
2086 833 2156 864 pro-

1173 865 1258 898 xime
1277 869 1375 898 citato
1384 888 1393 902 ,
1416 867 1462 898 sed
1484 878 1624 908 oporteat
1647 866 1729 908 sequi
1751 867 1869 897 moriva
1887 865 2033 899 fortiora,
2052 867 2156 906 qualia

1174 919 1237 940 non
1249 909 1315 942 sunt
1327 913 1360 942 in
1371 910 1477 946 minus.
1486 913 1653 951 probabili,
1677 910 1724 941 sed
1737 913 1768 941 in
1777 909 1932 949 opposita.
1946 908 2027 949 Ergo
2034 909 2088 949 qui
2099 911 2157 940 mi-

1174 951 1232 984 nus
1244 954 1429 993 probabilem
1442 953 1576 995 sequitur
1585 975 1595 989 ,
1606 965 1670 985 non
1680 956 1745 994 agir
1756 952 1837 985 reete
1848 972 1857 986 ‚
1868 963 1904 985 ac
1915 954 2078 994 prudenter
2089 973 2096 981 .

1216 995 1362 1028 Tertium
1374 996 1611 1030 fundamentum
1619 997 1658 1029 est
1668 1016 1678 1032 ‚
1696 999 1769 1038 quia
1781 995 1888 1028 adhoc
1898 1016 1908 1030 ,
1926 1005 1959 1027 ut
1967 994 2055 1029 ackus
2065 994 2159 1026 nostri

1174 1037 1232 1070 sint
1243 1039 1320 1070 recti
1330 1060 1338 1073 ‚
1350 1042 1382 1071 ὃς
1394 1040 1525 1072 h'abeant
1534 1042 1707 1074 bonitatem
1721 1040 1870 1070 moralem
1878 1039 2047 1073 secundum
2058 1040 2158 1073 verio-

1174 1091 1239 1113 rem
1251 1082 1453 1116 sententiam,
1469 1093 1533 1114 non
1544 1083 1692 1115 sufficitin
1704 1083 1822 1123 judicio
1832 1081 1990 1123 practico,
2014 1081 2160 1122 ursequa-

1175 1134 1244 1155 mur
1256 1126 1349 1159 illud,
1370 1128 1455 1165 quod
1468 1127 1707 1164 iudicamuseise
1723 1126 1894 1166 probabile·‚
1916 1124 1964 1156 sed
1975 1124 2139 1157 neceffeest
2150 1145 2159 1158 ,

1176 1178 1209 1198 ut
1232 1168 1393 1207 sequamur
1412 1171 1496 1209 quod
1517 1171 1683 1208 opinamur
1692 1178 1820 1201 verum,
1841 1169 1916 1199 cnm
1935 1167 2060 1208 opinari
2075 1167 2161 1207 ¹nihil

1175 1214 1258 1242 aliud
1267 1211 1302 1243 sit
1313 1231 1323 1245 ‚
1343 1221 1436 1251 quam
1447 1213 1582 1252 judicare
1593 1210 1836 1252 propositionem
1853 1211 2049 1251 probabiliter
2058 1219 2163 1245 veram

1175 1254 1231 1285 eise
1241 1275 1249 1287 ‚
1261 1264 1294 1285 ut
1305 1253 1369 1286 fuse
1378 1256 1533 1287 oslenium
1541 1255 1581 1287 est
1593 1255 1677 1296 supra
1688 1257 1720 1286 in
1733 1265 1759 1285 2.
1770 1252 1862 1292 ρπβ.
1873 1252 1895 1286 οἱ,
1907 1265 1936 1285 n.
1951 1262 2015 1290 ¹27·
2027 1253 2085 1285 Sed
2097 1263 2162 1285 non

1176 1298 1212 1327 ei.
1229 1298 1361 1337 poilibiie
1370 1319 1379 1332 ,
1403 1309 1435 1329 ut
1458 1299 1623 1339 opinemur
1636 1308 1739 1329 veram
1762 1306 1924 1337 utramque
1933 1317 1943 1330 ,
1964 1306 2030 1327 tum
2040 1300 2114 1336 quia
2123 1306 2163 1327 ex

1177 1339 1364 1380 Pliilosoplio
1373 1342 1511 1381 proxime
1522 1343 1656 1382 allegato
1666 1352 1729 1372 non
1738 1342 1778 1373 est
1789 1341 1880 1380 riobis
1890 1340 2019 1371 liberum
2027 1341 2163 1379 opinari,

1178 1383 1223 1415 sed
1239 1386 1388 1416 'timenter
1398 1385 1552 1416 flectimur
1562 1385 1595 1416 in
1604 1395 1674 1416 eam
1685 1394 1801 1424 partem
1811 1404 1820 1417 ,
1842 1386 1875 1413 in
1884 1393 1945 1423 qua
1955 1382 2023 1415 [unt
2034 1384 2162 1413 validio-

1176 1437 1209 1457 ra
1218 1429 1340 1458 motiva
1350 1439 1356 1457 t
1366 1437 1435 1459 tum
1442 1430 1517 1467 quia
1533 1437 1570 1459 ex
1579 1429 1695 1460 duabus
1705 1426 1908 1467 opinionibus
1917 1425 2065 1465 oppositis
2073 1435 2164 1465 opor-

1177 1479 1220 1500 tet
1230 1470 1357 1501 alteram
1367 1470 1422 1501 effe
1434 1480 1541 1502 veram
1550 1491 1559 1505 ‚
1582 1472 1709 1502 alteram
1720 1470 1825 1502 fallam
1836 1490 1844 1502 ,
1869 1470 1970 1509 inquit
1980 1468 2008 1499 S.
2023 1467 2163 1498 Thomas

1176 1510 1306 1550 quodlib.
1318 1515 1347 1544 8.
1357 1523 1418 1545 art.
1435 1523 1478 1552 13.
1488 1516 1520 1545 ἃ.
1531 1515 1604 1545 curn
1614 1524 1763 1554 cogamur
1775 1513 1910 1554 judicare
1921 1521 2025 1542 =:eram
2033 1513 2088 1543 eile
2097 1513 2164 1556 opi-

1177 1558 1307 1587 nionem
1315 1577 1325 1587 ,
1333 1566 1400 1596 qux
1411 1557 1591 1588 melioribus
1602 1557 1642 1590 est
1650 1558 1824 1589 rationibus
1835 1555 1961 1589 fulcita,
1971 1564 2004 1585 ut
2013 1554 2165 1587 ostensum

1176 1599 1216 1631 est
1228 1598 1312 1639 supra
1322 1601 1354 1630 in
1369 1610 1393 1631 1.
1398 1599 1601 1642 fundamento
1610 1612 1641 1631 n.
1653 1610 1721 1639 257.
1732 1599 1955 1639 consequenter
1964 1597 2165 1638 adstringitur

1176 1645 1213 1673 ad
1235 1642 1437 1681 iudicandum
1455 1644 1537 1674 illius
1557 1644 1837 1676 contradictoriam
1852 1642 1910 1674 eise
1932 1640 2039 1675 falsam
2047 1662 2055 1671 .
2079 1641 2163 1673 Facit

1174 1695 1250 1718 text.
1262 1689 1294 1716 in
1304 1687 1324 1717 l.
1336 1684 1393 1718 Ubi
1401 1684 1602 1726 repugnantia
1611 1708 1621 1721 ,
1636 1683 1673 1729 ff.
1684 1690 1720 1719 de
1728 1687 1821 1725 regul.
1833 1685 1888 1721 jur.

1219 1728 1256 1761 Et
1267 1730 1473 1760 contii-matur
1484 1750 1493 1763 ‚
1502 1740 1576 1770 quia
1586 1732 1709 1770 opinari
1722 1728 1965 1770 propositionem
1973 1738 2057 1764 ,non
2069 1726 2110 1760 est
2120 1728 2165 1768 ju-

1177 1773 1280 1804 dicare
1296 1782 1366 1803 eam
1377 1773 1432 1804 else
1456 1774 1645 1813 probantem
1655 1794 1665 1807 ‚
1687 1774 1736 1805 sed
1746 1773 1786 1804 est
1810 1772 1947 1814 judicare
1969 1771 2165 1812 probabiliter

1177 1815 1233 1846 eise
1255 1825 1362 1846 veram
1372 1836 1381 1850 ,
1403 1825 1437 1847 ut
1462 1816 1600 1855 proxime
1610 1816 1732 1848 dicrum
1750 1816 1790 1847 est
1801 1838 1808 1845 .
1831 1815 1889 1847 Sed
1910 1817 1991 1846 duas.
2007 1815 2165 1847 contradi-

1178 1858 1292 1890 ctorias
1304 1869 1366 1890 non
1379 1859 1550 1899 potestquis
1569 1859 1702 1899 judicare
1713 1860 1798 1891 limus
1810 1858 1865 1890 effe
1885 1868 1969 1890 veras
1979 1859 2075 1889 etiam
2097 1867 2165 1897 pro-

1179 1902 1320 1933 babiliter
1329 1922 1340 1936 ,
1360 1903 1392 1934 &
1405 1911 1476 1933 cum
1488 1901 1658 1936 formidine
1666 1922 1675 1936 ‚
1697 1900 1858 1944 quiaciim,
1876 1911 2004 1942 utraque
2017 1910 2088 1932 vera
2109 1899 2166 1931 eise

1178 1955 1243 1976 non
1254 1944 1340 1987 potiit
1350 1965 1360 1979 ,
1370 1947 1413 1976 ita
1425 1955 1481 1976 nec
1493 1946 1587 1986 potest
1596 1947 1702 1987 aliquo
1714 1947 1886 1978 inodovera
1898 1944 2028 1984 judicari
2037 1963 2050 1977 ,
2071 1952 2104 1974 ur
2115 1953 2166 1982 pa-

1177 1997 1221 2019 tet
1229 1999 1267 2019 ex
1279 1988 1465 2028 Philosopho
1483 1990 1515 2020 in
1526 2003 1553 2028 †·
1567 1988 1709 2028 Metaph.
1719 1996 1782 2028 cap.
1794 1993 1822 2019 6}
1834 1990 1867 2019 ὅς
1887 1986 1985 2020 valide
2003 1988 2165 2026 probatum

1177 2031 1217 2062 est
1229 2031 1314 2071 supra
1329 2042 1408 2062 num.
1424 2030 1539 2071 i3i.&
1553 2032 1635 2073 seqq.
1645 2032 1795 2064 Similiter
1805 2041 1869 2063 non
1887 2030 1980 2071 potest
1992 2030 2166 2061 intellectus

1176 2084 1213 2106 ex
1223 2075 1340 2106 duabus
1348 2075 1605 2106 contradictoriis
1613 2076 1736 2116 opinari
1747 2095 1759 2109 ,
1780 2075 1831 2106 seu
1840 2084 1945 2104 veram
1969 2073 2165 2113 probabiliter

1175 2117 1260 2159 judic
1266 2127 1316 2149 are
1333 2117 1513 2149 alterutram
1534 2129 1630 2159 quam
1648 2117 1792 2150 maluerit
1801 2138 1813 2152 ,
1832 2117 1907 2149 cum
1924 2116 2009 2158 juxta
2031 2114 2165 2146 Philoso-

1176 2161 1273 2201 phum
1293 2159 1324 2192 d.
1342 2170 1421 2192 text.
1442 2170 1507 2201 ¹53·
1525 2172 1588 2193 non
1601 2162 1635 2193 sit
1657 2162 1788 2193 liberum
1808 2161 1932 2201 opinari
1944 2181 1952 2189 .
1976 2158 2104 2190 Necesse
2124 2157 2164 2188 est

1174 2205 1273 2244 igitur
1282 2223 1295 2239 ,
1315 2212 1347 2235 ut
1357 2203 1503 2244 opinetur
1526 2205 1611 2236 illam
1621 2215 1737 2245 partem
1745 2225 1756 2240 ‚
1776 2214 1843 2245 qnae
1865 2205 1975 2234 nititur
1985 2202 2163 2233 melioribus

1176 2246 1350 2279 rationibus
1358 2268 1369 2281 ,
1378 2247 1409 2278 d.
1419 2259 1442 2279 c.
1452 2249 1639 2287 Capelianus
1648 2246 1686 2280 de
1694 2245 1785 2291 feriis
1793 2258 1857 2279 cum
1866 2247 2041 2279 concordari.
2051 2247 2088 2276 de
2095 2245 2165 2284 qui-

1175 2290 1230 2321 bus
1240 2289 1318 2321 infra
1335 2293 1368 2321 in
1382 2300 1428 2326 ¹9·
1433 2289 1637 2334 fundamento
1647 2313 1655 2321 .

1217 2333 1381 2374 Quartum
1401 2333 1643 2366 fundamentum
1659 2334 1719 2370 est,
1739 2336 1814 2375 quia
1836 2334 1885 2365 ille
1895 2342 1960 2364 non
1976 2330 2060 2362 licite
2081 2330 2165 2370 agit,
2190 2340 2202 2351 π

1173 2376 1304 2417 quinon
1317 2377 1452 2417 sequitui·
1463 2378 1625 2409 dioiamen
1642 2380 1773 2409 rationis
1782 2398 1792 2413 ,
1813 2388 1837 2409 c.
1848 2374 2033 2415 Consuetudo
2058 2381 2084 2404 1.
2093 2370 2160 2413 dist.

1174 2418 1329 2461 afrustrci
1337 2423 1365 2452 8.
1374 2418 1443 2461 dist.
1452 2431 1476 2452 c.
1489 2422 1545 2452 Ex
1552 2432 1584 2452 eo
1594 2442 1603 2455 ,
1614 2420 1693 2461 verſs
1703 2420 1782 2452 Cam
1791 2429 1856 2451 tam
1865 2418 1939 2455 juris
1947 2437 1956 2451 2
1966 2414 2053 2454 ‘indm
2065 2418 2160 2454 rapio-

1173 2465 1238 2497 m‘s,
1260 2473 1334 2494 cum
1345 2465 1388 2495 ibi
1399 2466 1514 2494 notatis
1526 2474 1577 2504 per
1586 2464 1714 2503 glolsain
1721 2463 1757 2493 de
1766 2463 1846 2493 elect.
1858 2457 1913 2492 lib.
1922 2464 1950 2490 6.
1962 2459 1983 2489 l.
1994 2458 2085 2502 Qud
2102 2469 2159 2490 non

1173 2509 1290 2537 ratione
1299 2504 1403 2546 ,ffiDe
1410 2504 1499 2543 legib.
1510 2505 1595 2536 Nain
1604 2525 1613 2540 ,
1626 2515 1658 2536 ut
1671 2505 1892 2544 Baldusinquit
1902 2502 1935 2534 in
1944 2503 1965 2533 l.
1977 2511 2001 2532 i.
2013 2510 2038 2538 ς.
2049 2503 2159 2541 Inpri-

1173 2559 1220 2579 mo
1230 2560 1253 2580 c.
1270 2557 1295 2579 1.
1304 2551 1343 2579 C.
1353 2550 1405 2579 De
1413 2546 1514 2579 (aduc.
1524 2548 1629 2579 tollen.
1638 2549 1721 2588 quod
1731 2549 1812 2579 ratio
1819 2547 1966 2578 naturalis
1976 2544 2071 2576 distat
2081 2564 2091 2578 ,
2110 2547 2157 2575 in-

1173 2591 1293 2623 tactum
1311 2600 1403 2630 atque
1412 2591 1566 2622 illibatum
1583 2590 1732 2632 perpetuo
1740 2589 1887 2622 custodiri
1907 2589 1996 2620 debet
2006 2609 2014 2617 .
2037 2587 2095 2623 Sed
2103 2589 2156 2632 qui

1173 2634 1308 2675 sequitur
1325 2632 1429 2664 minus
1440 2635 1629 2673 probabilem
1638 2654 1648 2665 ,
1670 2633 1778 2665 relicta
1793 2632 2010 2674 probabiliori,
2031 2640 2096 2662 non
2114 2633 2156 2661 se-

1171 2681 1278 2719 quitur
1287 2676 1445 2708 dictamen
1455 2677 1588 2708 rationis
1597 2699 1606 2707 .
1628 2677 1712 2717 Ergo
1718 2686 1783 2708 non
1792 2678 1856 2716 agit
1865 2673 1950 2706 licite
1958 2695 1969 2703 .

1216 2721 1326 2751 Minor
1336 2721 1480 2760 probatur
1488 2740 1498 2754 ,
1518 2722 1592 2760 quia
1599 2719 1757 2752 dictamen
1767 2719 1897 2750 rationis
1907 2717 1986 2750 nihil
2004 2715 2045 2748 est
2055 2716 2155 2751 aliud,

1171 2764 1264 2804 quam
1287 2763 1454 2794 inclinatio
1465 2765 1610 2802 potentiae
1631 2763 1824 2794 rationabilis
1834 2763 1872 2793 ad
1894 2758 2043 2792 assensum
2053 2770 2061 2796 3
2084 2769 2156 2790 nam

1172 2807 1247 2838 illud
1257 2805 1354 2837 dictat
1365 2809 1446 2837 ratio
1461 2805 1638 2837 faciendum
1646 2806 1720 2839 effe,
1742 2806 1780 2836 ad
1797 2804 1886 2846 cujus
1894 2803 2042 2835 affenium
2063 2804 2153 2834 intel-

1173 2849 1270 2881 lecius
1279 2847 1462 2880 sufficienter
1473 2850 1643 2880 inclinatur
1658 2859 1695 2879 ex
1705 2849 1835 2879 motivis
1850 2846 2106 2880 rationabilibus,
2127 2857 2151 2877 c.

1171 2895 1238 2932 Ego
1253 2891 1349 2932 fhlis,
1371 2891 1450 2933 vers.
1461 2893 1555 2923 Alios
1563 2901 1662 2923 autem
1683 2894 1729 2922 ita
1737 2891 1800 2929 lego
1811 2900 1840 2926 9.
1849 2888 1919 2931 dist,
1929 2891 1960 2921 ὃς
1971 2898 2053 2930 patet
2063 2899 2100 2919 ex
2112 2888 2151 2919 D.

1171 2936 1298 2967 Thoma
1306 2937 1338 2966 in
1345 2943 1427 2974 part.
1442 2945 1466 2966 1.
1480 2933 1570 2975 quaest.
1583 2943 1632 2972 79.
1642 2943 1702 2965 art.
1718 2942 1765 2973 13.
1776 2933 1873 2966 Ratio
1882 2934 1968 2964 enim
1986 2932 2027 2964 est
2036 2934 2096 2963 dux
2108 2933 2155 2962 in-
2177 2942 2192 2962 2
2197 2941 2209 2969 5
2216 2942 2233 2967 9

1170 2979 1311 3011 reuectus
1320 2998 1332 3012 ,
1353 2987 1387 3009 ut
1403 2979 1506 3018 inquit
1517 2978 1627 3009 Baldus
1650 2979 1681 3008 in
1690 2977 1713 3008 l.
1723 2978 1870 3016 Princeps
1883 2986 1966 3007 num.
1979 2972 2087 3016 toi-ff.
2099 2976 2148 3005 De

1171 3020 1257 3061 legib.
1269 3021 1317 3052 seu
1326 3021 1500 3053 intellectus
1511 3021 1766 3054 fundamentum,
1787 3029 1822 3053 ut
1830 3019 1913 3051 idem
1922 3021 1966 3051 ait
1982 3019 2016 3050 in
2027 3030 2050 3049 c.
2065 3027 2088 3048 i.
2099 3028 2147 3047 nu.

1171 3076 1220 3105 24.
1229 3064 1266 3095 de
1280 3063 1397 3102 probat.
1408 3066 1441 3096 ὃς
1453 3065 1492 3094 est
1503 3073 1604 3095 motus
1614 3062 1788 3094 intellectus
1805 3065 1978 3104 praecedens
1987 3071 2038 3102 per
2046 3058 2148 3090 causas

1174 3106 1350 3141 senfirivas,
1370 3108 1416 3138 vel
1428 3105 1654 3140 intelleclivas,
1675 3105 1845 3138 secundum
1866 3104 2034 3148 subjeciam-
2051 3111 2149 3133 mate-

1170 3153 1249 3181 riam
1265 3152 1305 3181 ad
1315 3150 1440 3190 aliquod
1458 3148 1623 3180 necellario
1632 3149 1902 3184 concludendum,
1924 3149 1969 3179 vel
1985 3148 2149 3185 dilponen—

1170 3196 1265 3227 dum,
1285 3202 1319 3224 ut
1339 3194 1420 3224 idem
1431 3193 1539 3223 Baldus
1560 3191 1674 3226 diffinit
1685 3194 1718 3223 in
1736 3193 1827 3224 l.non
1846 3193 1977 3224 omnium
1986 3198 2065 3219 num.
2078 3184 2146 3229 3.ffi

1170 3238 1220 3269 De
1229 3233 1316 3275 legib.
1327 3235 1509 3277 (Qiiautem
1519 3233 1652 3275 sequitur
1664 3233 1769 3267 minsis
1777 3234 1984 3276 probabilem,
1997 3230 2148 3278 posthabi—

1169 3289 1201 3311 ta
1210 3278 1427 3320 probabiliori,
1450 3277 1582 3309 minime
1603 3276 2145 3319 sequitui·inclinationemrationis‚

1170 3323 1220 3354 seu
1231 3323 1374 3363 potentiae
1383 3321 1574 3353 rationabilis
1583 3323 1622 3353 ad
1632 3321 1777 3353 assensum
1788 3341 1797 3355 ‚
1819 3319 1902 3359 quod
1912 3318 1970 3349 lioc
1983 3317 2017 3348 sit
2029 3315 2146 3348 facien-

1168 3367 1265 3399 dum,
1286 3365 1332 3395 vel
1351 3373 1414 3394 non
1438 3363 1631 3401 faciendunu
1650 3363 1902 3405 quandoquidem
1921 3360 2088 3392 inclinatio
2107 3360 2145 3390 ad

1167 3407 1317 3438 assensum
1325 3406 1358 3437 fit
1370 3407 1534 3438 necessario
1543 3410 1580 3439 ad
1591 3408 1675 3438 illam
1685 3415 1801 3445 partem
1811 3403 2070 3435 contradictionis
2080 3423 2089 3433 ‚
2113 3404 2143 3431 in

1166 3451 1417 3490 qualutitplutxl,
1439 3451 1485 3481 vel
1495 3450 1622 3481 fortiora
1644 3450 1780 3482 motiva,
1800 3450 1875 3488 quia
1895 3446 2070 3478 intellectus
2083 3455 2143 3473 wi
