2397 3664
630 11 718 65 De
744 5 953 67 Constit·
980 23 1025 61 c.
1049 4 1180 72 Quae
1208 0 1260 56 in
1288 0 1655 55 Ecclefiarum.
1708 21 1711 23 Δ
1739 6 1745 9 ’

144 123 148 127 .
231 99 377 142 Religiosi
383 106 395 135 ’,
414 96 452 132 ὠ
461 99 605 141 Episcopi
614 122 623 131 .
943 113 947 116 ’

123 151 162 183 59
182 141 335 184 Vaffallus
340 142 371 184 fi
373 140 438 184 fiat
453 144 592 176 Clericus
602 165 613 180 ‚
639 142 692 174 vel
702 139 877 175 Monachus
887 140 920 171 in
933 135 1026 182 feudo
1043 146 1100 169 non

135 181 141 187 ”
227 183 384 225 fiiccedi't,
405 184 479 229 &si
492 185 568 224 quod
577 184 685 221 habet,
704 183 826 225 perdit.
846 211 851 216 .

189 228 380 261 Declaratur
388 240 422 262 n.
429 234 480 261 61.
492 228 616 270 &seqq-
626 227 687 268 ustl·
695 226 738 259 ad
746 239 775 259 n.
787 230 843 259 661

119 276 162 306 60
181 275 209 305 F
210 270 314 304 eudum
324 272 372 302 ita
383 270 500 303 demum
510 272 624 315 transtt
631 273 666 302 in
675 268 901 310 Monasteri'um
911 289 921 305 ,
934 267 967 311 fi
975 267 1039 299 tale
1056 277 1102 298 re-

233 317 337 352 quirat
338 314 504 355 servitium
515 337 524 350 ,
536 314 609 351 quod
618 314 638 345 a'
649 313 798 354 Religiofit
808 310 938 353 vaffallo
949 332 959 347 ,
969 311 1021 342 vel
1028 311 1104 342 Mo-

232 357 393 399 n.tst.pofflt
401 355 514 396 honeste
523 356 625 397 perse,
630 358 678 388 vel
687 366 740 397 per
749 357 846 388 alium
853 366 892 386 ex
894 355 1007 395 plicari
1011 352 1104 386 :alias

228 400 316 441 secus
325 423 335 438 ,
348 399 385 433 ἀ
394 412 423 431 n.
426 399 509 439 seqq.
520 400 582 440 uſs1.
592 398 636 432 ad
644 412 674 432 n.
695 404 746 432 66.
757 397 795 432 ό
806 408 856 439 79.
866 397 926 439 ufi1.
936 396 978 429 ad
988 409 1017 429 n.
1033 399 1102 430 108.

124 472 126 474 .
194 445 383 476 Declaratur
393 465 402 478 ,
414 451 446 472 ut
456 454 484 473 n.
502 452 572 482 105,

128 493 146 521 6
155 499 166 521 1
191 485 414 527 Mlesfhculis
421 484 476 526 effe
486 485 596 530 definit
605 510 615 523 ,
635 483 791 527 quifafbus
800 484 841 527 est
850 483 939 516 miles
949 481 1064 524 Christi
1073 506 1083 514 .

186 531 376 563 Declaratur
385 539 415 559 n.
433 538 502 568 104.

122 580 161 607 62
188 571 371 614 Beneficium
377 582 434 602 non
442 576 574 613 pertinet
581 572 625 605 ad
634 583 699 605 eum
709 595 719 608 ‚
739 574 788 610 qui
798 582 854 603 non
863 569 948 603 debet
953 580 1055 609 gerere
1065 567 1106 610 of-

228 614 335 657 ficium
345 637 354 645 .
1107 611 1113 618 '

124 664 163 702 63
186 662 215 693 F
216 657 339 690 eudalia
358 657 426 694 jura
446 661 480 689 in
499 659 667 702 exclusione
687 658 830 698 Regulari
835 667 882 687 um
901 657 922 688 a'
933 654 1106 696 succeffione

225 699 312 743 feudi
322 700 500 738 solummodo
509 703 750 744 contemplantur
759 711 858 733 eorum
876 696 1107 732 inhabilitatem

237 743 280 775 ad
289 743 487 785 serviendum
498 769 506 776 .

123 793 141 822 6
146 797 162 829 5
184 786 318 822 feudum
323 788 354 830 si
359 786 497 830 vestierit
506 798 644 830 apertum
654 797 727 820 ante
737 811 747 825 ,
751 789 823 832 five
833 786 895 829 post
905 785 1108 830 professionem

234 829 363 872 vaffalli
374 853 384 867 ‚
394 833 510 874 tranfit
518 836 553 864 in
563 831 790 874 Monasterium
802 854 812 868 ‚
816 832 848 875 fi
852 828 991 870 servitia
1003 829 1106 870 poffint

237 874 351 915 honeste
360 873 380 906 a
398 875 556 908 Monacbo
565 898 576 913 ,
596 877 649 908 vel
658 873 852 916 Monasterio
861 873 955 915 perse
963 895 974 910 ‚
995 873 1046 904 vel
1056 880 1110 912 per

235 919 334 949 alium
344 916 485 949 exhiberi
495 941 503 949 .
1048 936 1051 937 ν

127 966 167 995 66
188 964 215 993 F
217 963 286 992 eudi
288 960 458 1001 servitium
469 984 480 997 ‚
489 973 530 993 an
541 985 551 999 ‚
562 960 599 994 ὠ
608 960 723 1000 quando
732 963 815 1004 possit
826 961 911 1001 expli
914 961 980 992 cari
985 968 1037 1000 per
1040 954 1110 998 sub-

233 1003 378 1045 stitutum
387 1026 398 1040 ,
416 1002 581 1044 &mseqffi
593 1004 652 1046 ufi1.
663 1004 743 1036 adn.
756 1014 807 1042 79.
840 1040 846 1046 ⁸

127 1054 169 1087 67
189 1051 217 1081 F
219 1047 324 1080 eudum
327 1046 360 1090 fi
362 1045 518 1089 stimme,
529 1050 699 1086 antiquum,
708 1046 746 1080 ά*
756 1045 959 1088 honorificum,
969 1043 1111 1079 liberum,

231 1089 374 1133 francum
386 1112 396 1126 ,
409 1089 447 1122 &⁴
457 1090 634 1131 expeditum
644 1092 659 1128 ,“
671 1089 821 1131 vassallus
832 1090 1018 1128 intelligitur
1028 1084 1112 1125 abso—-

237 1134 316 1215 lutysss
325 1131 455 1177 afflomni
456 1133 591 1175 servitio
602 1157 611 1171 ,
627 1144 822 1176 preterquam
831 1132 870 1165 ab
879 1130 1012 1174 expresso
1023 1132 1055 1160 in
1065 1132 1113 1161 in-

238 1186 277 1207 ve
304 1185 388 1207 itura
399 1199 406 1207 .

128 1223 169 1253 68
189 1221 362 1252 Servitium
371 1241 382 1256 ,
392 1219 466 1258 quod
474 1221 628 1263 prestatur
636 1220 796 1263 insignum
806 1218 1029 1258 recognitionis,
1040 1215 1109 1248 cum

252 1272 280 1295 tt
288 1273 420 1294 annuum
429 1286 439 1300 ,
449 1267 483 1295 in
493 1275 667 1302 quocumque
671 1262 759 1304 statu
768 1262 906 1306 prestari
916 1259 1009 1303 potest
1018 1283 1026 1291 .

130 1311 170 1345 69
193 1308 222 1339 Ο
235 1305 342 1347 sequia
353 1305 374 1338 a*
386 1305 513 1347 vassallo
522 1306 768 1349 prastandasunt
777 1305 920 1347 adinstar
931 1314 1039 1339 eorum,
1057 1313 1113 1341 quae

241 1349 367 1382 libertus
374 1349 460 1382 debet
468 1361 593 1391 patrono
603 1374 611 1382 .

133 1402 177 1432 70
200 1392 352 1434 Obsequta
363 1415 372 1430 ‚
391 1403 448 1431 quae
457 1393 543 1427 debet
552 1404 678 1436 patrono
688 1392 815 1426 libertus
826 1416 835 1431 ‚
848 1391 923 1434 sunt
942 1390 1060 1423 honoris
1077 1389 1115 1422 O*

241 1445 414 1468 reverentia
427 1460 435 1468 .

129 1489 168 1520 71
191 1482 377 1519 Homagi'um
387 1503 396 1517 ‚
417 1479 454 1512 &⁴
463 1484 696 1513 Sacramentum
711 1478 882 1522 fidelitatis
892 1476 1006 1519 honeste
1015 1477 1035 1508 a*
1044 1477 1116 1508 reli-

238 1522 319 1564 giofh
328 1521 458 1564 vassallo
466 1523 602 1565 prestari
612 1522 703 1564 potest
710 1532 762 1564 per
765 1521 897 1564 seipfism
908 1546 916 1554 .

133 1577 174 1607 72
196 1564 377 1607 Abbatti'ffa
391 1568 441 1598 vel
460 1566 608 1609 Prioriffiz
627 1569 714 1601 exire
723 1565 809 1599 debet
832 1568 847 1598 e
858 1565 996 1605 clausura
1016 1562 1056 1595 ad
1068 1561 1116 1594 ho—

244 1612 378 1649 magium
389 1632 399 1646 ‚
421 1609 460 1642 ὠ·
467 1611 668 1649 juramentum
671 1608 829 1652 fidelitati
834 1622 847 1640 s
858 1606 1051 1650 praestandum
1062 1615 1115 1647 pro

238 1650 330 1694 feudo
340 1676 351 1690 ,
369 1652 445 1691 quod
455 1653 679 1695 Monasterium
697 1653 786 1685 habet
806 1654 825 1685 a'
835 1653 954 1684 domino
973 1660 1118 1692 temporae

243 1697 270 1727 li
279 1719 289 1732 ,
301 1695 384 1735 fiscus
394 1695 457 1737 1²⁰st
466 1698 594 1730 Bullam
603 1701 638 1731 S.
652 1699 706 1729 Pii
719 1699 756 1729 V.

133 1749 178 1781 74
198 1742 310 1772 Forma
321 1737 489 1777 fidelitatis
498 1740 580 1773 nihil
589 1742 720 1774 continet
729 1763 739 1777 ‚
762 1739 835 1778 quod
845 1739 864 1771 a¹
883 1737 1015 1779 vaffallo
1036 1737 1119 1769 Reli-

241 1781 340 1823 gioso‚
360 1781 397 1814 eff·
410 1782 556 1824 Episcopo
566 1797 622 1816 non
641 1784 723 1826 poffit
744 1783 856 1825 honeste
866 1781 957 1824 perse
968 1804 978 1818 ‚
998 1782 1049 1813 vel
1068 1790 1119 1820 per

243 1828 340 1857 alium
349 1827 503 1866 explicari
515 1851 522 1859 .

139 1878 178 1910 75
202 1871 249 1902 Va
248 1868 356 1911 ſjallus
375 1881 415 1901 ex
422 1868 704 1912 formafidelitatt's
723 1882 780 1902 non
790 1879 907 1902 tenetur
929 1866 974 1900 ad
983 1868 1120 1899 militan-

245 1912 335 1949 dum,
356 1912 519 1953 prasertim
527 1916 561 1944 in
571 1917 692 1956 propria
703 1914 827 1955 persona
841 1937 848 1944 .

137 1959 178 1995 76
200 1957 229 1987 E
233 1965 244 1986 t
255 1953 338 1996 estin
347 1958 464 1995 optione
473 1957 567 1998 ipsius
577 1980 586 1994 ‚
608 1970 650 1990 an
670 1956 715 1988 ad
734 1956 960 1999 expeditionem
980 1952 1121 1986 bellicam

252 1999 334 2031 velit
342 2000 388 2029 ire
398 2020 408 2035 ,
429 2001 480 2030 vel
497 2003 619 2032 mittere
630 2012 642 2037 ‚·
659 2012 702 2031 an
706 1998 806 2039 submi
812 1998 944 2041 nistrare
956 1995 1121 2028 dimidium

247 2040 386 2073 redditus
395 2044 481 2073 unius
491 2054 564 2074 anni
576 2067 585 2080 ,
597 2042 634 2075 (ῥ’
642 2056 672 2075 n.
684 2046 736 2081 78.

139 2095 180 2125 77
202 2086 277 2117 Non
286 2094 404 2116 tenetur
407 2084 493 2124 sequi
503 2088 669 2118 dominium
680 2088 713 2118 in
723 2084 799 2118 bello
809 2109 819 2123 ,
828 2096 918 2123 neque
928 2082 969 2116 ad
979 2084 1046 2114 alia
1052 2081 1121 2123 ser-

250 2131 335 2211 viss'a
346 2128 519 2168 personalia
528 2152 538 2166 ,
554 2130 615 2172 nist
625 2129 676 2162 hoc
687 2128 882 2172 expresse-(it
891 2136 1013 2160 cautum
1031 2128 1064 2157 In
1073 2129 1120 2158 in-

249 2182 287 2202 ve
314 2180 398 2201 itura
413 2193 422 2201 .

136 2224 178 2255 79
200 2213 374 2248 Monachus
377 2212 482 2255 sallus
491 2216 520 2246 E
521 2214 599 2255 pisto
600 2225 655 2256 pus
666 2225 826 2257 paternam
838 2213 1044 2246 hereditatem
1053 2223 1124 2244 ven-

250 2258 335 2289 dicat
346 2279 355 2293 ,
365 2256 509 2300 nonsibi,
521 2258 578 2298 sed
589 2259 722 2302 Ecclefiae
731 2281 741 2295 ,
752 2256 790 2290 (ῥ’
799 2270 830 2290 n.
841 2260 894 2289 88.

140 2305 184 2334 80
202 2301 309 2342 Spolia
321 2298 464 2341 Episcopi
480 2303 641 2340 Regulam-'s
654 2304 810 2333 morientis
820 2301 860 2332 ab
871 2299 1013 2341 intestato
1031 2301 1063 2330 in
1074 2301 1124 2330 ln-

253 2343 542 2376 diisOrientali'bus
551 2345 592 2376 ad
601 2349 758 2386 propriam
769 2347 797 2377 E
800 2345 938 2388 cclefiam
950 2345 1103 2384 pertinent
1114 2366 1122 2372 .

144 2391 181 2421 81
206 2387 341 2420 feudum
355 2389 516 2425 Regularts
526 2387 568 2419 ad
581 2390 608 2420 Ε
611 2389 795 2431 piscopatum
805 2388 954 2429 assumpti
963 2388 1077 2427 transit
1089 2388 1122 2416 in

254 2432 283 2461 E
286 2430 435 2471 cclefiam..
460 2443 471 2463 t
476 2430 643 2471 servitium
653 2430 767 2473 honeste
776 2431 914 2473 prestari
924 2434 1007 2473 poffit
1019 2427 1122 2470 perse,

255 2474 305 2506 vel
315 2481 368 2513 per
372 2471 426 2512 sub
442 2477 565 2505 titutum
575 2497 584 2511 ,
596 2474 634 2507 ὠ·
643 2488 672 2507 n.
677 2476 761 2517 seqq.
772 2474 832 2516 usq.
852 2473 894 2506 ad
904 2486 932 2505 n.
952 2482 1018 2511 107.

146 2520 186 2550 82
210 2514 492 2556 Monachusfac‘lus
501 2521 606 2549 Comes
616 2527 668 2559 per
687 2522 805 2559 Papam
816 2541 826 2555 ,
844 2515 976 2559 succedit
996 2519 1029 2548 in
1033 2514 1124 2557 feudo

258 2569 363 2601 aperto
373 2559 524 2599 postquam
532 2559 630 2601 fastus
640 2560 681 2602 est
691 2566 798 2594 Comes
808 2585 816 2592 .

146 2607 167 2638 8
173 2612 188 2645 3
210 2601 478 2643 Vastallusfaflus
489 2603 650 2644 Episcopus
659 2605 793 2645 censetur
811 2603 995 2636 habilitatus
1015 2601 1058 2633 ad
1076 2604 1124 2633 in-

252 2644 447 2688 serviendum
467 2656 519 2686 per
531 2644 723 2686 substitutum
733 2670 742 2684 ,
762 2648 835 2680 licet
848 2646 972 2689 feudum
988 2648 1125 2684 requirat

253 2688 421 2730 servitium
431 2688 584 2729 personale
596 2712 606 2726 ‚
617 2687 653 2722 &⁶
663 2702 693 2721 n.
706 2694 756 2730 85.

150 2736 195 2773 84
215 2731 380 2773 Episcopus
391 2731 627 2773 eslsucceffibt'lis
637 2737 669 2764 in
679 2731 765 2773 feudo
775 2741 900 2773 paterno
910 2757 917 2764 .

149 2779 189 2817 85
214 2775 352 2818 Episcopi
365 2798 374 2811 ,
394 2774 432 2807 ῥ’
441 2776 627 2808 Cardinales
636 2779 767 2808 retinent
772 2775 867 2818 feuda
875 2776 918 2808 ad
927 2787 973 2808 cos
982 2774 1126 2807 devoluta

260 2819 324 2859 jure
327 2818 513 2861 succeffionts
524 2844 532 2851 .

151 2865 193 2895 86
214 2862 478 2906 Regularisfifiat
490 2862 654 2904 Episcopus
664 2886 673 2899 ,
684 2875 740 2895 non
749 2872 800 2904 per
812 2862 862 2894 hoc
872 2859 1040 2901 absolvitur
1047 2861 1068 2893 a'
1077 2873 1129 2892 vo-

265 2916 295 2937 to
304 2910 495 2946 paupertatis
505 2928 514 2941 ,
532 2906 569 2938 Θ
578 2918 607 2937 n.
619 2910 669 2942 89.

158 2951 200 2985 87
221 2951 249 2981 E
252 2959 264 2979 t
273 2960 342 2982 cum
350 2947 432 2980 nihil
443 2948 553 2980 habeat
560 2972 570 2986 ,
579 2949 661 2982 nihil
669 2948 780 2981 donare
790 2946 881 2990 potest
891 2971 899 2978 .

155 2995 197 3023 88
216 2994 374 3031 Regularis
385 2991 547 3033 Episcopus
556 2991 692 3031 quicquid
704 2991 766 3034 post
771 2991 862 3032 suam
882 2989 1130 3031 consecrationem

265 3037 398 3073 acquirit
409 3058 419 3072 ,
427 3036 547 3079 nonsibi
558 3059 568 3072 ,
580 3036 632 3075 sed
645 3038 673 3067 E
675 3035 842 3076 piscopatui
853 3036 985 3072 acquirit
994 3056 1002 3064 .

159 3081 200 3115 89
221 3080 332 3109 Frater
341 3081 439 3109 minor
448 3080 475 3120 si
483 3077 543 3121 fiat
557 3079 721 3120 Episcopus
732 3101 740 3115 ,
759 3090 814 3110 non
825 3079 953 3118 efficitur
962 3086 1063 3117 capax
1067 3073 1133 3114 fitc-

265 3120 413 3163 cessionis,
416 3120 472 3161 sed
483 3132 586 3154 tamen
595 3122 670 3155 bona
681 3121 812 3162 insuam
826 3121 997 3163 Ecclesiam
1011 3117 1132 3159 deferun

268 3173 317 3195 tur
327 3186 334 3195 .

159 3217 201 3244 90
223 3209 249 3238 F
251 3205 355 3279 euduzln
363 3206 403 3247 est
409 3206 582 3250 beneficium
593 3210 750 3250 Principis
760 3230 769 3244 ‚
780 3206 817 3240 (θ’
826 3206 978 3247 latissime
987 3207 1134 3245 interpre-

271 3260 324 3281 tim
348 3260 395 3280 um
405 3274 413 3281 .

163 3303 201 3332 91
227 3296 253 3325 C
254 3294 310 3324 leri
315 3303 410 3324 corum
429 3295 635 3335 appellatione
659 3298 692 3326 in
710 3296 843 3326 materia
859 3291 980 3335 feudali
1007 3294 1134 3323 veniunt

273 3337 387 3369 Clerici
397 3340 491 3367 etiam
503 3339 664 3377 Regulares
674 3361 684 3375 ‚
706 3342 742 3370 (θ’
761 3335 904 3379 Episcopi
917 3358 927 3373 ‚
946 3336 1067 3378 etiamst
1083 3346 1134 3367 vo-

189 3389 270 3411 cetur
280 3381 417 3411 Clerzcus
426 3380 522 3418 major
531 3391 604 3412 natu
616 3404 625 3416 ‚
644 3393 673 3412 n.
685 3391 736 3423 93.

167 3431 207 3460 92
228 3421 382 3456 Inhabilis
392 3421 432 3453 ad
444 3423 639 3462 serviendum
650 3423 741 3466 feudo
753 3423 784 3468 st
804 3422 956 3464 habitetur}
982 3419 1024 3455 ad
1035 3420 1135 3464 succe·

233 3465 336 3508 Prosp.
347 3468 490 3509 ,ΕιιενιληΞ
509 3468 542 3500 in
560 3469 587 3501 I.
598 3467 669 3507 Lib,
680 3468 836 3504 Decreta.

1267 89 1398 120 alendam
1409 109 1418 123 ‚
1439 95 1572 126 censetur
1580 88 1675 117 etiam
1683 81 1870 118 habilitatus
1891 81 1937 115 ad
1949 82 2149 124 serviendum

1265 141 1317 173 per
1322 129 1516 172 substitutum
1532 152 1541 161 .

1159 185 1203 216 94
1220 173 1388 208 Feudorum
1398 172 1475 206 ltber
1483 172 1525 215 est
1534 171 1738 208 authenticus,
1747 167 1786 203 &¹
1795 170 1927 208 allegari
1936 168 2033 211 potest
2040 168 2087 216 ad
2093 167 2147 202 de-

1267 220 1405 261 cifionem
1415 216 1584 257 causarum,
1595 218 1633 248 Θ·
1642 216 1722 255 ligat
1732 222 1828 246 etiam
1836 215 1865 245 E
1867 214 2008 257 cclefiam
2017 236 2027 250 ‚
2037 217 2075 246 (9·
2087 214 2118 245 E
2120 223 2148 245 c-

1268 258 1455 303 clesiasticas
1463 259 1604 300 personas
1616 281 1624 290 .

1159 313 1198 345 95
1221 305 1323 337 Fallit
1332 301 1427 341 quoad
1437 302 1584 343 Capitula
1595 324 1605 338 ‚
1620 312 1676 340 quae
1686 300 1722 333 de
1733 302 1762 333 E
1764 300 1880 343 eclesiis
1888 322 1900 336 ,
1916 299 1969 332 vel
1987 297 2122 341 personis
2133 321 2145 336 ,

1267 358 1304 379 ac
1313 344 1398 378 rebus
1407 356 1509 378 earum
1511 344 1596 386 speci
1593 343 1652 387 fici·
1673 343 1833 385 disponunt
1843 367 1851 375 .

1158 395 1199 429 96
1219 393 1312 430 Leges
1321 392 1350 422 ci
1357 390 1433 421 viles
1443 411 1453 426 ,
1474 399 1531 427 quae
1549 389 1705 426 loquuntur
1722 387 1759 419 de
1777 386 1965 434 emphyteusi
1984 388 2014 418 E
2016 386 2125 429 cclesiae
2131 398 2147 423 ·,

1260 433 1387 474 servari
1399 444 1455 463 non
1465 430 1571 464 debent
1585 455 1592 462 .

1160 486 1202 516 97
1222 476 1388 509 feudorum
1394 474 1471 507 liber
1480 486 1537 507 non
1547 476 1709 506 emanavit
1717 473 1737 505 a'
1748 476 1902 514 Principe,
1909 471 1968 513 sed
1977 471 1997 505 a
2006 474 2147 514 privatis

1252 519 1329 552 homi
1334 517 1420 550 nibus
1430 529 1486 549 non
1496 515 1673 549 habentibus
1682 517 1879 550 authoritas?
1881 518 1957 556 legis
1968 514 2123 548 condendae
2135 540 2143 548 .

1162 567 1202 602 98
1225 565 1270 595 Et
1279 560 1346 593 ideo
1351 560 1518 602 secundum
1524 561 1590 598 aliq
1597 572 1648 592 uos
1657 571 1714 591 non
1724 561 1806 599 ligat
1818 584 1825 590 .

1228 604 1290 638 Sed
1300 613 1404 637 contra
1414 627 1423 640 ,
1435 610 1472 636 &⁶
1482 615 1533 636 cur
1542 615 1571 635 n.
1583 614 1635 642 99.

1161 660 1201 687 99
1227 647 1406 688 Consuetudt‘
1409 659 1459 678 nes
1464 646 1624 690 feudorum
1633 645 1702 679 cum
1706 646 1771 689 sint
1774 645 1872 687 supra
1883 645 2033 678 hominum
2043 656 2150 679 memo-

1270 694 1354 724 riam
1362 713 1373 728 ,
1383 690 1493 723 habent
1503 693 1570 722 vim
1581 690 1760 731 privilegii,
1792 689 1830 722 (θ’
1838 690 1984 721 videntur
1993 688 2033 722 ab
2043 692 2073 722 E
2075 691 2152 722 cclc-

1268 736 1320 778 sia
1332 732 1500 775 approbata
1511 758 1519 765 .

1151 790 1211 812 100
1231 779 1334 811 Fallit
1344 781 1378 809 in
1388 778 1531 818 capitulis
1541 799 1552 814 ‚
1571 775 1714 819 quaefiunt
1724 785 1828 809 contra
1838 778 2070 809 immunitatem
2091 776 2121 808 E
2123 787 2151 807 c-

1275 820 1476 865 tlestasticam
1491 843 1499 852 .

1151 875 1205 899 101
1229 864 1374 907 Episcopi
1393 873 1514 905 propter
1533 865 1750 896 excellentiam
1769 861 1934 902 dignitatis
1952 874 2009 895 non
2028 872 2157 904 compre-

1272 908 1438 940 henduntur
1448 910 1481 939 in
1490 908 1634 948 capitulis
1637 905 1810 947 feudalibus
1820 904 2047 939 excludentibus
2057 908 2158 939 Cleri-

1269 963 1316 984 cos
1328 973 1339 988 ‚
1360 950 1398 983 <9³⁴
1409 950 1581 983 Monachos
1590 952 1611 982 a
1614 950 1724 992 fiicces
1712 951 1796 994 stone
1808 948 1897 992 feudi
1908 973 1915 981 .

1155 1006 1211 1028 102
1235 993 1371 1027 feudum
1384 992 1563 1034 proveniens
1574 993 1613 1026 ab
1625 994 1765 1037 Ecclesia
1776 996 1902 1027 Roman.
1915 991 1955 1035 est
1965 989 2158 1036 Ecclefiasti-

1278 1048 1344 1070 Cum
2099 1042 2104 1065 'v

1152 1092 1207 1123 103
1231 1083 1260 1114 E
1264 1091 1277 1112 t
1288 1079 1330 1112 ad
1340 1079 1421 1112 illud
1431 1092 1487 1111 non
1498 1083 1699 1113 extenduntur
1707 1080 1776 1120 jura
1781 1079 1923 1122 ftudalia
1933 1077 2128 1113 excludentia
2137 1075 2160 1108 αὶ

1266 1123 1452 1166 successione
1456 1122 1542 1163 feudi
1553 1125 1688 1155 Clericos
1698 1148 1708 1162 ,
1720 1121 1758 1155 (ῥ’
1765 1122 1938 1156 Monachos
1950 1147 1958 1154 .

1152 1177 1213 1210 104
1233 1168 1400 1207 Religiosus
1410 1188 1420 1203 ,
1446 1165 1483 1198 (ῤ’
1496 1166 1659 1207 Episcopus
1662 1164 1762 1209 stfiat
1774 1166 1933 1206 vassallus
1951 1166 2091 1210 Ecclefiae
2103 1168 2158 1200 Ro-

1278 1221 1370 1242 manae
1380 1232 1390 1245 ,
1400 1221 1457 1241 non
1467 1208 1579 1252 definit
1589 1209 1654 1250 esse
1666 1210 1754 1241 miles
1764 1208 1881 1249 Christi
1892 1233 1900 1240 .

1154 1265 1190 1288 10
1194 1263 1208 1295 5
1233 1252 1367 1287 feudum
1387 1262 1524 1293 apertum
1546 1256 1615 1286 Reli
1614 1253 1694 1294 gioso
1713 1251 1754 1283 ad
1765 1254 1795 1283 E
1796 1255 1828 1293 pi'
1826 1252 1985 1293 scopatum
2004 1252 2155 1294 assumpto

1277 1297 1389 1340 tranfit
1399 1300 1432 1328 in
1451 1295 1600 1328 Cathedr.
1613 1298 1639 1327 Ε
1642 1296 1781 1338 cclestam
1793 1295 1887 1332 quoad
1907 1295 2153 1328 commoditatem

1278 1340 1406 1372 dominii
1418 1341 1504 1372 utilis
1512 1337 1718 1372 dtrrttntevi'ta
1727 1340 1868 1371 naturali
1892 1339 1984 1382 ipsius
1994 1341 2022 1370 E
2024 1338 2136 1380 pifiopi
2147 1361 2158 1374 ,

1288 1396 1316 1415 n.
1340 1394 1350 1414 1
1357 1392 1408 1421 07.

1157 1431 1213 1460 106
1235 1426 1388 1460 feudalia
1396 1426 1465 1464 jura
1477 1449 1486 1462 ,
1496 1436 1553 1463 quie
1561 1424 1657 1465 exsui
1667 1435 1778 1457 natura
1788 1436 1845 1457 non
1859 1424 2016 1465 transeunt
2026 1447 2035 1462 ‚
2046 1424 2107 1467 nist
2116 1423 2160 1458 ad

1281 1469 1406 1503 haeredes
1413 1468 1572 1509 sanguinis
1583 1478 1627 1503 ‚ut
1638 1472 1778 1508 Regnum,
1787 1470 1928 1501 Ducatus
1937 1491 1947 1505 ‚
1959 1468 1997 1501 θ’
2007 1470 2159 1504 Baronia,

1282 1525 1338 1545 non
1349 1511 1506 1554 transeunt
1515 1515 1548 1544 in
1558 1512 1800 1555 Monasttrium,
1824 1513 1876 1545 vel
1895 1514 1926 1544 E
1927 1512 2067 1557 calefiam
2077 1534 2087 1550 ,
2103 1509 2163 1553 sed

1284 1566 1441 1588 remanent
1447 1568 1547 1596 generi
1561 1579 1570 1587 .

1159 1611 1217 1641 107
1239 1602 1431 1633 Declaratur
1441 1623 1449 1632 .
1590 1633 1592 1635 ,

1159 1648 1218 1678 108
1241 1647 1399 1687 Principis
1412 1643 1503 1684 referi
1504 1644 1723 1686 ptum,lex‚vel
1725 1643 1876 1685 statutum
1884 1645 1917 1675 in
1927 1644 2073 1687 laefionem
2082 1644 2162 1685 juris

1239 1690 1368 1720 alterius
1378 1711 1388 1724 ‚
1408 1699 1448 1718 an
1458 1688 1571 1719 valeat
1583 1710 1593 1724 ,
1609 1699 1700 1720 necne
1709 1686 1887 1730 distingi'tur
1896 1709 1906 1724 ‚
1917 1686 1954 1720 (ῥ’
1962 1687 2091 1729 nii-seqq.
2112 1687 2160 1729 usn

1284 1742 1336 1770 que
1357 1735 1389 1762 in
1401 1729 1502 1770 finem.

1161 1787 1218 1814 109
1242 1775 1328 1819 Quid
1340 1775 1373 1817 st
1392 1777 1536 1815 Princeps
1554 1773 1677 1814 auferat
1690 1774 1737 1814 jus
1755 1773 1903 1816 quaesttum
1914 1796 1925 1812 ‚
1942 1775 1994 1807 vel
2003 1777 2160 1812 acquiren-

1284 1821 1354 1850 dum
1365 1816 1472 1856 dejure
1481 1819 1619 1849 naturali
1632 1840 1642 1854 ,
1661 1818 1697 1849 id
1709 1817 1751 1859 est·
1757 1820 1892 1858 gentium
1903 1842 1911 1850 .

1241 1864 1287 1894 Et
1298 1861 1368 1899 quid
1373 1862 1403 1905 fi
1411 1861 1552 1902 procedat
1559 1861 1628 1905 stne
1636 1860 1714 1904 justa
1728 1860 1819 1902 causa
1829 1883 1840 1897 ‚
1859 1860 1898 1893 Ψ
1907 1861 2005 1906 hocsit
2022 1871 2135 1895 certum
2147 1885 2157 1900 ‚

1287 1916 1366 1938 num.
1384 1915 1394 1936 1
1407 1915 1452 1936 12.

1244 1951 1288 1982 Et
1299 1947 1406 1992 quidsi
1424 1958 1464 1979 ex
1482 1946 1560 1989 justa
1578 1947 1668 1989 causti
1679 1971 1688 1985 ,
1709 1948 1747 1981 (ῥ’
1766 1948 1819 1981 hoc
1838 1951 1957 1991 pariter
1967 1950 2014 1993 fit
2023 1959 2136 1982 certum
2148 1972 2158 1986 ,

1287 2003 1368 2024 num.
1384 2002 1394 2023 1
1406 1995 1456 2023 18-

1243 2038 1289 2067 Et
1301 2034 1407 2077 quidfi
1416 2034 1607 2078 dubiumfit,
1630 2046 1671 2067 an
1680 2034 1758 2076 justa
1769 2034 1964 2079 'causasubstt
1974 2059 1983 2073 ‚
2005 2047 2112 2069 n.120-

1244 2082 1274 2111 E
1279 2089 1292 2111 t
1303 2079 1378 2118 quid
1382 2077 1414 2121 fi
1424 2078 1546 2121 auferat
1555 2077 1602 2117 jus
1612 2079 1706 2110 alteri
1725 2088 1891 2121 competens
1909 2079 2020 2119 dejure
2038 2081 2131 2112 civili
2147 2103 2159 2117 ,

1288 2133 1368 2154 num.
1384 2132 1394 2153 1
1406 2131 1455 2162 33.

1231 2167 1276 2197 Et
1287 2168 1358 2204 quid
1360 2166 1392 2208 fi
1401 2166 1447 2204 jus
1459 2176 1498 2196 ex
1509 2174 1570 2196 toto
1579 2176 1635 2196 non
1646 2166 1870 2208 auferatur,sed
1881 2164 2084 2209 differaturfit.
2093 2177 2160 2209 139.

1164 2219 1175 2241 1
1186 2219 1221 2241 10
1248 2207 1477 2249 Dominiasunt
1488 2207 1525 2239 de
1534 2208 1738 2248 juregentium
1751 2233 1759 2241 .

1243 2252 1304 2285 Sed
1325 2252 1403 2284 modi
1414 2251 1590 2290 acquirendi
1599 2263 1652 2294 per
1669 2253 1717 2292 jus
1737 2255 1834 2286 civile
1851 2251 2073 2295 distinguuntur
2081 2276 2092 2290 ‚
2111 2265 2161 2286 nu.

1291 2307 1302 2328 1
1313 2306 1324 2328 1
1331 2300 1360 2327 6.

1163 2351 1175 2372 1
1186 2351 1196 2372 1
1205 2350 1217 2372 1
1232 2341 1294 2384 Jus
1300 2342 1435 2379 gentium
1446 2337 1560 2371 dicitur
1568 2341 1663 2371 etiam
1670 2340 1717 2378 jus
1726 2341 1868 2372 naturale
1878 2364 1886 2370 .

1163 2394 1194 2417 11
1205 2394 1219 2425 3
1243 2386 1409 2424 Imperator
1427 2385 1568 2420 quamvis
1578 2382 1689 2415 habeat
1698 2383 1933 2423 jurisdi'flionem
1943 2384 1976 2412 in
1987 2381 2158 2422 universos,

1287 2438 1343 2458 non
1371 2436 1474 2458 tamen
1505 2425 1594 2458 habet
1623 2425 1788 2457 dominium
1806 2436 1905 2457 rerum
1923 2427 2122 2465 privatarum
2130 2449 2138 2457 .

1164 2481 1175 2503 1
1185 2482 1223 2511 14
1242 2472 1336 2510 Leges
1355 2469 1524 2509 auferentes
1540 2480 1604 2500 rem
1613 2470 1741 2500 alterius
1751 2469 1821 2511 stne
1837 2466 1915 2508 justa
1926 2466 2015 2508 causti
2026 2468 2099 2509 fiant
2109 2478 2159 2514 ty*

1289 2523 1417 2544 rannicae
1428 2534 1437 2547 ,

1164 2567 1220 2597 115
1243 2554 1427 2596 Consuetudo
1437 2577 1446 2590 ‚
1456 2563 1510 2594 per
1520 2564 1609 2592 quam
1613 2555 1681 2598 sine
1691 2554 1781 2595 causa
1795 2554 1842 2593 jus
1859 2555 1988 2587 alterius
2004 2552 2161 2596 aufertur,

1291 2610 1348 2631 non
1369 2599 1468 2630 valet.

1165 2653 1176 2674 1
1186 2653 1222 2683 17
1245 2645 1332 2683 Papa
1342 2653 1383 2673 an
1386 2642 1453 2685 stne
1463 2639 1553 2681 causa
1565 2641 1649 2683 poffit
1660 2640 1778 2681 auferre
1792 2642 1887 2673 alicui
1896 2641 2025 2683 officium
2035 2663 2044 2678 ,
2056 2642 2105 2674 vel
2115 2640 2161 2674 be-

1287 2684 1425 2727 neficium
1445 2684 1596 2726 remiffive
1607 2707 1616 2716 .

1168 2741 1226 2767 119
1248 2728 1350 2769 Caufiz
1361 2728 1438 2770 justa
1453 2725 1611 2769 auferendi
1622 2739 1685 2760 rem
1694 2729 1822 2760 alterius
1835 2727 1875 2769 est
1879 2726 1975 2769 favor
1984 2725 2118 2769 publicus
2128 2752 2136 2759 .

1167 2784 1178 2806 1
1186 2785 1226 2805 20
1245 2775 1392 2813 Princeps
1401 2775 1434 2803 in
1452 2770 1612 2813 auferendo
1622 2783 1685 2804 rem
1694 2772 1821 2803 alterius
1830 2773 1863 2803 in
1872 2768 1964 2804 dubio
1973 2770 2159 2812 praefitmitur

1291 2825 1388 2848 motus
1397 2827 1437 2846 ex
1446 2814 1523 2857 justa
1534 2814 1624 2856 causa
1635 2838 1644 2846 .

1249 2861 1445 2892 Contrarium
1456 2881 1466 2896 ‚
1485 2869 1564 2890 num.
1579 2871 1590 2892 1
1598 2869 1648 2897 24.

1164 2915 1175 2935 t
1184 2915 1199 2935 2
1210 2914 1221 2936 1
1246 2905 1275 2935 E
1278 2913 1292 2934 t
1309 2912 1413 2934 contra
1425 2901 1592 2942 hujusmodi
1610 2900 1864 2942 presumptionem
1874 2900 2019 2942 probavit
2029 2913 2086 2933 non
2100 2901 2158 2933 ad-

1293 2954 1438 2978 mittitur.

1171 3001 1205 3022 12
1213 3001 1228 3022 2
1251 2991 1449 3021 Contrarium
1459 3011 1468 3026 ‚
1479 2989 1554 3021 (θη.
1571 2998 1583 3020 1
1592 3000 1605 3019 2
1615 2998 1641 3029 3.

1251 3033 1440 3064 Declaratur
1451 3041 1573 3069 quatuor
1583 3029 1696 3066 modis,
1716 3039 1749 3061 ut
1758 3041 1786 3062 n.
1802 3040 1814 3062 1
1822 3042 1834 3064 1
1842 3040 1869 3069 5.
1881 3029 2003 3070 &seqq.

1172 3086 1228 3117 123
1251 3077 1408 3116 Principis
1418 3073 1544 3114 assertio
1553 3085 1609 3105 non
1617 3071 1723 3114 probat
1729 3072 1838 3114 justam
1854 3073 1977 3115 causam
1994 3072 2152 3115 auferendi

1294 3128 1358 3149 rem
1366 3118 1495 3149 alterius
1504 3116 1574 3158 ,sed
1583 3116 1706 3149 tantum
1715 3127 1803 3149 trans
1799 3116 1866 3159 fert
1876 3116 1953 3150 'onus
1961 3114 2107 3158 probandi
2125 3118 2159 3146 itt

1297 3159 1510 3200 adversarium
1521 3183 1529 3191 .

1174 3215 1185 3236 1
1192 3217 1208 3237 2
1215 3213 1230 3244 5
1253 3207 1400 3244 Princeps
1409 3202 1595 3243 rescribendo
1603 3212 1705 3236 contra
1715 3203 1761 3245 jus
1772 3204 1918 3246 quesitum
1930 3201 2027 3242 exsuo
2035 3210 2158 3233 contra—

1296 3248 1343 3279 {tu
1352 3258 1408 3278 non
1417 3245 1602 3287 presumitur
1610 3256 1705 3279 motus
1712 3258 1752 3278 ex
1761 3246 1838 3287 justa
1849 3245 1936 3285 causa
1948 3270 1956 3276 .

1174 3295 1232 3323 126
1254 3293 1399 3330 Princeps
1407 3301 1463 3321 non
1481 3289 1573 3333 potest
1581 3289 1637 3331 suo
1654 3289 1793 3331 vassallo
1806 3290 1873 3332 sine
1888 3287 1978 3329 causae
1996 3290 2160 3328 cognitione

1291 3333 1414 3376 feudum
1423 3331 1541 3374 auferre
1549 3355 1560 3370 ‚
1579 3333 1616 3366 ὠ
1625 3333 1742 3374 n.seqq.

1175 3388 1187 3410 1
1194 3387 1234 3415 27
1256 3375 1388 3410 feudum
1398 3374 1438 3417 est
1448 3377 1615 3408 contratlus
1624 3378 1701 3421 ultro
1711 3376 1840 3412 citroque
1849 3374 2042 3414 obligatorius
2049 3397 2057 3405 .

1173 3431 1185 3455 1
1193 3424 1232 3455 28
1252 3422 1397 3461 ,Princeps
1424 3418 1608 3462 rescribendi
1628 3428 1729 3453 contra
1747 3420 1948 3460 conceffionem
1955 3417 2047 3459 fitam
2064 3418 2160 3452 aiam

2043 3469 2116 3500 gra-
