2397 3664
70 636 126 668 123

52 2324 106 2356 125

53 2450 110 2479 126

52 2585 110 2616 127

52 3186 108 3216 128

672 64 796 123 -De
834 63 1130 124 Constitut·
1167 84 1213 125 c·
1251 66 1349 126 Ne
1385 70 1651 129 innitaris,

153 152 303 185 omnibus
311 152 507 193 argumentis
517 150 655 192 superius
674 150 820 184 adductis
830 153 864 183 in
874 154 1152 194 ptaecedentiquae-

155 196 254 228 stione
263 206 319 237 pro
328 205 413 236 parte
421 195 608 228 affirmativa
616 193 634 225 a
646 204 696 225 nu.
705 202 756 234 45.
766 193 854 235 usque
861 194 903 228 ad
909 206 991 228 num.
1004 205 1052 235 59.
1064 195 1151 228 Nam

153 241 403 280 unumquodque
410 240 536 271 illorum
543 258 553 272 ‚
563 237 711 269 videlicet
719 257 728 272 ‚
737 240 794 279 qui
802 239 891 280 eligit
900 240 1068 280 probabile,
1080 249 1152 280 pru-

153 284 262 314 denter
271 283 337 324 agit
348 302 358 317 ,
370 292 436 314 non
445 282 574 322 exponit
583 279 611 310 se
621 279 815 317 discrimini,
825 282 918 314 habet
927 283 1152 316 certitudinem

154 328 188 357 in
197 327 366 357 moralibus
376 324 555 366 requisitam
564 324 602 354 ad
620 322 747 356 honeste
755 327 970 365 operandum,
990 327 1151 367 &reliqua

151 371 262 400 omnia
270 371 440 401 vendicant
450 365 505 399 fibi
515 366 755 401 locum,etiarnfi
763 377 893 411 utraque
900 371 1012 411 opinio
1019 371 1056 403 sit
1064 368 1152 411 aeque

151 413 319 453 probabilis
330 423 339 449 3
349 411 500 452 siquidem
507 411 563 450 qui
572 409 662 450 eligit
671 410 801 444 alteram
811 432 822 448 ,
843 413 892 444 vel
902 422 1068 455 utramque
1077 433 1088 448 ,
1097 414 1151 445 ad-

152 456 214 487 huc
235 455 416 496 eligitquod
438 453 596 494 probabile
606 453 663 484 est.
686 453 766 487 Non
786 458 873 488 enim
884 466 947 490 una
970 457 1082 489 desinit
1091 457 1150 488 effe

152 499 321 538 probabilis
336 507 440 531 exeo,
461 496 547 537 quod
564 497 724 530 contraria
743 498 885 531 similiter
905 500 1072 540 probabilis
1094 502 1150 534 sit,

153 540 227 572 cuni
243 550 307 572 non
326 539 468 581 implicet
487 548 649 580 utramque
672 549 793 582 partem
814 541 1078 575 contradidiionis
1093 543 1150 575 effe

152 583 362 626 probabilem,
384 593 418 615 ut
427 582 548 614 dietum
557 582 668 624 estsup.
681 583 822 625 proxime
832 587 865 616 in
889 584 1060 626 supposito.

190 626 310 658 Vei-um
322 626 370 659 his
382 636 446 658 non
461 627 672 662 obstantibus,
693 628 890 661 contrarium
897 630 1021 661 videtur
1039 639 1150 661 tenen-

150 671 246 705 dum,
265 670 412 701 videlicet
422 680 458 701 ex
475 671 594 702 duabus
603 671 808 711 opinionibus
817 671 968 713 oppositis
982 672 1068 714 aeque
1078 683 1149 713 pro-

150 713 304 745 babilibus
313 733 322 748 ,
341 713 389 744 vel
398 713 483 754 quasi
493 734 503 748 ,
524 723 723 754 nequaquam
731 715 788 747 esse
798 715 929 747 liberum
939 715 1024 757 sequi
1034 716 1148 748 alteru-

150 766 232 788 tram
241 776 252 791 ,
266 757 299 789 δε
310 756 403 798 longe
412 756 518 789 minus
529 767 691 798 utramque
701 779 708 787 .
731 757 883 790 Probatur
891 769 997 792 autem
1006 759 1070 792 haec
1081 759 1148 791 sen-

148 802 249 831 tentia
260 803 308 831 26.
321 799 534 832 fundamentis
552 800 688 842 superius
698 801 842 834 adduetis
851 805 884 834 in
904 812 930 834 1.
940 813 986 841 qu.
997 814 1052 845 pro
1061 813 1147 845 parte

148 842 361 885 negativaan.
373 852 422 882 59.
433 843 521 884 usque
528 843 569 875 ad
585 855 615 875 n.
628 853 640 876 1
650 853 662 876 1
671 853 696 876 1.
708 844 782 877 cum
793 849 879 878 enim
888 846 1007 888 singula
1017 849 1147 888 probent

147 897 214 917 non
225 887 281 918 effe
290 888 413 918 licitum
424 887 508 928 sequi
521 888 707 928 opinionem
718 888 953 930 specificantem
974 889 1081 922 astum
1092 899 1148 929 pro

149 930 240 962 licito
250 950 260 965 ,
281 932 410 972 quando
419 931 470 961 illa
482 930 544 962 sola
552 930 732 973 agnoscitur
744 933 801 964 effe
811 933 995 974 probabilis,
1010 932 1048 964 eo
1059 933 1146 974 quod

147 973 325 1005 intellectus
336 983 400 1005 non
409 973 593 1006 refleetatad
601 976 794 1007 contrariam
803 996 813 1011 ,
829 986 887 1008 nec
897 976 1071 1009 consideret
1080 997 1088 1010 ,
1106 987 1145 1009 an

146 1027 204 1057 pro
214 1018 267 1048 illa
277 1026 383 1049 extent
392 1017 549 1052 rationes,
571 1017 618 1049 vel
627 1019 835 1051 authoritates
846 1030 1009 1052 moventes
1029 1031 1036 1050 :
1059 1031 1075 1050 a
1085 1019 1146 1051 for-

146 1062 222 1092 tiori
233 1061 364 1101 probant
373 1070 437 1091 non
447 1061 503 1092 esse
515 1061 639 1093 licitum
646 1061 731 1102 sequi
740 1065 925 1104 opinionem
936 1064 1126 1104 probabilem
1136 1084 1146 1098 ‚

144 1106 274 1144 quando
293 1103 434 1145 opposita
455 1104 634 1145 agnoscitur
655 1106 712 1137 effe
732 1106 819 1147 aeque
842 1108 1024 1147 probabilis.
1048 1106 1145 1138 Unde

147 1146 300 1188 supposita
314 1149 446 1179 veritate
465 1147 674 1180 conclusionis
692 1149 824 1182 firinatae
838 1152 872 1181 in
898 1160 922 1181 i.
934 1149 1028 1191 quaest.
1040 1153 1104 1183 haec
1117 1162 1144 1181 2.

145 1190 274 1231 quaestio
283 1190 324 1222 est
332 1192 369 1222 de
378 1192 579 1223 indubitabili
589 1214 597 1222 .

189 1234 248 1265 Sed
267 1233 476 1265 nihilominus
492 1245 646 1276 quatenus
656 1237 754 1268 etiam
768 1235 834 1279 ejus
845 1238 960 1269 veritas
981 1246 1146 1269 revocare-

144 1285 195 1308 tur
204 1278 238 1307 in
253 1278 405 1312 dubium,
427 1278 528 1310 adhuc
545 1288 695 1310 tamenex
717 1280 842 1312 illanon
864 1280 1095 1313 liceretinferre
1105 1282 1144 1313 ad

143 1319 250 1352 casum
261 1320 460 1366 prfesentem.
486 1321 582 1354 Ratio
598 1322 787 1355 diversitatis
803 1325 865 1358 est,
887 1326 962 1366 quia
984 1324 1058 1356 cum
1083 1335 1145 1357 una

144 1363 271 1394 tantum
293 1367 404 1405 opinio
426 1365 582 1405 judicatur
604 1366 660 1397 esse
684 1367 852 1408 probabilis
876 1368 960 1408 juxta
991 1369 1144 1400 terminos

141 1406 320 1448 quaestionis
343 1411 544 1448 praecedentis
560 1430 571 1443 ,
592 1409 769 1442 intellectus
792 1421 857 1442 non
879 1410 919 1441 est
943 1411 1066 1451 proprie
1087 1412 1144 1442 du-

142 1451 213 1481 bius
224 1470 234 1485 ,
256 1449 306 1482 sed
315 1450 361 1482 illi
372 1452 550 1487 assentitur,
571 1452 645 1484 licet
654 1453 964 1494 opinative,&cuin
973 1454 1144 1486 formidine

141 1493 239 1534 partis
260 1495 404 1527 alterius.
426 1495 469 1527 At
480 1496 573 1530 vero,
595 1497 668 1527 cuin
691 1507 822 1538 utraque
837 1497 949 1538 opinio
971 1498 1011 1529 est
1034 1498 1143 1539 proba-

142 1538 214 1568 bilis
229 1537 316 1579 juxta
326 1540 478 1570 terminos
501 1539 796 1580 hujusquaessionis,
821 1540 996 1573 initellecius
1019 1551 1144 1582 propter

140 1581 352 1622 aequilibtium
373 1584 535 1615 rationum
556 1593 663 1614 manet
686 1583 842 1625 suspensus
864 1605 873 1619 ,
895 1586 929 1616 &
952 1586 1083 1619 dubius,
1106 1594 1143 1616 ac

140 1627 245 1655 neutri
255 1625 434 1660 assentitur,
457 1635 491 1657 ut
509 1635 582 1658 mox
593 1628 773 1667 probabitur
792 1627 932 1659 latislime
949 1626 964 1659 a
981 1638 1061 1660 nam.
1075 1635 1142 1668 125.

140 1667 227 1708 uſsffue
234 1671 276 1699 aa
284 1679 365 1699 num.
381 1678 449 1706 171.

180 1711 320 1742 Primum
342 1714 442 1752 igitur
459 1733 468 1748 ,
491 1714 526 1745 &
547 1714 718 1754 principale
740 1713 983 1746 fundamentum
1007 1724 1062 1756 pto
1085 1714 1141 1747 hac

140 1752 294 1787 sententia
329 1756 532 1788 constituitur
563 1759 597 1789 in
627 1759 725 1789 tribus
753 1758 1006 1790 conclusionibus
1044 1757 1142 1790 infra-

140 1798 262 1839 scriptis
285 1820 293 1827 .

181 1840 286 1873 Prima
314 1840 488 1875 Conclusio
515 1844 556 1875 est
589 1856 595 1875 :
627 1843 698 1885 (Qui
730 1844 846 1884 judicat
876 1846 952 1877 dues
973 1846 1141 1886 opiniones

135 1884 292 1925 oppositas
321 1886 377 1917 eise
409 1888 566 1928 :equaliter
589 1890 762 1928 proba'oe'nes
779 1909 789 1922 ,
820 1889 866 1920 vel
897 1888 983 1929 quasi
1014 1888 1141 1929 aequali-

137 1937 184 1959 ter
200 1948 210 1963 ,
233 1939 298 1960 non
320 1929 361 1960 eii
383 1940 485 1962 certus
507 1934 668 1963 moraliter
689 1934 729 1964 de
751 1933 876 1964 illarum
899 1931 1031 1964 veritate
1053 1951 1064 1966 ²
1092 1931 1142 1964 sed

137 1973 251 2003 dubius
273 1993 281 2000 .

181 2014 503 2050 SecundaConclusio
520 2030 527 2049 :
549 2020 621 2059 &4³¹
633 2019 745 2050 dubius
765 2018 805 2049 eli
817 2020 849 2049 in
867 2017 1141 2052 moralimateria,

136 2057 171 2088 in
181 2068 243 2099 qua
254 2059 386 2091 vertitur
397 2062 500 2093 ialutis
511 2064 686 2103 periculum
696 2082 704 2095 ,
727 2071 852 2093 tenetur
873 2071 909 2091 ex
921 2070 1076 2102 praecepto
1095 2062 1140 2092 le-

137 2111 193 2142 qui
211 2104 398 2142 opinionem
409 2107 576 2136 tutiorem.

179 2144 291 2176 Tertia
301 2145 471 2177 Conclusio
484 2160 491 2177 :
502 2148 533 2178 Si
544 2148 676 2179 minin-,c
687 2157 832 2188 appareat
843 2167 851 2181 ,
873 2156 1018 2187 quaenarn
1027 2146 1140 2187 opinio

135 2187 173 2218 sit
183 2189 300 2222 tutior,
316 2196 440 2220 tenetur
451 2192 534 2230 requi
545 2193 649 2229 tegula
699 2220 707 2230 Ι
717 2201 732 2220 ‚t
745 2202 767 2221 e
780 2189 967 2230 praescripms
978 2211 985 2219 .
1009 2189 1067 2221 Hae
1078 2200 1139 2222 tres

133 2229 363 2262 Conclusiones
374 2251 384 2266 ,
406 2235 437 2262 in
449 2233 563 2274 quibus
574 2243 679 2264 contr·
700 2244 726 2261 tv
745 2244 767 2263 ,τ
781 2243 846 2264 ·ota
870 2234 1024 2273 ptaeient'is
1034 2232 1139 2274 dispu-

135 2275 266 2306 tationis
278 2294 287 2308 ,
309 2273 377 2305 sunt
393 2275 574 2317 singillatim
587 2278 750 2317 probandi:
762 2299 769 2306 .

172 2315 277 2349 Prima
287 2316 479 2353 Conclusio,
502 2320 534 2351 id
543 2320 580 2351 ess
593 2341 602 2354 ,
624 2321 678 2361 qui
691 2336 711 2359 μ
733 2321 893 2351 'icarduas
904 2321 1137 2361 opinionesop-

135 2360 247 2401 positas
257 2361 314 2392 effe
325 2364 481 2402 :equaliter
498 2364 690 2404 probabiles,
718 2365 759 2393 vj
773 2369 857 2405 quali
869 2369 1047 2404 acqualiter,
1070 2373 1135 2396 non

136 2404 177 2435 est
187 2407 478 2442 iroralitetcertus,
501 2406 550 2438 sed
572 2408 701 2438 dubius.

174 2446 326 2480 Probatur
335 2448 437 2489 primo
447 2471 454 2479 .
477 2449 569 2491 Qiia
578 2471 587 2485 ,
599 2460 632 2481 ut
642 2451 724 2481 idem
734 2449 911 2482 intelieeius
923 2449 1011 2481 simul
1023 2451 1134 2491 opine-

134 2500 185 2522 tur
201 2492 277 2522 duas
286 2493 454 2531 opiniones
472 2496 646 2525 contrarias
660 2494 745 2534 :eque
768 2495 958 2535 probabi:es,
982 2504 1047 2525 no.i
1065 2504 1134 2525 tan-

133 2534 202 2565 tum
224 2536 403 2569 moraliter,
424 2535 473 2568 sed
493 2539 590 2568 etiam
600 2539 802 2571 naturaliter,
825 2545 857 2568 ec
878 2536 999 2581 physice
1022 2537 1133 2569 estim-

132 2577 286 2619 possibile.
309 2577 410 2619 Qud
433 2578 473 2610 sic
491 2580 677 2617 ostenditur,
700 2591 775 2612 nam
798 2583 922 2621 opinari
945 2581 1024 2611 nihil
1047 2582 1133 2613 aliud

134 2621 175 2652 est
185 2641 195 2655 ‚
216 2621 312 2662 quam
320 2631 355 2652 ex
366 2623 575 2663 probabilibus
583 2623 772 2665 conjecturis
783 2627 907 2655 credere
918 2645 927 2658 ,
951 2623 1002 2655 seu
1011 2623 1131 2664 judica-

133 2674 184 2701 re»,
206 2674 272 2696 tem
288 2675 396 2698 veram
417 2666 493 2700 esse,
517 2667 622 2707 illique
642 2667 798 2702 aisentiri,
821 2677 886 2699 non
906 2669 1036 2709 quidem
1058 2678 1132 2699 cum

132 2710 319 2740 omnimoda
335 2710 525 2741 certitudine
536 2730 546 2743 ‚
569 2709 616 2740 sed
626 2719 700 2740 cum
712 2709 882 2742 formidine
905 2713 1000 2752 partis
1010 2711 1132 2752 opposi-

133 2760 172 2782 tae
183 2771 192 2786 ,
215 2751 313 2787 idest,
337 2751 539 2785 formidando
552 2773 562 2788 ,
584 2763 622 2783 ne
632 2762 699 2793 pars
715 2754 855 2793 opposita
865 2763 937 2785 vera
954 2755 1006 2785 sit.
1030 2756 1132 2796 Qiod

133 2794 206 2826 satis
215 2794 296 2826 clare
306 2796 473 2828 adnotavit
490 2796 573 2827 Bald.
586 2796 642 2828 inl
663 2794 744 2827 Ciam
752 2798 784 2827 in
794 2796 1016 2835 antiquioribus
1026 2818 1035 2832 ,
1058 2801 1091 2828 c'n
1104 2807 1129 2838 3.

131 2837 225 2880 quaest.
237 2850 317 2870 num.
328 2844 356 2870 6.
367 2842 403 2871 C.
416 2843 452 2870 dc
463 2839 520 2876 jur.
531 2837 657 2871 deliber.
669 2841 775 2870 dicens
793 2850 800 2869 t
819 2839 941 2879 Opinio
950 2841 990 2871 est
1002 2861 1010 2875 ‚
1031 2851 1132 2882 quan-

133 2883 176 2913 do
196 2884 267 2923 quis
288 2893 325 2914 ex
344 2884 554 2924 probabilibus
578 2882 767 2924 conjecturis
789 2883 889 2913 credit
910 2885 962 2917 id,
984 2887 1068 2925 quod
1090 2885 1132 2916 est

131 2934 243 2957 verum
258 2946 267 2960 ,
290 2925 363 2958 licet
386 2928 622 2958 certitudinarie
647 2936 711 2957 non
734 2926 884 2962 noverit3
913 2927 945 2957 δέ
969 2928 1077 2958 docuit
1100 2929 1129 2960 S.

133 2967 306 3002 Bernardus
315 2968 398 3008 lib.5.
410 2969 446 3002 de
455 2968 695 3014 consideratione
704 2990 714 3004 ,
725 2981 749 3001 c.
763 2981 789 3001 2.
800 2970 862 3004 ibi,
871 2968 1022 3014 Caeteritm
1032 2974 1131 3009 opinio

132 3015 208 3043 certi
216 3012 294 3045 nihil
304 3013 415 3046 habens
426 3023 602 3054 verum,per
611 3013 803 3056 verzfimilia
812 3013 1131 3053 quaeritporms,qudm

132 3055 345 3093 apprehendit.
368 3057 407 3089 Et
418 3058 555 3099 apertius
566 3058 610 3089 ibi
632 3068 638 3088 :
661 3059 777 3098 Opinio
787 3056 829 3097 est
839 3062 920 3100 quase
932 3065 984 3097 pro
995 3068 1067 3088 vero
1076 3056 1131 3090 ha-

132 3094 201 3129 bere
210 3099 328 3137 aliquid
337 3121 348 3136 ,
369 3100 565 3143 quodfalfhm
574 3099 628 3142 effe
637 3100 768 3140 nescias.
790 3099 888 3131 Unde
899 3103 931 3131 in
941 3100 1054 3133 effestu
1062 3104 1130 3142 opi—

134 3143 190 3172 nio
211 3142 368 3177 aliudnon
390 3145 452 3179 est,
471 3144 565 3186 quam
584 3146 740 3186 judicium
763 3144 920 3184 probabile
942 3146 978 3175 de
997 3146 1128 3177 veritate

130 3184 262 3225 alicujus
270 3189 330 3218 tei.
342 3187 380 3220 Et
392 3190 538 3229 probatur
549 3192 582 3219 in
591 3199 615 3219 c.
629 3189 695 3226 Ego
698 3187 794 3227 solis,
806 3197 835 3223 9.
847 3185 915 3227 dlst-
928 3188 1129 3228 ponderando

131 3227 185 3259 illa
195 3229 289 3260 verba
306 3240 314 3260 :
331 3231 407 3262 Non
416 3231 481 3264 ideo
494 3240 706 3271 verumputem
717 3251 727 3265 ,
749 3233 818 3268 qnia
827 3231 883 3304 iifl
893 3233 940 3261 ita
949 3231 1128 3272 senserunt,

126 3271 183 3311 sed
198 3273 267 3309 quia
276 3271 353 3304 mihi
365 3282 420 3315 per
434 3272 602 3316 probabiles
609 3277 745 3306 rationes
755 3294 764 3308 ,
786 3274 839 3312 quo
879 3273 898 3304 a'
913 3285 982 3305 vero
1001 3286 1059 3307 non
1075 3274 1128 3308 ab·

131 3314 253 3347 horreat
264 3336 274 3350 ,
289 3316 467 3357 perfimdere
473 3327 651 3358 potuerunt.
675 3317 762 3350 Nam
772 3318 920 3351 verbum,
933 3325 1052 3357 putem,
1074 3321 1128 3351 de-

131 3358 232 3399 signat
245 3359 397 3399 judicium
407 3380 417 3394 ‚
437 3364 521 3403 quod
532 3362 568 3394 fit
584 3363 620 3393 de
632 3362 895 3405 propositionibus
912 3360 1105 3401 Scriptorum
1117 3383 1127 3398 ,

130 3401 335 3443 &sequentia
356 3404 469 3438 verba,
488 3412 541 3443 per
553 3404 726 3446 prohabiles
735 3407 871 3436 rationes
890 3403 1066 3445 persuadere
1072 3414 1126 3445 po-

130 3454 269 3480 tucrum,
292 3447 443 3478 denotant
465 3447 523 3478 hoc
547 3448 698 3487 judicium
720 3459 785 3490 non
808 3448 865 3479 eise
887 3448 1096 3480 scientificum
1114 3470 1124 3484 ,

131 3489 180 3520 scd
188 3491 406 3529 opiiiativum,
427 3492 460 3523 &
470 3491 642 3531 probabile,
660 3492 735 3523 cum
744 3493 1044 3525 nitaturrationibus
1054 3503 1124 3532 pro-

2049 87 2118 146 43

1193 153 1365 190 habilibus,
1385 166 1453 196 quae
1471 167 1535 189 non
1547 158 1745 189 convincunt
1766 155 1920 192 omnino,
1942 157 1990 190 sed
2006 162 2190 199 pendiderit

1192 198 1370 229 dumtaxat.
1394 199 1535 231 Demt‘im
1551 201 1682 232 verbum
1699 199 1795 235 illud,
1817 210 1944 236 verum,
1966 211 2023 233 nec
2047 213 2111 234 non
2122 213 2191 234 vei·-

1193 241 1250 276 ba,
1270 241 1460 279 quodam-ro
1470 254 1528 274 non
1543 242 1723 278 abhorreat,
1743 243 1955 276 demonstrant
1963 245 2024 276 tale
2035 245 2190 283 judicium

1192 283 1250 315 esse
1272 286 1310 317 de
1320 288 1451 317 veritate
1472 288 1534 321 rei,
1555 286 1817 328 quiaintelleelms
1838 287 1938 320 credit
1951 308 1961 323 ,
1982 290 2068 329 quod
2090 290 2131 321 est
2140 300 2191 320 ve—

1191 336 1281 362 rum,
1304 328 1355 360 seu
1374 338 1461 370 putat
1471 330 1528 362 esse
1543 340 1672 365 verum,
1691 332 1839 371 quamvis
1849 331 1936 363 certo
1959 341 2025 363 non
2046 330 2191 369 n'overit3

1191 369 1363 404 sicutenim
1380 372 1549 414 propositio
1557 374 1722 406 neceffaria
1739 383 1867 415 generat
1885 374 2036 406 aisensum
2057 376 2191 407 necessa-

1191 413 1276 446 rium
1292 416 1330 447 de
1342 416 1474 448 veritate
1497 416 1598 451 illius,
1620 418 1665 448 ita
1688 418 1853 457 probabilis
1875 417 2046 460 propositio
2061 429 2191 460 generat

1191 457 1342 490 assensum
1357 459 1550 500 probabilem
1561 461 1598 491 de
1620 459 1757 500 ejusdem
1780 463 1930 493 veritate.
1953 462 2049 503 quue
2059 472 2124 494 non
2132 463 2188 494 ob-

1192 500 1277 534 scrire
1286 503 1393 534 innuit
1402 503 1582 534 Aristoteles
1593 503 1627 535 in
1640 516 1666 536 2·
1676 502 1713 535 de
1727 504 1849 536 Anima
1859 514 1939 537 text.
1955 507 2106 547 153.dum
2121 508 2187 537 ait:

1191 545 1328 583 Opinari
1336 556 1395 576 non
1411 547 1445 577 in
1454 543 1539 578 nobis
1555 543 1597 586 est
1606 557 1618 582 ‚·
1641 546 1749 586 necesse
1758 550 1840 579 enim
1854 547 1995 591 falfiaem,
2016 559 2070 582 aut
2081 560 2188 582 verum

1189 588 1291 620 dicere
1309 609 1316 617 .
1339 586 1425 630 Qiae
1446 591 1529 621 ratio
1551 591 1657 629 inepta
1678 590 1750 621 effer
1767 611 1777 624 ,
1798 591 1854 622 nisi
1879 592 2030 632 judicium
2050 595 2190 634 opinati-

1191 640 1267 662 vum
1286 633 1435 672 penderet
1451 632 1468 664 a
1485 634 1616 664 veritate
1634 632 1766 674 objeeti.
1789 634 1892 675 Atque
1911 635 1985 668 hinc
2008 637 2190 669 notabiliter

1189 675 1378 710 deducitur,
1400 684 1434 708 ut
1456 676 1542 708 aliud
1563 675 1600 707 fit
1621 676 1865 718 propositionem
1889 677 2024 718 judicare
2046 681 2186 720 probabi-

1189 717 1270 753 lem,
1291 718 1420 750 &aliud
1436 721 1656 760 camopinari,
1678 719 1728 751 seu
1751 720 1888 760 judicare
1911 723 2111 762 probabiliter
2131 723 2188 755 esl‘e

1188 770 1314 793 veram.
1338 763 1424 794 Inter
1433 763 1497 794 haec
1507 765 1593 794 enim
1602 763 1818 804 quatuorsunt
1826 763 2028 800 differenriae,
2049 767 2088 798 ad
2107 776 2186 808 quas

1188 806 1489 848 oportetdiligenter
1499 809 1679 842 advertere,
1698 808 1774 848 quia
1796 807 1919 839 illarum
1941 808 2083 840 confusio
2104 811 2185 841 mul-

1189 849 1383 881 tostraxitin
1392 860 1547 883 errorem.
1572 849 1861 884 Primadifferentia
1879 850 1938 886 est,
1960 853 2035 892 quia
2045 851 2118 884 cum
2137 852 2184 894 ju-

1189 892 1331 925 dicamus
1352 893 1598 934 propositionem
1619 895 1676 926 effe
1698 895 1890 935 probabilem
1906 915 1916 929 ,
1946 894 2006 926 lioc
2027 895 2185 936 judicium

1188 945 1253 966 non
1275 938 1359 967 cadit
1381 937 1467 978 super
1489 938 1572 969 illius
1595 939 1745 972 veritate,
1769 937 1818 969 sed
1841 938 1927 979 super
1948 938 2185 979 probabilitate;

1188 988 1253 1009 non
1274 982 1362 1012 enim
1384 981 1560 1021 judicamus
1580 991 1650 1013 eam
1672 981 1726 1014 else
1749 991 1855 1013 verani
1872 1001 1882 1015 ,
1913 980 1963 1012 sed
1984 980 2109 1013 rantum
2130 982 2188 1014 effe

1188 1023 1395 1062 probabilem.
1419 1025 1461 1057 At
1482 1033 1610 1058 contra,
1634 1023 1709 1056 cum
1730 1024 1975 1068 propositionem
1995 1026 2184 1067 opinamur,

1189 1064 1343 1104 judicium
1360 1067 1499 1099 nostrum
1520 1067 1561 1099 est
1570 1069 1606 1100 de
1622 1067 1707 1101 illius
1724 1071 1874 1102 veritate,
1895 1078 2088 1111 quamquam
2110 1078 2186 1100 cum

1187 1107 1356 1142 formidine
1366 1111 1633 1151 partisoppositae,
1654 1113 1729 1153 quia
1739 1113 1899 1154 opinando
1906 1113 1976 1154 quis
1990 1113 2091 1146 credit
2098 1113 2185 1154 quod

1188 1161 1296 1183 verum
1308 1153 1368 1187 est,
1393 1153 1442 1183 seu
1459 1162 1547 1193 putat
1561 1154 1616 1185 esse
1626 1163 1755 1189 verum,
1775 1157 1941 1195 quamvis,
1963 1164 1998 1188 ut
2020 1165 2094 1188 cum
2116 1154 2186 1186 Bal-

1186 1196 1227 1226 do
1239 1196 1364 1235 loquar,
1386 1196 1626 1229 certitudinatie
1635 1207 1700 1230 non
1711 1198 1851 1228 noverit.
1875 1198 2018 1231 Secunda
2037 1199 2186 1230 differen-

1187 1240 1232 1270 tia
1252 1239 1313 1273 est,
1335 1242 1410 1280 quia
1421 1239 1817 1283 propositionemjudicare
1833 1242 2044 1284 probabilem,
2069 1242 2186 1275 nonest

1186 1281 1232 1314 illi
1255 1283 1385 1322 praebere
1417 1283 1565 1315 assensum
1587 1286 1787 1325 opinativum
1808 1290 1831 1318 ,'
1848 1283 1898 1315 seu
1928 1286 2126 1326 probabiliter
2155 1288 2185 1316 ei

1186 1325 1322 1357 assentiri
1333 1336 1486 1368 tanquam
1505 1337 1603 1362 verae,
1625 1326 1769 1359 cumlioc
1787 1327 1960 1369 judicium,
1983 1337 2016 1360 ut
2040 1330 2186 1369 prcedixi,

1186 1378 1251 1399 non
1275 1369 1310 1399 sit
1330 1371 1368 1400 de
1394 1370 1524 1401 veritate
1546 1370 1768 1411 propositionis
1784 1391 1794 1405 ,
1825 1370 1873 1402 sed
1896 1369 2020 1403 tantum
2041 1374 2076 1402 de
2101 1372 2185 1403 illius

1186 1412 1403 1453 probabilitate
1428 1424 1434 1443 :
1457 1412 1592 1454 ideoque
1603 1416 1716 1447 multas
1732 1416 1900 1455 opiniones
1910 1414 2081 1455 probabiles
2105 1415 2186 1455 judi-

1185 1465 1312 1489 camus,
1334 1458 1367 1487 &
1386 1466 1493 1488 tamen
1511 1467 1562 1488 eas
1581 1467 1645 1488 non
1661 1457 1837 1499 sequimur,
1859 1467 1894 1489 ut
1913 1459 2005 1489 docet
2025 1460 2187 1498 experien-

1185 1500 1249 1532 tia,
1270 1502 1303 1530 &
1315 1499 1441 1540 patetin
1451 1501 1593 1540 exemplo
1605 1499 1635 1531 Ι).
1649 1500 1780 1534 Stiarez,
1804 1502 1840 1532 de
1850 1511 1914 1542 quo
1922 1500 2020 1541 fiipra'
2039 1511 2118 1532 num.
2136 1510 2183 1541 39.

1184 1541 1447 1577 Sedeconverso,
1473 1543 1718 1585 propositionem
1733 1546 1876 1585 opinari,
1900 1543 2095 1586 seujutlicare
2113 1554 2184 1585 pro<

1186 1585 1328 1616 babiliter
1346 1588 1538 1621 verameffe,
1560 1589 1669 1629 utique
1687 1589 1727 1620 est
1739 1589 1783 1620 illi
1804 1586 1954 1621 assensum
1976 1589 2125 1629 praebere,
2148 1588 2186 1619 li-

1184 1626 1234 1659 cet
1253 1639 1400 1661 noncum
1415 1632 1604 1663 omnimoda
1620 1632 1830 1666 certitudine,
1852 1629 1927 1665 cum
1947 1633 2060 1669 opinio
2083 1631 2119 1662 sit
2140 1632 2184 1662 as-

1185 1671 1287 1702 sensus
1306 1682 1360 1713 pro
1369 1683 1432 1704 una
1450 1683 1536 1715 parte
1546 1675 1813 1707 contradictionis
1831 1685 1905 1707 cum
1915 1674 2086 1707 formidine
2107 1675 2184 1706 alte.⁴

1184 1715 1267 1749 rius,
1289 1726 1324 1746 ut
1345 1716 1506 1749 diffiniunt
1528 1716 1709 1760 Philosophi
1727 1740 1734 1748 .
1757 1717 1867 1750 Tertia
1889 1720 2087 1752 dinereiitia,
2108 1720 2184 1758 quia

1184 1756 1257 1789 esim
1280 1758 1454 1799 judicamus
1477 1760 1723 1801 propositionem
1752 1762 1944 1803 probabilem
1965 1761 2022 1793 effe
2040 1782 2050 1797 ,
2081 1761 2185 1804 liujus-

1184 1803 1269 1832 iiiodi
1287 1802 1491 1842 judiciumest
1506 1806 1654 1839 evidens,
1676 1806 1710 1837 ὃς
1734 1804 1962 1839 scientificum,
1986 1815 2050 1836 non
2071 1808 2184 1846 opina-

1183 1846 1287 1875 tivum
1310 1856 1316 1875 :
1339 1845 1426 1877 certo
1437 1848 1524 1878 enim
1534 1847 1755 1888 cognoscimus
1765 1847 1996 1881 rationesiliius
2015 1849 2069 1880 effe
2092 1848 2183 1881 suasi-

1184 1888 1260 1919 biles
1276 1908 1286 1922 ,
1316 1890 1349 1920 δε
1372 1899 1437 1920 non
1459 1892 1689 1922 convincentes
1711 1902 1719 1927 3
1749 1893 1831 1922 unde
1852 1901 1916 1922 non
1938 1894 2105 1932 opinamur
2127 1892 2183 1923 eise

1183 1931 1374 1972 probabiles,
1397 1931 1445 1964 sed
1457 1931 1587 1969 scimus·⁷
1609 1936 1809 1974 nequeenim
1832 1935 1958 1975 opinari
1975 1935 2063 1966 simul
2078 1936 2182 1968 idem,

1183 1976 1217 2006 &
1228 1974 1303 2006 scire
1313 1977 1492 2017 contingit,
1515 1986 1548 2007 ut
1559 1977 1717 2010 diciturin
1730 1987 1755 2009 i.
1766 1976 1953 2017 Posler.cap.
1966 1979 2118 2020 26.ldqtie
2137 1977 2182 2009 fa-

1183 2027 1289 2049 tentur
1311 2019 1358 2050 vel
1375 2019 1429 2060 ipsi
1453 2019 1630 2052 defensores
1653 2022 1931 2062 probabilitatum,
1953 2030 1987 2052 ut
2004 2025 2083 2062 apud
2106 2021 2184 2052 San-

1182 2061 1304 2092 cliezin
1323 2063 1433 2093 Decal.
1444 2060 1499 2095 lib.
1515 2072 1574 2095 1.c.
1587 2074 1614 2100 9.
1638 2075 1719 2096 num.
1734 2067 1780 2096 18.
1791 2067 1825 2096 in
1844 2063 1926 2106 fine,
1947 2066 2022 2097 dum
2033 2065 2182 2098 asserunt,

1181 2104 1310 2139 adhoc,
1334 2115 1366 2136 ut
1379 2106 1472 2137 liceat
1482 2105 1565 2147 sequi
1585 2110 1771 2148 opinionem
1782 2103 1992 2148 probabilem,
2014 2108 2182 2141 necefl'ario

1182 2150 1326 2188 requiri,
1356 2158 1391 2179 ut
1412 2150 1549 2181 omnino
1577 2161 1699 2184 certum
1722 2154 1758 2186 sit
1780 2162 1851 2183 eam
1880 2151 2072 2193 probabilem
2094 2152 2150 2183 elle
2173 2162 2181 2187 ;

1180 2192 1342 2231 alioquin,
1365 2191 1385 2222 si
1411 2191 1728 2234 sufficeretjudicium
1749 2197 1997 2237 opinativumde
2016 2195 2181 2236 probabili-

1180 2243 1243 2266 tate
1254 2235 1338 2266 illius
1349 2255 1358 2269 ,
1378 2236 1505 2267 daretur
1513 2239 1625 2278 opinio
1642 2239 1824 2279 opinionis,
1845 2238 2087 2280 &probabilitas
2110 2248 2180 2279 pro-

1180 2278 1349 2309 babilitatis
1359 2299 1369 2313 ,
1390 2280 1423 2310 &
1436 2279 1523 2311 fieret
1535 2282 1687 2322 processus
1703 2285 1736 2314 in
1747 2283 1926 2314 infinitum.
1950 2281 2072 2314 Contra
2084 2282 2179 2315 vero,

1178 2320 1252 2352 cum
1271 2322 1518 2362 propositionem
1538 2326 1723 2365 opinamur,
1746 2326 1797 2358 seu
1814 2336 1921 2358 veram
1929 2326 1985 2358 effe
2001 2327 2178 2358 credimus,

1177 2364 1269 2406 eique
1285 2366 1467 2397 assentimur
1488 2377 1561 2399 cum
1573 2367 1745 2401 formidine
1769 2372 1864 2411 partis
1887 2370 2030 2402 alterius,
2053 2377 2176 2398 certum

1176 2408 1219 2439 est
1236 2408 1461 2449 hociudicium
1479 2420 1544 2442 non
1553 2411 1610 2443 eise
1628 2411 1854 2446 scientificum,
1877 2414 1951 2452 quia
1966 2411 2077 2450 opinio
2097 2421 2176 2442 con-

1177 2451 1613 2493 tradiiiinguiturascientia,
1634 2457 1667 2487 &
1683 2457 1753 2486 aliis
1765 2455 1932 2486 virtutibus
1953 2453 2177 2485 intelleetuali-

1177 2496 1231 2525 bus
1240 2515 1250 2529 ,
1273 2505 1304 2526 ut
1317 2497 1350 2527 in
1361 2501 1390 2527 6.
1402 2495 1505 2528 Ethic.
1516 2508 1541 2528 c.
1554 2506 1579 2537 3.
1589 2499 1622 2528 in
1631 2500 1728 2537 princ.
1739 2500 1773 2529 &
1794 2500 1827 2528 in
1843 2506 1867 2527 1.
1879 2493 1994 2537 Poster.
2005 2504 2068 2537 cop.
2080 2501 2128 2529 26.
2140 2499 2175 2530 δε

1175 2537 1270 2569 fusius
1286 2540 1452 2579 probatum
1462 2540 1503 2570 est
1513 2539 1580 2580 sup.
1592 2550 1672 2571 num.
1683 2544 1734 2576 69·
1747 2538 1786 2572 (θ’
1806 2543 1856 2579 85.
1867 2539 1905 2572 &⁶
1922 2542 1971 2578 87.
1983 2539 2110 2582 Qiarta
2121 2542 2174 2572 de-

1174 2582 1263 2612 mum
1285 2579 1461 2612 differentia
1477 2601 1488 2616 ,
1516 2582 1707 2624 consurgens
1734 2593 1772 2615 ex
1803 2582 1957 2624 ptaedie‘tis
1974 2603 1983 2617 ,
2006 2584 2048 2614 est
2064 2603 2074 2617 ,
2096 2584 2172 2625 quia

1174 2622 1248 2655 cum
1267 2634 1362 2655 unam
1381 2634 1503 2665 partem
1520 2625 1697 2666 judicamus
1712 2627 1768 2658 esse
1787 2627 1914 2668 probabi
1927 2636 1994 2660 eni,
2016 2626 2172 2667 possumus

1174 2667 1318 2698 similiter
1326 2669 1518 2708 probabilem
1534 2668 1672 2709 judicare
1682 2671 1767 2702 illius
1784 2669 2084 2702 contradidtoriain.
2111 2670 2175 2702 Ra-

1174 2711 1222 2742 tio
1231 2711 1271 2742 est
1282 2730 1292 2745 ,
1313 2713 1389 2752 quia
1405 2710 1479 2742 cum
1490 2711 1549 2743 hoc
1567 2712 1719 2752 judicium
1730 2723 1794 2746 non
1805 2713 1841 2744 sit
1858 2714 1894 2744 de
1904 2714 2033 2744 veritate
2055 2723 2169 2755 propo-

1174 2755 1314 2789 sitionis,
1336 2756 1385 2785 led
1400 2756 1437 2785 de
1447 2755 1531 2787 illius
1541 2756 1774 2796 probabilitate,
1797 2755 1963 2788 utditstum
1984 2756 2026 2787 est
2048 2757 2082 2788 in
2106 2760 2169 2798 pri-

1174 2808 1227 2828 ma
1257 2797 1458 2833 differentia,
1488 2800 1522 2830 &
1544 2801 1743 2839 probabilitas
1772 2798 1857 2840 aeque
1879 2800 2050 2832 convenire
2080 2800 2169 2842 possit

1174 2841 1298 2881 utrique
1321 2843 1401 2882 parti
1425 2842 1705 2879 contradiciionis3
1727 2842 1919 2884 consequens
1939 2843 1981 2874 est
1997 2864 2007 2878 ,
2029 2853 2063 2875 ut
2087 2844 2167 2875 nihil

1172 2894 1343 2926 repugnet,
1365 2884 1429 2925 quo
1439 2885 1728 2918 minusintelledlms
1741 2886 1879 2929 judicare
1889 2885 1976 2927 possit
1992 2889 2069 2919 duas
2090 2898 2168 2919 con-

1172 2927 1371 2960 tradiciorias
1390 2929 1477 2960 simul
1498 2929 1555 2960 eise
1576 2930 1747 2970 probabiles
1767 2940 1775 2961 :
1797 2938 1978 2971 quanquam
1998 2931 2085 2962 enim
2107 2933 2167 2962 ini<

1173 2971 1309 3012 possibile
1322 2971 1377 3005 sit,
1400 2980 1434 3002 ut
1451 2973 1536 3003 idem
1547 2972 1722 3004 intelledtus
1744 2971 1969 3006 sederet-minet
1989 2975 2029 3006 ad
2039 2983 2163 3006 contra-

1171 3015 1324 3048 dictoria,
1346 3023 1459 3055 putans
1475 3016 1593 3057 aliquid
1603 3016 1660 3046 effe
1678 3025 1805 3050 verum,
1825 3016 1998 3051 &falsum
2022 3018 2161 3050 licitum,

1170 3058 1383 3094 &illicituim
1405 3067 1513 3090 tamen
1535 3059 1891 3101 haeduaeptopositiones
1913 3071 1920 3090 :
1943 3059 2099 3092 Probabile
2122 3060 2162 3090 est

1170 3101 1231 3132 hoc
1241 3101 1297 3132 effe
1320 3111 1448 3136 verum,
1471 3102 1519 3133 vel
1530 3103 1670 3138 licitum,
1689 3104 1725 3135 ἅς
1739 3101 1949 3135 Probabilcest
1960 3104 2018 3135 hoc
2028 3103 2084 3134 else
2106 3102 2163 3133 fal-

1169 3145 1256 3179 surn,
1278 3144 1324 3175 vel
1334 3145 1500 3180 illicitum;
1521 3154 1586 3175 non
1597 3144 1666 3177 sunt
1676 3146 2032 3187 contradistoriae,quia
2042 3155 2162 3177 Utrum-

1168 3197 1229 3228 que
1239 3186 1326 3218 simul
1345 3189 1506 3228 potestesse
1519 3189 1696 3228 probabile,
1719 3188 1793 3222 curn
1804 3191 2021 3231 probabilitas,
2043 3197 2076 3219 ut
2086 3199 2161 3230 prae-

1168 3233 1252 3265 dixi,
1274 3232 1360 3272 aeque
1369 3233 1540 3262 conveniat
1560 3242 1654 3267 vero,
1675 3232 1812 3271 &fals03
1833 3244 1869 3266 ac
1879 3234 2007 3274 proinde
2023 3235 2161 3264 nonim-

1167 3274 1281 3315 plicat,
1303 3277 1380 3315 quin
1398 3273 1572 3306 intellectus
1583 3276 1671 3316 point
1689 3285 1982 3318 utramquepartem
1999 3277 2160 3307 contradi-

1167 3317 1284 3349 ctionis
1301 3318 1387 3349 simul
1406 3318 1541 3357 judicare
1559 3320 1769 3359 probabilein3
1790 3323 1881 3360 idque
1899 3319 2072 3351 admittunt
2088 3320 2154 3350 Au-

1166 3361 1272 3392 thores
1294 3360 1450 3401 utriusque
1472 3359 1629 3394 sententiae
1652 3385 1659 3393 .
1684 3364 1724 3394 At
1744 3362 1762 3394 ὲ
1782 3361 1933 3393 converso
1952 3360 2027 3394 cum
2047 3365 2159 3403 opina-

1165 3414 1235 3435 mur
1247 3413 1341 3435 unam
1351 3413 1470 3444 partem
1486 3405 1767 3439 contradictionis,
1789 3407 1881 3446 eique
1890 3405 2070 3437 assentimur
2087 3406 2157 3446 opi-

1165 3446 1291 3481 native,
1313 3448 1347 3478 &
1370 3448 1586 3487 probabiliter,
1609 3447 1742 3480 minime
1760 3449 1916 3489 possumus
1926 3449 2009 3481 illius
2031 3458 2157 3480 contra-

1163 3489 1331 3522 dicim-iam
1349 3490 1435 3523 simul
1446 3493 1589 3532 opinari,
1611 3494 1644 3524 ὃς
1660 3494 1693 3523 in
1704 3493 1789 3532 praxi
1805 3491 1908 3533 sequi,
1928 3495 2003 3534 quia
2014 3492 2087 3537 cum
2111 3491 2156 3531 ju-

1996 3537 2116 3565 dicium

2216 472 2273 500 129

2215 645 2273 678 ¹30

2200 2550 2253 2582 131
