2397 3664
102 484 141 517 54

103 784 137 818 55

102 1039 139 1076 56

99 1349 138 1379 57

735 38 834 99 De
871 38 1104 98 Constit.
1143 58 1190 100 c.
1225 38 1327 101 Ne
1361 41 1629 101 innitaris}

168 129 255 172 supra
263 130 297 161 in
308 128 410 170 primo
418 135 620 170 argumento.
642 124 725 166 Ergo
733 125 823 156 debet
833 126 931 156 etiam
947 127 982 157 in
991 125 1161 157 moralibus

167 175 305 214 reputari
315 171 467 204 sufficiens
484 173 515 202 id
525 167 648 202 {noneste
658 169 852 209 operandum
863 189 872 203 ,
892 167 968 200 cum
979 168 1063 199 nulla
1072 166 1160 199 affer-

166 218 195 248 ri
205 215 293 257 possit
304 215 456 248 sufficiens
466 216 548 246 tario
556 211 761 247 diversitatis,
783 211 911 253 vulgata
933 210 1087 253 legelllud
1096 231 1105 247 ,
1119 208 1159 254 ff.

167 257 229 293 Ad
244 260 266 291 l.
277 259 459 297 Aquiliam,
480 267 543 289 cum
546 254 645 300 simil.

209 301 341 345 Qiinto
349 322 359 337 ‚
371 299 533 343 prudentia
542 299 583 329 est
591 300 628 329 de
636 306 701 329 non
710 297 885 329 necessariis
894 318 904 333 ‚
915 307 950 332 ut
958 298 1075 330 dicitur
1085 299 1118 330 in
1128 300 1158 329 6.

166 344 271 379 Ethic.
279 357 304 378 c.
317 353 344 386 5.
354 346 388 377 Sc
404 344 445 375 est
454 344 489 374 in
505 341 668 382 opinativa
679 349 765 380 parte
779 342 909 376 animae,
931 342 965 373 &
981 343 1064 373 circa
1073 340 1159 383 obje-

166 388 255 421 &um
265 390 456 428 contingens
476 385 566 416 ahter
577 384 605 416 se
628 384 738 415 habere
747 404 757 419 ‚
779 393 813 415 ut
822 385 913 416 docet
930 385 961 416 S.
971 383 1115 417 Thomas
1126 385 1160 415 in

170 441 197 464 1.
210 446 237 467 2.
248 443 276 471 q.
288 441 336 472 57.
347 438 441 469 art.4.
452 429 493 460 aaz
505 439 531 459 ε.
542 430 573 460 &
585 429 758 461 considerat
766 437 831 459 non
844 427 943 460 solum
953 427 1139 460 universalia
1147 447 1157 463 ,

162 475 211 508 sed
220 476 316 507 etiam
331 472 517 514 singularia,
538 481 573 504 ut
595 473 680 503 idem
688 470 797 502 docuit
818 473 852 502 in
862 484 889 503 2.
900 481 927 501 2.
938 481 984 509 qu.
994 480 1046 511 47.
1057 480 1118 502 art.
1133 480 1158 511 3.

167 519 303 559 Ideoque
319 517 484 558 prudentia
494 515 633 547 hominis
651 523 715 545 non
726 514 767 544 est
785 512 920 547 omnino
934 523 1017 546 certa
1037 523 1160 555 propter

153 560 409 593 ·variabilitatem
425 558 647 600 singularium,
669 566 703 588 ut
712 558 791 588 dixit
809 559 842 587 in
851 555 952 588 eodem
968 566 1029 588 art.
1044 558 1119 597 μιαί
1132 568 1158 588 2.

165 604 249 646 Ergo
258 604 369 635 habere
380 612 501 634 certum
519 603 552 635 &
565 599 724 632 infallibile
736 599 889 640 judicium
905 600 942 631 de
951 602 1097 631 omnibus
1105 600 1160 631 eli—

164 647 332 689 gibilibus‚
353 646 393 677 est
403 645 489 686 supra
499 645 672 677 humanam
694 642 891 678 facultatem3
914 652 950 674 ac
973 643 1103 683 proinde
1113 645 1161 674 di-

164 692 300 722 cendum
309 689 350 721 est
360 688 495 722 sufficere
506 687 660 731 judicium
670 686 826 728 probabile
841 687 878 719 de
889 685 1077 721 rectitudine
1086 696 1160 730 ope-

166 743 300 765 rationis
319 755 327 763 .

202 776 298 809 Sexto
306 797 316 811 ‚
339 776 425 809 Deus
435 777 525 809 &lex
535 785 600 807 non
609 774 750 816 obligant
759 783 816 805 nos
827 775 865 805 ad
874 772 1059 814 impossibile
1069 793 1078 808 ‚
1095 781 1159 813 cap.

166 821 244 853 Erit
255 830 354 852 autem
362 821 424 852 lex.
434 832 463 860 4.
471 818 540 861 dist.
550 820 571 851 l.
583 818 691 850 Titius
701 838 711 852 ,
734 820 759 855 ᾗ.
773 815 822 849 fin.
826 814 866 859 ff
877 816 914 849 de
926 816 1026 858 excuſs
1034 826 1127 848 tutor.
1138 818 1160 848 l.

165 864 238 909 ρέα
254 862 310 904 suh
331 863 503 896 condicione
511 885 520 897 ,
545 865 571 900 §.
581 863 708 907 Quoties
717 882 727 895 ,
742 860 782 903 ff.
792 861 829 892 de
851 860 962 893 condit.
978 859 1076 901 instit.
1097 870 1162 892 cum

157 909 225 949 fhis
234 906 426 939 concordant.
436 906 494 938 Sed
504 906 538 938 in
548 906 716 937 moralibus
727 915 791 936 non
807 905 962 946 possumus
971 905 1085 944 eligere
1095 914 1162 935 cer-

165 950 200 982 ῑὸ
220 950 313 985 scita,
335 959 369 982 ut
384 949 539 981 ostensum
548 949 589 980 est
607 948 694 988 supra
704 959 783 980 num.
796 956 844 988 51-
857 947 940 989 Ergo
961 946 1032 979 satis
1042 947 1083 978 est
1094 967 1104 982 ,
1127 957 1162 979 ut

165 995 317 1035 eligamus
328 993 528 1034 probabiliter
543 993 672 1034 opinata
682 1014 690 1022 .

203 1036 345 1078 Septimo
355 1056 366 1071 ‚
389 1038 422 1068 in
432 1036 628 1076 speculativis
639 1036 712 1067 licet
733 1034 844 1076 absque
856 1034 995 1075 periculo
1006 1033 1118 1064 erroris
1128 1034 1162 1065 ὃς

165 1080 361 1121 deceptionis
371 1079 495 1120 opinari
505 1100 515 1114 ‚
536 1081 568 1112 &
579 1077 745 1110 defendere
753 1078 964 1119 quascumque
975 1077 1142 1117 opiniones
1152 1097 1162 1111 ,

164 1125 261 1155 modo
271 1123 330 1154 illae
339 1122 398 1154 sint
407 1124 579 1164 probabiles
589 1142 599 1156 ‚
607 1129 671 1161 cap.
682 1124 719 1153 In
733 1118 837 1159 quibus
847 1141 856 1155 ‚
869 1132 884 1152 2
892 1133 917 1152 2.
930 1118 1021 1161 quest.
1034 1131 1062 1151 2.
1074 1122 1106 1152 ὃς
1116 1120 1163 1151 di-

165 1166 253 1198 &um
263 1166 302 1197 est
313 1165 400 1209 supra
410 1177 438 1197 n.
454 1175 498 1206 15.
511 1166 592 1207 Ergo
600 1165 677 1197 &in
687 1165 856 1196 moralibus
865 1166 950 1196 idem
969 1167 1040 1195 licet
1052 1165 1162 1204 abique

164 1210 305 1251 periculo
320 1211 463 1252 peccati,
484 1208 558 1241 cum
575 1210 611 1240 de
621 1207 772 1239 similibus
796 1210 878 1239 idem
891 1207 1045 1248 judicium
1064 1207 1098 1237 slt
1110 1208 1163 1237 ha-

164 1255 322 1288 bendum,
343 1260 408 1293 ΜΡ.
418 1254 506 1286 Inter
523 1252 712 1293 corporalia,
735 1253 761 1289 §.
772 1253 862 1283 Sicut
880 1254 983 1286 enim,
1003 1249 1041 1282 de
1058 1259 1163 1282 τηκε-

163 1298 219 1328 lat.
232 1296 394 1337 Episcopi.

202 1339 342 1375 Odiavo,
351 1339 424 1372 cum
433 1339 590 1380 objeekum
600 1339 770 1381 prudentiae
778 1338 814 1370 fit
824 1339 985 1374 variabile,
995 1339 1027 1369 ὃ(
1038 1338 1164 1369 contin‹

163 1393 240 1424 gens
250 1386 339 1415 aliter
351 1382 377 1414 se
389 1384 502 1415 habere
512 1404 522 1418 ,
541 1393 573 1415 ut
586 1382 679 1424 paulo
688 1382 774 1424 supra
790 1383 944 1414 ostensum
955 1383 996 1414 est
1006 1381 1039 1412 in
1050 1383 1164 1421 quinto

163 1436 352 1469 argumento
361 1447 372 1462 ‚
393 1426 517 1459 necesse
527 1427 567 1458 est
578 1447 588 1461 ‚
610 1436 644 1459 ut
652 1426 830 1458 intellestus
840 1447 850 1461 ‚
872 1426 953 1467 quia
963 1427 1017 1457 tali
1039 1424 1165 1464 objecto

167 1480 331 1506 movetur,
351 1469 388 1503 fit
396 1480 469 1502 cum
479 1470 647 1502 formidine
657 1491 668 1506 ‚
689 1469 774 1511 quod
785 1471 874 1502 aliter
896 1468 924 1500 se
936 1470 1046 1501 habere
1057 1467 1144 1509 potiit
1156 1478 1165 1502 3

161 1515 195 1546 δε
205 1513 432 1555 consequenter
448 1516 504 1555 qui
515 1513 604 1555 eligit
617 1535 626 1548 ‚
647 1515 731 1554 quod
740 1514 782 1545 est
800 1513 956 1553 probabile
966 1533 975 1547 ‚
999 1514 1165 1553 prudenter

163 1559 228 1599 agit
238 1578 249 1592 ,
269 1559 415 1598 quamvis
423 1557 459 1589 sit
468 1567 542 1589 cum
551 1556 720 1589 formidine
732 1557 828 1598 partis
849 1556 996 1605 opposita:
1006 1578 1014 1586 .

205 1599 305 1632 Nono
314 1620 325 1636 2
345 1610 383 1632 ex
391 1599 565 1633 Canonum
575 1600 750 1642 praescripto
760 1601 811 1632 ille
828 1599 929 1632 solum
939 1608 1064 1632 tenetur
1081 1598 1165 1638 sequi

163 1652 285 1685 partem
293 1643 444 1676 tutiorem
454 1664 463 1679 ‚
485 1644 541 1685 qui
550 1643 686 1676 versatur
699 1645 733 1675 in
755 1644 853 1675 dubio
861 1665 870 1679 ,
892 1643 1004 1685 nempe
1020 1643 1095 1684 quia
1106 1641 1165 1672 sus-

163 1686 274 1728 pensus
294 1697 401 1719 manet
411 1708 422 1723 ‚
443 1689 477 1719 &
495 1689 599 1719 neutri
621 1697 764 1720 extremo
780 1688 940 1719 assentitur
950 1707 960 1722 ‚
981 1696 1014 1718 ut
1032 1693 1095 1724 cap.
1106 1683 1165 1717 Ad

165 1728 357 1762 audientiam
365 1751 375 1765 ‚
397 1732 439 1762 ibi
450 1751 460 1765 ,
482 1730 563 1763 Ciam
570 1733 603 1763 in
611 1729 711 1763 dubiis
726 1730 874 1772 semitam
884 1728 1042 1762 debeamus
1053 1730 1166 1768 eligere

163 1776 307 1805 tutiorem
317 1793 328 1808 ‚
348 1785 372 1806 c.
381 1776 472 1813 Signi
470 1771 575 1816 ficasti
584 1795 594 1810 ‚
617 1775 681 1809 ibi,
704 1776 741 1806 In
749 1773 800 1807 hoc
815 1772 903 1806 dubio
912 1795 922 1809 ,
945 1772 982 1806 Φ
992 1785 1015 1805 c.
1028 1775 1144 1805 Petitio
1154 1792 1163 1807 ι

164 1818 207 1849 ibi
220 1837 230 1852 ‚
248 1818 284 1848 ln
292 1815 460 1859 hujusmodi
470 1815 560 1850 dubio
570 1838 579 1853 ,
587 1816 625 1850 de
633 1817 776 1850 homicid.
788 1829 852 1850 cum
861 1818 996 1851 concord.
1006 1819 1041 1848 de
1052 1817 1164 1858 quibus

163 1859 245 1892 infra
254 1869 358 1902 n.113.
369 1860 429 1892 Sed
444 1861 494 1892 ille
503 1882 513 1896 ‚
534 1862 591 1903 qui
601 1861 736 1894 adhaeret
745 1864 891 1904 opinioni
904 1861 1055 1904 probabili
1067 1880 1076 1894 ,
1100 1869 1165 1891 non

163 1904 302 1936 versatur
311 1906 345 1935 in
358 1906 455 1937 dubio
464 1925 473 1940 ‚
494 1907 570 1946 quia
579 1916 646 1938 non
653 1915 760 1937 manet
772 1905 944 1947 suspensus·,
967 1904 1032 1936 imo
1042 1903 1165 1936 assenti-

164 1956 216 1978 tur
225 1947 282 1979 uni
292 1948 372 1989 parti
380 1947 648 1981 contradistionis
657 1970 666 1984 ,
678 1949 750 1981 lice-t
760 1959 833 1981 cum
848 1949 1017 1981 formidine
1027 1948 1165 1981 alterius,

164 1998 200 2022 ut
211 1999 295 2030 patet
302 2000 339 2021 ex
348 1990 539 2024 diffinitione
549 1994 711 2034 opinionis
720 2012 731 2027 ,
741 1993 776 2025 &
787 2002 876 2024 notat
888 1993 998 2023 Baldus
1009 1996 1043 2022 in
1053 1992 1074 2023 l.
1083 1988 1165 2022 Ciam

164 2031 390 2072 antiquioribus
399 2055 410 2070 ,
430 2037 464 2066 in
474 2045 500 2076 3.
509 2033 603 2077 quest.
614 2048 643 2067 n.
653 2040 682 2068 6.
691 2038 728 2069 C.
738 2034 776 2067 de
797 2035 855 2074 jur.
867 2033 993 2067 deliber.
1005 2034 1088 2076 Ergo
1099 2045 1164 2066 non

162 2085 290 2109 tenetur
301 2076 385 2119 sequi
395 2088 516 2119 partem
526 2079 696 2113 tutiorem,
718 2079 752 2110 δε
764 2078 990 2121 consequenter
1006 2078 1101 2119 potest
1111 2079 1166 2110 ad-

164 2120 279 2152 haerere
289 2122 436 2161 opinioni
451 2120 466 2151 s
464 2121 644 2162 pecificanti
655 2121 857 2162 probabiliter
872 2120 980 2153 aeium
989 2131 1045 2162 pro
1055 2121 1145 2154 licito
1153 2141 1165 2156 ‚

162 2164 309 2203 quamvis
319 2163 430 2194 habeat
439 2163 646 2196 formidinem
661 2167 756 2205 partis
765 2164 911 2204 oppofitae
920 2184 930 2198 ‚
952 2165 1026 2205 quia
1037 2173 1101 2196 non
1112 2174 1165 2196 ex-

162 2206 254 2246 ponit
275 2204 304 2236 se
314 2206 453 2246 periculo
475 2208 595 2246 peccati
604 2226 615 2241 ,
636 2217 704 2247 quae
723 2206 783 2238 sola
793 2207 876 2239 ratio
896 2209 1109 2239 consideratur
1130 2208 1164 2240 in

162 2247 320 2285 eledhone
331 2249 426 2289 partis
435 2249 581 2285 tutioris,
603 2251 678 2281 utin
687 2248 717 2281 d.
727 2257 791 2289 cap.
801 2248 994 2292 Significasti
1006 2271 1014 2285 ‚
1026 2252 1089 2286 ibi,
1102 2253 1163 2283 Pro

162 2302 196 2323 eo
204 2312 213 2326 ‚
225 2290 300 2330 qu‘od
308 2294 341 2323 in
350 2293 448 2324 altero
457 2294 586 2328 nullum,
594 2295 628 2325 in
637 2293 752 2332 reliquo
766 2303 836 2324 vero
844 2304 986 2334 magnum
994 2296 1163 2334 periculum

161 2336 331 2369 timeatur,
353 2346 378 2368 c.
388 2338 426 2368 Si
435 2345 501 2374 quas
509 2336 640 2380 postus,
663 2336 701 2369 Θ·
721 2348 745 2369 c.
756 2339 871 2374 Siquis
887 2346 988 2369 autem
998 2336 1036 2368 de
1053 2341 1160 2377 paem't.

162 2376 232 2420 dast-
243 2387 273 2415 7.
285 2378 323 2410 Et
334 2378 415 2411 hanc
423 2379 634 2412 differentiam
655 2381 737 2411 inter
746 2389 819 2412 eum
828 2401 837 2415 ‚
859 2381 915 2421 qui
926 2380 1038 2412 dubius
1047 2381 1087 2413 cst
1096 2402 1106 2415 ,
1129 2384 1162 2415 8<

163 2431 238 2453 eum
248 2442 258 2457 ,
279 2423 336 2463 qui
346 2423 493 2463 opinatur
503 2424 704 2464 probabiliter
713 2443 723 2458 ,
743 2425 776 2456 &
786 2433 859 2455 cum
876 2423 1044 2455 formidine
1054 2445 1064 2458 ‚
1086 2436 1146 2456 con
1155 2444 1162 2447 <

163 2464 297 2496 stituunt
308 2474 414 2505 praeter
423 2466 501 2498 alios
512 2468 679 2499 modernos
688 2466 796 2498 Petrus
805 2468 842 2499 de
852 2467 951 2499 Lotca
964 2469 995 2498 in
1012 2477 1035 2498 1.
1049 2479 1075 2499 2.
1087 2478 1160 2501 tom.

166 2516 194 2539 1.
204 2505 241 2539 de
249 2506 338 2540 amb.
349 2506 468 2541 human.
479 2509 589 2550 disput.
603 2519 652 2553 39.
662 2510 790 2543 membr.
804 2519 829 2542 t.
841 2512 874 2544 ὅ(
883 2511 997 2544 Suarez
1007 2520 1078 2543 tom.
1090 2521 1115 2551 5.
1125 2512 1162 2544 de

163 2549 291 2592 Cenfhr.
301 2551 378 2593 disp.
387 2561 440 2592 40.
449 2552 523 2593 sest.
533 2560 560 2592 5.

207 2593 358 2630 Ultimo,
379 2593 554 2627 nifilicetet
568 2606 800 2639 quamcumque
809 2599 996 2639 opinionem
1020 2599 1162 2639 probabi-

164 2637 228 2669 lem
244 2637 359 2679 eligere
368 2658 379 2673 ,
401 2647 567 2679 peccarent
578 2641 727 2672 docentes
747 2643 915 2682 opiniones
927 2643 1095 2683 probabiles
1106 2653 1161 2683 pro

164 2689 252 2722 parte
262 2679 368 2712 minus
377 2690 466 2717 tuta,
485 2683 560 2723 quia
570 2683 738 2723 praeberent
747 2684 945 2716 occasionem
956 2706 966 2719 ‚
990 2695 1023 2716 ut
1032 2687 1087 2726 qui
1108 2696 1161 2717 eo-

165 2733 237 2755 rum
245 2725 450 2765 opinionibus
468 2734 629 2757 uterentur
639 2746 648 2761 ‚
669 2735 807 2758 errarent
817 2748 827 2762 ‚
847 2736 910 2768 cap.
923 2730 1023 2760 Error
1033 2749 1042 2762 ,
1063 2730 1097 2761 ὅ(
1117 2730 1160 2760 ibi

165 2765 280 2808 Hugm
302 2767 430 2800 Archid.
440 2769 474 2800 &
496 2767 622 2810 Ptaepos.
632 2777 696 2808 cap.
705 2769 793 2814 Qid
813 2773 894 2802 enim
911 2769 1033 2812 prodest
1041 2792 1051 2806 ‚
1074 2769 1112 2803 (ῥ’
1134 2783 1159 2803 c.

165 2809 346 2852 Consentire
356 2813 406 2852 83.
415 2810 486 2854 dist.
496 2820 559 2852 cap.
568 2812 659 2856 Qud
681 2821 780 2844 autem
791 2823 839 2852 24.
851 2823 878 2852 q.
891 2823 918 2854 3.
927 2814 975 2846 Est
991 2824 1097 2846 autem
1107 2816 1161 2846 ab-

164 2852 290 2885 surdum
299 2854 384 2886 viros
393 2854 505 2887 destos
520 2858 553 2888 &
565 2859 632 2896 pios
643 2856 854 2888 condemnare
863 2876 872 2891 ‚
893 2854 968 2888 cum
979 2856 1088 2889 scholae
1099 2858 1161 2898 ple-

163 2906 213 2928 nae
231 2896 291 2929 sint
305 2898 514 2939 probabilibus
535 2898 697 2930 sententiis
713 2899 882 2931 contrariis
900 2900 933 2931 &
954 2899 1161 2933 diffentienti-

163 2940 222 2972 bus
231 2961 239 2970 .
261 2941 423 2982 Integrum
432 2942 520 2974 enim
530 2942 570 2974 est
581 2941 734 2982 judicium
743 2962 754 2976 ,
775 2944 860 2983 quod
871 2942 1079 2983 plurimorum
1094 2943 1161 2975 sen-

164 2984 276 3015 tentiis
285 2984 492 3017 confirmatur
501 3005 511 3020 ‚
528 2997 553 3017 c.
563 2987 767 3017 Prudentiam
777 3005 786 3020 ‚
795 2985 832 3017 de
841 2985 916 3026 offic.
927 2984 1022 3025 deleg.
1033 2987 1065 3018 δε
1075 2989 1160 3028 quod

163 3023 182 3056 ὲ
191 3026 328 3066 pluribus
348 3030 496 3069 quaeritur
506 3027 695 3070 sapientibus
703 3049 714 3064 ‚
735 3027 860 3060 facilius
875 3029 1038 3060 invenitur
1046 3049 1057 3064 ,
1075 3040 1100 3061 c.
1110 3031 1160 3062 De

164 3066 267 3105 quibus
276 3090 286 3105 2
307 3080 354 3103 10·
365 3070 434 3113 dist.
444 3073 477 3104 &
489 3081 542 3113 per
549 3072 715 3114 ampliores
726 3071 871 3104 homines
880 3071 1096 3113 perfestiffima
1107 3083 1159 3105 ve-

162 3112 240 3143 ritas
248 3114 401 3146 revelatur
411 3135 422 3150 ‚
442 3115 464 3147 l.
476 3115 531 3147 ult.
541 3114 583 3147 ad
601 3114 657 3156 fin.
671 3126 696 3147 c.
707 3113 744 3146 de
760 3112 944 3157 fideicomm.
957 3115 995 3147 ῥ’
1014 3126 1038 3147 c.
1050 3117 1158 3147 Extra

162 3153 378 3195 conscientiam
385 3161 438 3199 64.
446 3156 516 3199 dist.
526 3157 566 3190 Et
573 3158 779 3190 confirmatur
788 3177 799 3192 ‚
819 3160 895 3198 quia
913 3158 964 3190 illa
975 3159 1079 3200 regula
1089 3169 1158 3190 mo-

163 3207 235 3230 lum
243 3198 284 3229 est
298 3208 366 3232 tuta
375 3221 385 3236 ‚
405 3211 474 3242 quae
483 3202 523 3233 ab
543 3202 693 3234 omnibus
704 3199 897 3233 Doctoribus
918 3202 1157 3242 comprobatur,

161 3242 247 3281 Arg·
258 3252 282 3274 c.
291 3243 327 3273 In
336 3245 502 3277 canonicis
510 3265 521 3280 ,
542 3255 606 3277 cum
611 3243 693 3286 gloſj.
703 3246 737 3276 in
751 3241 835 3276 verb.
846 3245 1014 3285 Praeponat.
1030 3255 1041 3276 1
1049 3254 1076 3278 9.
1086 3244 1155 3286 dost.

161 3285 192 3317 S.
202 3284 267 3317 Th.
277 3285 310 3316 in
333 3295 359 3316 ι.
371 3297 398 3317 2.
407 3297 453 3326 qu.
465 3295 492 3327 5.
510 3297 573 3320 art.
584 3297 610 3329 3.
629 3290 662 3319 in
682 3289 777 3320 tertio
786 3295 962 3327 argumento
982 3290 1137 3320 contrario
1147 3311 1154 3318 .

160 3328 221 3361 Sed
229 3337 342 3360 omnes
353 3327 509 3363 DoCkores
516 3331 552 3363 in
568 3332 700 3364 materia
710 3331 820 3363 morali
830 3331 977 3362 videntur
991 3332 1155 3363 admittere

160 3370 343 3403 doetrinam
363 3373 554 3412 probabilem
573 3384 648 3407 cum
669 3373 859 3406 reffitudine
880 3373 1080 3406 conscientiae
1089 3394 1099 3410 ‚
1121 3384 1155 3407 ut

161 3413 304 3455 proxime
314 3415 439 3447 dietum
448 3416 489 3447 est
498 3437 506 3446 .
528 3416 612 3459 Ergo
622 3418 788 3459 probabilis
803 3416 953 3451 dostrinae
963 3415 1033 3450 usus
1049 3417 1091 3450 est
1100 3419 1152 3451 ad⁴

160 3460 333 3490 mittendus
344 3480 352 3488 .

246 3504 387 3540 fagnan.
399 3502 466 3534 inl.
479 3499 546 3534 Lib.
563 3503 716 3535 Decretal.

2058 61 2122 116 35

1245 125 1304 158 Sed
1313 127 1466 166 praediciis
1478 126 1610 158 minime
1619 123 1810 158 obstantibus
1819 145 1831 161 ,
1848 125 2069 159 adhaerendum
2082 128 2202 159 videtur

1202 172 1366 201 contrariae
1378 170 1534 202 sententiae
1545 191 1555 205 ‚
1576 168 1724 212 quaelicet
1734 169 1925 202 Authoribus
1937 169 2097 202 modernis
2107 168 2143 200 sit
2151 169 2195 201 fe-

1201 210 1234 243 re
1254 212 1399 246 destituta
1408 233 1418 247 s
1439 214 1587 245 innititur
1609 222 1720 252 tamen,
1738 214 1894 254 iapientiae
1914 216 2119 255 antiquorum
2129 230 2140 247 s
2162 215 2196 246 δε

1201 254 1329 287 fulcitur
1340 255 1524 288 solidiffimis
1536 256 1749 289 fundamentis
1759 278 1767 286 .

1244 297 1350 330 Primo
1372 299 1458 331 enim
1475 301 1637 332 roboratur
1657 300 1848 332 authoritate
1869 301 1985 332 divinae
2007 298 2171 340 Scripturae
2187 319 2197 333 s

1201 340 1315 373 Eccles.
1328 351 1375 383 32.
1388 344 1475 374 Ante
1483 344 1584 374 omnia
1592 351 1681 382 opera
1692 341 1818 376 verbum
1827 354 1928 375 verax
1935 345 2085 383 precedat
2092 351 2122 374 te
2132 363 2142 376 ‚
2159 342 2195 374 <9²

1200 393 1272 417 ante
1283 396 1398 418 omnem
1406 385 1506 417 astum
1515 386 1671 428 confilium
1681 384 1795 428 stabile
1803 409 1811 417 .
1833 386 1879 418 Ex
1887 397 1952 429 quo
1961 388 2032 419 loco
2041 385 2195 427 exposito-

1201 437 1249 459 res
1258 429 1424 461 desumunt
1432 431 1497 462 duo
1506 429 1563 460 effe
1573 430 1736 462 necessaria
1744 430 1778 462 in
1791 431 1909 471 judicio
1921 451 1931 466 ‚
1950 431 2036 472 quod
2048 430 2194 470 praecedit

1201 472 1370 512 imperium
1387 472 1558 513 prudentiae
1567 492 1577 508 ‚
1597 474 1636 504 ad
1654 472 1712 504 hoc
1724 493 1735 508 ‚
1754 483 1789 505 ut
1798 484 1892 515 opera
1902 473 2003 506 nostra
2020 473 2080 505 sint
2088 471 2172 504 resta
2183 492 2193 506 s

1200 515 1233 546 &
1244 514 1377 547 habeant
1388 518 1561 546 bonitatem
1570 515 1722 547 moralem
1731 538 1739 545 .
1762 516 1903 548 Primum
1912 517 1953 548 est
1963 518 2078 549 veritas
2087 536 2098 551 ‚
2119 514 2198 547 desi-

1200 567 1297 598 gnata
1308 568 1360 599 per
1369 559 1421 590 illa
1431 559 1522 590 verba
1533 578 1541 592 ‚
1562 556 1691 590 Verbum
1701 569 1822 596 veram
1844 560 2012 592 secundum
2027 559 2175 591 stabilitas
2183 579 2194 593 s

1202 600 1254 632 seu
1275 602 1406 633 firmitas
1425 604 1585 633 rationum
1595 622 1605 636 ,
1625 601 1798 642 significata
1821 612 1871 642 per
1892 604 1984 635 verba
2005 602 2165 644 sequentia
2182 622 2192 636 s

1201 644 1373 688 Consilium
1384 642 1517 686 stabile.
1541 644 1710 677 secundum
1722 644 1901 686 Jansenium
1919 668 1926 675 .
1949 646 2131 687 Utrumque
2141 656 2195 677 au-

1202 698 1266 720 tem
1287 688 1473 730 requisitum
1489 688 1595 721 deficit
1613 690 1646 719 in
1662 690 1813 729 opinione
1836 698 2005 730 utcumque
2027 689 2192 730 probabili.

1202 731 1286 773 Ergo
1305 732 1408 764 nostra
1428 742 1522 774 opera
1532 753 1541 768 ‚
1562 742 1630 774 quae
1650 732 1797 772 opinioni
1814 733 1965 772 probabili
1984 734 2164 765 innituntur
2181 752 2192 767 ‚

1201 785 1260 808 nec
1271 775 1356 807 recita
1366 775 1434 808 sunt
1444 796 1454 811 ‚
1474 785 1531 808 nec
1544 775 1718 807 bonitatem
1729 776 1842 806 babent
1853 776 2003 806 moralem
2013 797 2021 805 .

1245 818 1357 850 Minor
1368 820 1532 860 probatur,
1553 822 1628 861 quia
1637 819 1751 850 veritas
1768 817 1994 850 estindubitata
2015 819 2059 850 rei
2068 820 2197 851 certitu-

1202 862 1259 897 do,
1270 871 1304 893 ut
1314 861 1428 894 diffinit
1438 863 1521 904 gloss.
1532 866 1565 894 in
1577 862 1814 908 Extravagffo.
1823 862 1921 894 XXII.
1931 859 2027 893 Sedes
2035 861 2193 903 Apostoli-

1203 916 1237 936 σιτ
1247 926 1257 940 ,
1278 907 1312 938 in
1330 917 1395 938 ver.
1406 907 1574 938 Veritatem
1583 927 1593 941 ‚
1614 904 1652 937 de
1665 904 1782 946 concess}
1789 903 1934 945 praebend.
1947 904 2071 946 Opinio
2091 915 2197 937 autem

1203 958 1373 991 utcumque
1392 950 1780 991 probabilisindubitatam
1799 949 1879 980 hanc
1889 949 2112 981 certitudinem
2130 958 2195 980 non

1203 991 1311 1030 haben
1334 993 1399 1024 imo
1407 995 1491 1035 quod
1508 994 1692 1034 opinamur,
1715 993 1872 1024 incertum
1879 991 1920 1023 est
1931 1012 1940 1027 ‚
1962 1001 1997 1023 ut
2018 1001 2055 1023 ex
2066 990 2197 1023 Donato

1204 1034 1219 1064 s
1217 1048 1231 1066 c
1238 1037 1428 1078 ribir]o.Cul
1434 1039 1523 1069 vinus
1533 1040 1564 1069 in
1574 1047 1640 1069 ver.
1652 1038 1805 1076 opinari,
1813 1036 1846 1068 ὃς
1858 1035 1987 1067 habetur
1995 1037 2029 1066 in
2037 1037 2136 1074 primo
2145 1043 2197 1074 po-

1197 1077 1272 1119 ster.
1284 1091 1307 1110 c.
1321 1085 1368 1110 26.
1384 1081 1584 1113 ltemveritas
1595 1089 1651 1111 nec
1663 1078 1759 1114 fallit,
1781 1089 1839 1113 nec
1850 1078 1964 1111 fallitur
1985 1090 1992 1109 ε
2008 1078 2196 1120 opinionem

1204 1123 1279 1153 vero
1291 1122 1393 1153 fallere
1404 1122 1477 1164 saepe
1485 1124 1644 1164 contingit
1653 1143 1663 1157 ‚
1673 1122 1780 1154 &falli
1791 1143 1801 1157 ‚
1818 1132 1886 1163 quae
1896 1121 1965 1153 sunt
1973 1123 2067 1153 verba
2075 1130 2150 1153 text.
2161 1122 2195 1152 in

1204 1174 1268 1204 cap.
1282 1167 1316 1196 A
1328 1164 1428 1200 nobis,
1444 1166 1470 1197 il
1482 1177 1509 1197 2.
1521 1164 1640 1207 desent-
1652 1175 1764 1196 excom.
1776 1165 1857 1197 Item
1867 1167 1905 1197 ad
1917 1167 2081 1198 veritatem
2090 1166 2201 1205 cogni-

1204 1218 1270 1240 tam
1279 1209 1305 1239 se
1315 1211 1504 1241 determinat
1512 1207 1688 1240 intellee'kus
1697 1208 1875 1249 simpliciter
1883 1228 1892 1242 ‚
1901 1208 2052 1250 &absque
2061 1208 2121 1239 ulla
2131 1207 2196 1239 for-

1205 1252 1327 1284 midine
1338 1273 1347 1286 ,
1369 1256 1400 1285 ἃ
1413 1254 1445 1283 in
1457 1255 1507 1284 illa
1517 1253 1655 1284 totaliter
1664 1252 1795 1292 quiescit
1804 1261 1954 1291 tanquam
1964 1253 1996 1282 in
2008 1251 2062 1284 suo
2073 1251 2153 1286 fine,
2163 1260 2197 1282 ut

1206 1305 1290 1336 patet
1299 1299 1331 1328 in
1344 1308 1368 1327 ι.
1379 1296 1508 1336 Metapi.
1520 1295 1560 1338 ys.
1570 1304 1649 1326 text.
1662 1304 1687 1328 3.
1696 1296 1842 1334 opinioni
1860 1293 1934 1326 veto
1944 1296 1977 1325 δε
1987 1294 2198 1335 probabilitati

1206 1339 1382 1371 intelleetus
1401 1351 1463 1371 non
1474 1341 1632 1371 ailentitur
1649 1338 1847 1377 simpliciter,
1881 1337 1920 1368 ed
1943 1348 2014 1368 cum
2029 1337 2198 1369 formidine

1207 1384 1302 1423 partis
1319 1386 1463 1417 alterius,
1486 1393 1518 1414 ιιι
1536 1381 1744 1414 airNicOIaus
1765 1384 1802 1412 de
1813 1380 1910 1418 Lyra,
1931 1384 2042 1421 dequo
2062 1380 2143 1412 infra
2163 1383 2197 1412 in

1199 1425 1331 1466 septimo
1332 1425 1538 1469 fundamento
1547 1427 1723 1464 nrsm.72.&
1735 1424 1775 1456 D.
1787 1423 1929 1455 Thomas
1940 1425 1973 1455 in
1986 1435 2011 1455 2-
2025 1435 2050 1454 :-
2063 1422 2155 1464 qzzaest.
2172 1433 2197 1455 1.

1205 1478 1268 1502 arc.
1279 1482 1307 1509 4.
1318 1472 1351 1502 ὃς
1362 1470 1444 1502 Bald.
1454 1471 1486 1500 in
1498 1470 1519 1500 l.
1530 1469 1611 1501 Cum
1632 1465 1836 1506 .z›ztiqui0r.³.2'⁷.·c
1844 1480 1851 1495 v
1862 1490 1870 1502 2
1893 1469 1925 1498 in
1938 1477 1963 1503 3.
1976 1465 2065 1506 quaesl,
2078 1477 2157 1498 num.
2169 1471 2197 1499 6.

1205 1514 1242 1544 C.
1254 1512 1291 1544 de
1302 1514 1363 1546 iure
1373 1510 1497 1545 deliber.
1507 1523 1564 1545 nec
1587 1512 1718 1554 quiescit
1729 1514 1761 1543 in
1773 1512 1824 1542 ilia
1833 1532 1841 1544 ‚
1864 1514 1911 1542 led
1922 1510 2051 1542 {luscuat
2061 1531 2071 1545 ‚
2094 1509 2200 1542 secun-

1206 1557 1281 1588 dum
1292 1556 1386 1588 Card.
1395 1555 1496 1595 Caiet.
1508 1556 1586 1589 infra⁴
1599 1556 1690 1595 alleg.
1701 1558 1734 1586 in
1745 1566 1794 1587 20.
1806 1552 2001 1589 fundammto
2012 1565 2020 1591 3
2042 1556 2075 1586 &
2095 1556 2146 1585 ubi
2157 1554 2198 1585 est

1206 1603 1318 1641 opinio
1327 1622 1334 1635 ‚
1347 1601 1388 1632 ibi
1398 1601 1437 1632 est
1449 1602 1619 1634 vacillatio,
1631 1598 1997 1641 inquiesssonaventura
2007 1595 2197 1639 insent.dzst.

1209 1655 1256 1684 24.
1267 1642 1360 1685 quest.
1374 1655 1420 1684 24.
1431 1644 1510 1685 vers
1520 1646 1595 1675 liem
1616 1646 1716 1683 opimo
1729 1663 1739 1678 ,
1758 1651 1831 1673 ante
1851 1652 1932 1673 num.
1945 1650 1992 1683 33.
2003 1644 2036 1674 ὅε
2052 1642 2199 1682 probatur

1206 1688 1288 1719 clare
1297 1691 1330 1719 in
1348 1690 1446 1728 primo
1455 1690 1645 1726 Mzgnorum
1667 1686 1827 1717 moralium
1836 1694 1899 1724 cap.
1911 1694 1955 1725 33.
1971 1694 2042 1717 ante
2049 1683 2199 1719 medium,

1207 1733 1259 1763 ubi
1269 1732 1309 1763 lic
1322 1733 1449 1772 legitur:
1465 1729 1669 1772 Existimatio
1680 1729 1738 1772 est,
1757 1740 1812 1767 qun
1822 1731 1854 1760 in
1865 1726 2136 1770 omnibusferimur
2144 1739 2201 1759 an<

1206 1777 1334 1815 cipites‚
1356 1786 1436 1806 eane
1453 1777 1520 1809 ita,
1541 1786 1582 1806 an
1597 1773 1699 1814 secus.
1723 1772 1819 1804 Unde
1837 1774 2023 1813 opinionem
2041 1772 2200 1802 averitate

1208 1817 1323 1850 metito
1333 1818 1587 1851 contradiilinxit
1612 1818 1815 1848 Innocentius
1825 1817 1878 1847 111.
1888 1818 1921 1847 in
1939 1814 2041 1855 ἄλλῃ.
2053 1812 2180 1846 Anobis
2191 1835 2200 1848 ²

1206 1863 1239 1894 &
1251 1863 1294 1893 ibi
1304 1860 1494 1895 Canonistae,
1505 1865 1536 1894 δε
1550 1861 1724 1892 Aristoteles
1733 1862 1766 1890 in
1776 1864 1805 1891 6.
1818 1858 1919 1891 Ethic.
1930 1868 1985 1899 c.3.
1996 1860 2125 1898 inp-rinc.
2137 1860 2199 1899 Igi-

1207 1906 1298 1937 turin
1319 1907 1470 1947 opinione
1484 1904 1633 1945 probabili
1650 1904 1729 1935 deest
1741 1905 1875 1944 primum
1895 1904 2076 1943 requintum
2087 1901 2201 1933 verita-

1206 1950 1248 1981 tis
1257 1970 1266 1984 ‚
1289 1949 1369 1981 deest
1379 1952 1476 1981 etiam
1487 1946 1657 1980 secundum
1668 1946 1839 1978 stabilitatis
1849 1967 1858 1979 2
1869 1948 1938 1983 quia
1951 1947 2070 1977 veritas
2079 1954 2181 1976 manet
2191 1966 2200 1979 ,

1207 1990 1421 2033 &invalescit
1430 1995 1631 2026 moeremium,
1654 1990 1690 2022 ci*
1706 1992 1807 2025 olvit,
1829 1987 1991 2023 &obtinet
2000 1988 2202 2029 inseeculnfie—

2224 134 2263 167 59

2219 304 2259 332 60

2218 822 2255 850 61

2219 909 2258 936 62

2222 1168 2261 1205 63

2226 1992 2266 2029 64

1206 2037 1337 2068 culorum
1347 2057 1357 2071 ,
1370 2046 1397 2076 3.
1411 2034 1512 2078 Esdrae
1522 2047 1551 2076 4.
1565 2038 1611 2077 38.
1620 2042 1682 2075 cap.
1693 2034 1882 2075 Consuetudo
1890 2055 1901 2068 ‚
1916 2038 1944 2066 8.
1955 2031 2086 2074 distinffi.
2096 2032 2206 2079 opinio
2226 2038 2262 2071 65

1206 2078 1283 2111 vero
1292 2080 1451 2112 variabilis
1462 2081 1495 2111 ὃ(
1509 2078 1694 2115 fallibilisell
1704 2099 1714 2113 ,
1725 2088 1756 2110 ut
1765 2080 1798 2109 in
1808 2078 1837 2109 d.
1849 2086 1911 2117 cap.
1926 2079 1960 2109 A
1970 2074 2069 2111 nobis,
2081 2082 2117 2108 (9⁴
2127 2080 2160 2107 in
2170 2079 2198 2107 6.

1207 2121 1310 2155 Ethic.
1321 2122 1350 2154 d.
1361 2131 1425 2163 cap.
1439 2133 1464 2163 3.
1476 2129 1514 2155 (9⁴
1527 2132 1550 2159 5.
1565 2128 1603 2154 (θ’
1619 2122 1653 2153 iri
1661 2125 1759 2162 primo
1776 2119 1881 2163 poster.
1892 2121 1920 2152 d.
1929 2129 1993 2160 ωιρ.
2004 2126 2050 2153 26.
2061 2120 2114 2151 ubi
2123 2121 2201 2150 diei-

1207 2175 1257 2197 tur
1274 2167 1461 2206 opinionem
1470 2166 1527 2197 eise
1546 2169 1628 2197 circa
1642 2176 1769 2200 verum,
1791 2174 1844 2197 aut
1864 2164 1989 2198 falsum,
2012 2163 2201 2203 contingens

1205 2209 1295 2240 aliter
1305 2209 1331 2240 se
1355 2210 1466 2241 'nabere
1476 2231 1483 2239 .
1507 2209 1605 2241 Unde
1627 2212 1753 2250 opinio,
1776 2219 1844 2249 qux
1867 2209 1959 2239 hodie
1972 2209 2092 2239 videtur
2111 2216 2181 2236 vera
2190 2225 2202 2239 ,

1206 2252 1309 2284 traam
1319 2256 1469 2294 temporis
1480 2252 1560 2284 sorte
1570 2253 1728 2293 apparebit
1739 2251 1810 2283 falsa
1819 2272 1829 2287 ‚
1852 2252 1927 2283 licut
1939 2250 2053 2282 accidit
2063 2252 2094 2281 in
2106 2248 2200 2289 pluri-

1207 2297 1261 2328 bus
1270 2296 1475 2337 opinionibus
1486 2317 1495 2330 ‚
1505 2307 1547 2337 qu
1556 2306 1572 2327 e
1582 2299 1659 2327 oum
1670 2297 1883 2337 reputabantui
1903 2294 2070 2336 probabiles
2081 2313 2089 2325 ‚
2098 2297 2133 2338 ι(5.5
2144 2302 2199 2332 po-

1205 2339 1400 2371 steideteckae
1411 2341 1478 2371 sunt
1490 2339 1568 2370 salse:
1577 2361 1585 2368 .
1596 2341 1644 2370 Ad
1657 2342 1714 2371 boc
1724 2351 1747 2369 ις.
1759 2340 1794 2370 In
1804 2339 1907 2370 maltis
1917 2359 1925 2371 ‚
1944 2338 1980 2368 de
1989 2345 2066 2367 aetat.
2078 2340 2116 2366 ω’
2126 2345 2197 2372 qua-

1205 2382 1256 2414 lit.
1265 2394 1289 2414 c.
1301 2385 1377 2414 unic.
1389 2386 1420 2414 in
1426 2386 1523 2422 princ.
1533 2382 1570 2413 de
1579 2385 1699 2421 Bigam.
1708 2380 1762 2414 lib.
1773 2388 1802 2413 6.
1813 2381 1842 2413 d.
1851 2383 1872 2412 l.
1881 2380 1959 2413 Citm
1967 2375 2197 2415 antiquioribus,

1204 2428 1240 2458 C.
1252 2426 1364 2465 dejure
1373 2425 1497 2458 deliber.
1507 2436 1578 2457 cum
1591 2426 1696 2457 multis
1706 2425 1854 2456 similibus
1864 2444 1871 2452 .
1885 2422 2046 2463 Qinimo
2055 2423 2091 2452 de
2103 2422 2198 2462 pluti-

1205 2470 1259 2500 bus
1270 2470 1411 2501 articulis
1425 2472 1462 2500 ad
1474 2469 1567 2500 fidem
1580 2468 1806 2508 pertinentibus
1816 2486 1825 2501 ,
1847 2475 2014 2506 antequam
2024 2464 2197 2496 diffiniren-

1205 2521 1254 2543 tur
1264 2514 1301 2544 ab
1320 2512 1453 2544 Ecclesia
1463 2532 1472 2545 ‚
1495 2513 1641 2542 extabant
1662 2511 1829 2549 opiniones
1837 2510 1962 2540 diveroe
1983 2510 2064 2539 inter
2074 2506 2196 2539 sanstos

1204 2554 1307 2586 Patres
1318 2575 1328 2589 ,
1350 2557 1382 2586 &
1395 2556 1523 2585 liberum
1534 2562 1598 2583 erat
1622 2551 1794 2593 unicuique
1804 2551 1954 2593 quicquid
1973 2552 2062 2582 vellet
2073 2551 2175 2582 dicere
2185 2572 2194 2585 ‚

1204 2607 1238 2629 ut
1248 2600 1292 2629 ait
1304 2598 1355 2629 hic
1379 2597 1582 2628 innocentius
1592 2616 1601 2629 ‚
1624 2598 1657 2627 &
1667 2596 1730 2636 poli
1741 2605 1813 2626 eum
1825 2594 1992 2626 Hostienfis
2001 2605 2048 2625 nu.
2061 2595 2130 2634 3.&
2139 2595 2195 2626 alii

1204 2639 1422 2682 supracitatin.
1439 2642 1484 2670 16.
1496 2638 1533 2670 Et
1543 2648 1670 2673 tamen,
1686 2637 1880 2679 posteaquam
1888 2636 2146 2668 articulifuerunt
2156 2639 2193 2668 ab

1203 2682 1339 2716 Ecclesia
1361 2682 1509 2716 diffiniti,
1531 2682 1578 2713 vel
1589 2683 1750 2722 approbati
1759 2701 1768 2716 ‚
1795 2683 1960 2721 opiniones
1977 2681 2034 2711 illae
2045 2690 2194 2721 apparue-

1203 2738 1276 2759 runt
1289 2726 1366 2758 falsae
1375 2728 1408 2758 ὅ(
1418 2735 1554 2756 erronece
1564 2745 1573 2758 ‚
1591 2734 1625 2756 ut
1635 2726 1672 2756 de
1682 2734 1810 2764 corpore
1821 2724 1852 2754 B.
1864 2722 1974 2754 Mariae
1982 2725 2015 2754 in
2025 2724 2140 2755 coelum
2148 2723 2193 2755 as-

1204 2771 1326 2811 sumpto
1336 2779 1423 2801 notat
1437 2769 1517 2800 Bald.
1530 2767 1580 2799 hic
1590 2777 1673 2807 n.14.
1682 2769 1714 2799 ὃς
1726 2770 1763 2798 de
1770 2770 1887 2798 duabus
1898 2768 2015 2798 naturis
2026 2768 2059 2798 in
2070 2765 2195 2798 Christo

1203 2823 1293 2846 notat
1302 2811 1480 2845 Canonilla:
1490 2814 1522 2842 in
1533 2819 1595 2852 cap.
1603 2813 1630 2843 C
1632 2810 1684 2843 um
1694 2808 1829 2851 Christus
1840 2830 1850 2844 ,
1859 2808 1895 2840 de
1904 2808 2000 2841 haerec.
2012 2809 2194 2841 Declaratio

1202 2858 1290 2889 enim
1300 2855 1441 2888 Ecclesiae
1452 2864 1571 2886 novum
1582 2855 1627 2894 jus
1637 2864 1700 2885 non
1712 2854 1833 2884 induxit
1844 2863 1851 2889 3
1872 2852 1920 2884 sed
1928 2854 2012 2893 quod
2024 2852 2106 2894 ptius
2118 2853 2191 2884 late-
2226 2883 2231 2891 ,

1202 2902 1253 2932 bat
1264 2921 1273 2935 ‚
1286 2898 1495 2931 manifestavit
1504 2918 1514 2933 ‚
1523 2896 1690 2929 l.Haeredes
1697 2896 1815 2936 palam,
1827 2896 1946 2942 §.Qud
1956 2896 2027 2928 vero
2036 2917 2045 2931 ,
2056 2897 2092 2928 ω’*
2102 2895 2193 2933 §.Sed

1201 2944 1259 2986 etsi
1267 2953 1370 2975 notam
1380 2939 1431 2984 ‚ff-
1442 2941 1479 2973 de
1488 2939 1604 2982 testam.
1613 2940 1739 2971 Gemin.
1750 2937 1828 2980 confi
1839 2947 1888 2977 72.
1897 2950 1926 2970 n.
1942 2950 1967 2971 1.
1979 2939 2067 2981 plene
2076 2938 2192 2979 Philip-

1201 2997 1258 3029 pus
1268 2985 1382 3018 Probus
1390 2986 1429 3016 ad
1439 2983 1587 3016 Monach.
1596 2985 1630 3015 in
1638 2994 1661 3014 c.
1677 2992 1701 3014 1.
1712 2980 1749 3013 de
1762 2983 1873 3022 privil.
1886 2980 1939 3014 lib.
1951 2987 1979 3014 6.
1991 2982 2102 3024 Qure
2116 2981 2190 3013 cum

1199 3031 1311 3071 opinio
1319 3027 1487 3069 probabilis
1505 3037 1561 3059 nec
1574 3027 1737 3057 veritatem
1752 3025 1864 3057 habeat
1873 3046 1882 3061 ,
1906 3036 1962 3058 nec
1974 3025 2168 3057 stabilitatem
2178 3044 2189 3059 ‚

1199 3071 1391 3112 consequens
1399 3071 1439 3102 est
1451 3090 1460 3106 ‚
1476 3080 1510 3102 ut
1519 3080 1612 3111 opera
1623 3069 1759 3100 humana
1768 3089 1778 3102 ‚
1799 3079 1867 3110 quae
1877 3068 2047 3101 fundantur
2065 3072 2097 3099 in
2108 3067 2188 3108 judi·

1198 3117 1251 3147 cio
1270 3115 1420 3156 probabili
1429 3134 1438 3149 ‚
1461 3123 1525 3144 non
1535 3114 1593 3144 sint
1604 3111 1688 3143 recia
1697 3132 1707 3147 ,
1725 3112 1758 3143 ὃς
1770 3111 1842 3143 Deo
1850 3122 1937 3153 grata
1946 3132 1956 3147 ,
1979 3121 2034 3143 nec
2057 3111 2189 3142 habeant

1199 3159 1374 3191 bonitatem
1384 3157 1534 3189 moralem
1545 3176 1555 3189 ,
1564 3155 1636 3186 cum
1647 3157 1865 3187 contradicant
1875 3155 2002 3187 Divinae
2014 3153 2189 3194 Scriptum,

1196 3209 1259 3241 cap.
1270 3199 1418 3245 Qls‘iuis
1425 3200 1576 3239 preceptis
1586 3218 1596 3233 ‚
1622 3207 1667 3238 14.
1679 3208 1705 3236 q.
1717 3209 1744 3229 2.

1239 3244 1277 3276 Et
1286 3244 1490 3276 confirmatur
1500 3251 1536 3272 ex
1547 3241 1646 3273 verbis
1655 3241 1696 3273 D.
1708 3241 1855 3273 Bernardi
1864 3243 1898 3273 in
1906 3239 2040 3278 regulam
2049 3241 2082 3271 S.
2091 3242 2188 3272 Bene-

1196 3286 1272 3319 diffl
1287 3295 1350 3327 cap.
1364 3289 1410 3326 38.
1422 3285 1474 3316 ubi
1487 3283 1639 3326 proposita
1658 3285 1842 3326 quaestione,
1866 3294 1905 3315 an
1927 3283 2002 3314 sicut
2013 3293 2120 3323 peccat
2130 3285 2186 3324 qui

1194 3340 1340 3372 operatur
1361 3331 1477 3361 bonum
1487 3347 1497 3361 ‚
1519 3329 1604 3369 quod
1627 3338 1715 3369 putat
1735 3329 1852 3360 malum
1861 3346 1871 3361 ,
1893 3326 1938 3358 ita
1959 3335 2113 3358 mereatur
2128 3326 2184 3367 qui

1194 3382 1338 3415 operatur
1349 3372 1486 3406 malum,
1505 3373 1589 3412 quod
1600 3381 1688 3411 putat
1700 3373 1836 3404 bonum,
1856 3368 1897 3401 fic
1909 3369 1990 3401 fatur
2011 3380 2019 3400 :
2041 3371 2109 3409 Ego
2119 3389 2129 3403 ‚
2151 3377 2183 3400 ut

1193 3417 1324 3447 interior
1332 3414 1431 3446 oculus
1443 3413 1517 3446 vere
1526 3414 1661 3459 fimplex
1671 3414 1736 3456 fit,
1757 3411 1814 3443 duo
1823 3412 1875 3443 illi
1889 3411 1941 3452 effe
1949 3410 2111 3456 neceffaria
2131 3422 2184 3442 ar-

1191 3457 1289 3491 bitror
1299 3478 1308 3493 ,
1319 3456 1499 3491 charitatem
1510 3460 1542 3490 in
1550 3459 1717 3490 intentione
1726 3476 1736 3491 ‚
1746 3453 1783 3488 (ψ
1791 3458 1824 3487 in
1833 3456 1987 3487 intelleli‘u
1997 3457 2162 3487 veritato-n
2173 3476 2179 3484 .

1872 3498 1901 3543 C
1939 3511 1966 3529 -2
2098 3497 2142 3528 Lx
