2397 3664
6 2800 18 2841 ⁴!

817 129 905 186 De
932 125 1107 186 Ele&
1129 141 1175 180 c.
1211 122 1433 181 Causam
1452 143 1467 174 a

138 225 248 259 tialetn
277 225 442 261 elerstionis
458 237 533 260 eum
553 228 682 259 decreto
703 225 847 258 irritanti
855 247 865 261 ‚
887 223 1008 256 nullam
1038 219 1133 267 faciat

139 270 336 302 mentionem
356 272 575 312 personarum,
595 269 630 301 in
639 279 717 310 quas
734 268 803 299 fieri
812 269 924 299 debeat
935 260 1138 313 com-promis-

138 312 205 345 sum
216 324 227 349 ,·
259 314 308 345 scd
327 314 512 355 simpliciter
523 313 633 344 statuat
643 331 652 345 2
663 320 698 342 ut
708 311 797 342 nulla
805 311 842 342 fit
860 310 1012 351 ejusmodi
1023 306 1136 354 eie-&io

143 356 235 387 aliter
253 357 426 394 celebrata,
443 366 539 398 quam
549 365 601 396 per
611 355 644 386 vi
655 364 705 385 am
714 352 928 394 compromissi
939 353 978 383 ab
987 350 1135 398 omnibus

138 398 365 432 Cardinalibus
377 401 410 431 in
420 398 567 431 conclavi
578 394 777 438 praesentibus
786 395 914 428 nemine
933 395 1134 440 dissentiente

139 441 216 473 initi
228 465 235 473 .
257 442 347 474 Hinc
365 440 437 474 satis
453 440 628 472 ostenditur
643 450 710 472 non
731 440 886 480 pertinere
907 441 945 470 ad
962 436 1129 482 elet‘stionis

142 485 339 517 validitatem
357 506 368 521 ‚
387 485 421 516 &
441 484 576 516 foi-mam
587 506 598 520 ‚
617 493 652 521 tit
672 482 931 524 compromissum
948 482 1006 513 fiat
1025 479 1132 511 invali-

139 537 219 569 quos
237 530 276 560 de
286 527 436 567 Collegio
447 549 455 557 .

176 570 247 603 Nec
258 571 358 602 obstat
368 571 499 602 verbum
508 592 518 606 ‚
537 580 593 601 non
609 568 684 611 poffe
693 591 703 606 ,
722 568 857 610 positum
867 568 902 600 in
912 569 942 599 d.
956 570 983 605 §.
994 569 1133 600 Mztura

140 614 245 651 itaque
254 635 264 649 ‚
279 613 359 653 quia
368 611 542 645 secundum
555 614 617 644 haec
629 613 689 645 erit
700 613 921 653 exponendum
931 610 980 647 ,id
990 610 1032 642 est
1044 632 1054 646 ,
1067 618 1132 640 non

138 657 250 688 debere
261 666 271 684 :
281 656 341 686 lioc
352 655 439 688 enim
451 664 518 687 non
528 656 570 687 est
582 666 701 687 novum
710 655 790 696 apud
800 655 901 686 sacros
911 652 1062 686 Canones
1074 675 1083 688 ‚
1097 661 1131 682 ut

137 699 180 730 est
189 707 292 730 textus
302 700 335 730 in
345 699 455 741 c.Nifi
464 698 531 731 citm
542 701 673 740 pridem,
686 701 713 736 §.
724 697 856 738 Persona
867 698 938 729 vero
949 694 1034 736 infrti
1045 695 1081 728 de
1088 705 1134 725 re-

136 752 221 774 nunc.
233 741 320 773 &ibi
333 751 424 774 notat
435 743 477 783 gl.
489 745 523 774 in
532 753 597 773 ver.
609 743 685 773 Non
696 743 837 782 potuerit,
847 739 936 772 Host.
946 740 1036 781 Joan.
1048 740 1130 771 And.

133 785 256 816 num&
268 785 342 816 alii.
365 785 410 817 Ea
422 786 548 817 ratione
558 808 568 822 ,
589 785 666 826 quia
676 785 755 816 illud
766 784 904 816 dicimur
924 784 1004 824 posse
1016 805 1026 819 ,
1046 784 1132 824 quod

134 828 173 859 de
183 827 252 868 jure
262 828 417 868 possumus
427 850 437 865 ‚
447 830 480 860 δε
491 829 508 860 ἐ
519 829 682 864 converso,
692 839 716 860 c.
729 830 756 860 F
757 830 844 859 aciat
854 837 933 866 και.
947 838 976 858 2.
990 831 1027 858 (T
1037 828 1134 858 c.Sci-

127 869 263 910 sciemus
268 870 305 910 su
306 871 364 912 pra'
374 870 410 903 de
419 868 508 912 rescr.
528 871 678 904 Praeterea
696 873 750 904 etsi
763 871 894 902 verbum
905 891 915 907 ‚
932 868 1043 911 potest,
1063 879 1134 909 prze-

137 914 269 945 cedente
280 915 453 956 negatione
464 915 651 954 regulariter
670 915 771 955 privet
782 914 944 955 potentia,
965 915 998 945 &
1018 914 1129 943 reddat

139 955 242 988 achim
250 959 289 989 dc
299 958 366 999 jure
377 958 598 998 impossibilem
601 969 613 995 ‚-
626 958 684 989 hoc
693 968 801 990 tamen
812 968 879 989 non
887 956 929 988 est
939 965 1133 997 perpetuum,

70 1011 108 1042 Ξῖ
132 1009 168 1031 ut
180 1009 271 1032 notat
284 1000 423 1033 Roman.
433 1004 467 1032 in
474 1002 496 1033 l.
506 1002 679 1042 Stipulatio
688 999 768 1041 ista‘,
792 1004 818 1037 §.
832 1001 941 1032 Alteri
951 1002 984 1030 in
996 1009 1024 1039 3.
1036 999 1089 1030 col.
1093 996 1132 1040 ff.

136 1045 188 1075 De
197 1042 314 1075 verbor.
324 1044 412 1082 oblig.
435 1043 574 1084 Ideoque
585 1045 650 1076 inl.
662 1044 807 1082 Obligari
817 1045 850 1074 in
866 1040 1004 1085 prinaff.
1023 1043 1074 1073 De
1083 1053 1134 1072 au-

134 1086 210 1118 thor.
219 1095 310 1118 tutor.
329 1088 463 1128 pupillus
473 1088 590 1119 dicitur
601 1098 667 1119 non
687 1087 768 1128 posse
787 1086 924 1127 obligari
935 1085 998 1116 sine
1016 1084 1133 1116 tutoris

139 1131 336 1162 authoritate
346 1152 357 1166 ,
377 1131 412 1162 ὅ(
424 1139 532 1162 tamen
543 1131 675 1171 pupillus
683 1129 840 1171 pubertati
851 1127 1010 1169 proximus
1021 1128 1133 1169 absque

139 1182 246 1204 tutore
257 1167 447 1209 naturaliter
457 1173 619 1214 obligatur
629 1196 640 1210 ,
659 1175 681 1205 l.
696 1183 707 1203 ι
715 1196 723 1204 .
731 1170 766 1215 ff.
777 1173 827 1204 De
836 1174 940 1203 donat.
950 1169 988 1203 (ῥ’
1006 1172 1027 1202 l.
1037 1174 1074 1203 Si
1085 1180 1134 1211 pu-

133 1216 229 1256 pilius
236 1237 246 1251 ‚
247 1212 287 1257 ff
299 1217 357 1247 Ad
364 1216 387 1247 l.
400 1216 522 1248 Falcid.
535 1216 654 1248 Rursus
666 1215 803 1257 stipulari
815 1215 906 1247 alteri
917 1225 1012 1246 nemo
1023 1215 1131 1254 potest,

133 1268 171 1291 ut
181 1258 296 1299 legitur
305 1262 338 1290 in
349 1257 378 1290 d.
393 1262 420 1297 §.
432 1260 540 1291 Alteri
551 1282 561 1296 ,
580 1261 613 1291 &
624 1259 663 1290 sic
674 1258 823 1300 negativa
831 1259 980 1299 praecedit
990 1259 1131 1294 verbum,

135 1300 247 1343 potest,
258 1303 291 1334 δε
302 1311 408 1334 tamen
417 1302 438 1334 si
448 1303 520 1343 quis
533 1303 623 1335 alteri
634 1302 795 1342 stipuletur
805 1323 815 1338 ‚
836 1301 997 1342 stipulatio
1007 1311 1075 1332 non
1087 1300 1129 1332 est

140 1345 206 1386 ipso
215 1346 284 1388 jure
295 1346 382 1377 nulla
398 1366 408 1383 ,
428 1355 464 1377 ιιι
475 1345 521 1378 ibi
530 1348 699 1378 advertunt
710 1346 751 1386 gl.
772 1346 806 1377 ὃ(
816 1345 900 1376 Bart.
911 1347 943 1376 in
952 1345 974 1376 Ι.
989 1347 1069 1377 Cum
1080 1345 1133 1377 lex

137 1400 168 1421 n.
179 1386 249 1431 ⁶·ff·
260 1387 479 1431 Defideiuffiir.
493 1389 621 1421 Bald.in
631 1389 653 1420 l.
666 1389 739 1420 Non
751 1386 873 1420 dubium
881 1391 915 1420 in
930 1398 976 1420 11.
990 1389 1132 1423 col.⁷1.29.

134 1432 226 1465 C.De
235 1430 322 1470 legib.
333 1433 365 1464 &
376 1431 501 1473 plenius
511 1432 568 1473 Jas.
579 1435 612 1464 in
622 1431 652 1463 d.
664 1433 685 1463 l.
696 1432 809 1463 Gallus
819 1442 899 1463 num.
916 1442 962 1468 19·
973 1430 1134 1474 verfiCon·

70 1487 109 1517 32
131 1484 182 1507 tra
190 1474 281 1517 istam
291 1486 472 1508 communem
481 1476 615 1515 regulam
625 1497 634 1512 ‚
639 1473 677 1518 ff
690 1478 739 1507 De
749 1474 836 1506 liber.
846 1475 884 1507 ὥ·
893 1474 1035 1516 posthum.
1056 1474 1133 1506 ideo

136 1518 274 1550 secundo
285 1519 358 1550 loeo
368 1519 465 1559 potest
472 1519 538 1551 dici
549 1542 559 1556 ,
572 1520 716 1560 quamvis
726 1519 914 1559 regulariter
924 1519 1051 1550 verbum
1065 1540 1074 1554 ,
1082 1527 1132 1559 po-

135 1560 202 1602 test,
212 1564 404 1603 praecedente
415 1563 587 1602 negatione
599 1562 699 1602 privet
710 1562 866 1603 porentia;
878 1562 936 1593 hoc
950 1571 1055 1593 tamen
1068 1572 1133 1593 non

135 1607 306 1646 procedere
325 1608 452 1646 quando
461 1606 536 1637 hinc
558 1606 720 1637 resultaret
734 1606 869 1637 absonus
889 1604 1067 1637 intellec'his
1076 1627 1086 1641 ,
1108 1616 1133 1636 c.

144 1649 272 1690 Quanto
282 1671 292 1686 ,
311 1651 343 1680 &
357 1649 402 1680 ibi
413 1650 455 1689 gl.
465 1652 498 1681 in
506 1661 572 1680 ver.
585 1650 659 1680 Non
668 1652 764 1689 potuit
774 1648 809 1679 dc
815 1648 981 1690 praefiimPt.
994 1649 1050 1689 jas.
1061 1650 1093 1679 in
1102 1647 1132 1680 d.

137 1693 161 1724 Ι.
173 1692 285 1724 Gallus
296 1702 376 1724 num.
397 1704 413 1723 2
422 1703 449 1733 3.
461 1692 540 1732 verſs
558 1693 693 1725 Secundo
709 1693 813 1724 limita
826 1715 834 1728 ‚
856 1702 948 1733 prout
968 1692 1131 1724 resultaret

139 1736 201 1767 lioc
214 1735 285 1767 casu
297 1757 307 1772 ‚
327 1744 362 1767 ιιι
373 1745 456 1776 patet
468 1747 503 1767 ex
515 1736 561 1767 liis
573 1757 582 1772 ‚
604 1746 671 1776 qua:
682 1734 818 1776 superius
836 1735 921 1768 dieta
941 1735 1010 1767 sunt
1021 1747 1068 1766 nu.
1082 1739 1131 1767 28.

135 1779 174 1811 6-
186 1789 234 1815 29.
255 1779 288 1810 &
299 1789 338 1810 eo
348 1779 450 1819 magis
463 1800 474 1815 ,
495 1780 569 1820 quia
581 1778 779 1810 Constitutio
798 1779 947 1820 Gregorii
959 1779 992 1810 in
1003 1778 1090 1810 didio
1103 1781 1129 1815 §.

73 1832 113 1864 33
134 1824 272 1855 Mitura
282 1824 388 1860 itaque
397 1844 407 1857 ‚
430 1822 572 1854 decernit
582 1821 769 1854 electionem
781 1823 849 1854 fieri
859 1823 950 1854 aliter
961 1833 1027 1854 non
1038 1822 1130 1863 posse,

135 1866 229 1906 quam
243 1865 275 1896 in
286 1866 454 1902 conclavi,
476 1867 509 1897 ὅ(
521 1877 559 1897 eo
567 1866 672 1897 clauso
682 1888 692 1903 ,
705 1876 740 1897 ac
753 1866 817 1906 post
830 1867 1022 1898 celebratum
1034 1866 1132 1907 prima

135 1909 185 1940 die
197 1908 424 1940 i‘acrosanEtuin
438 1909 535 1940 Missae
547 1909 672 1940 solitum
683 1910 884 1941 sacrificium.
897 1909 933 1940 Er
948 1919 1054 1941 tamen
1066 1919 1132 1940 non

138 1952 279 1983 creditur
291 1954 328 1982 ad
342 1951 539 1983 validitatem
550 1952 717 1983 eledionis
729 1953 889 1993 pertinere
899 1975 908 1988 ,
928 1962 960 1983 ut
977 1956 1131 1993 praecedat

138 1994 311 2026 celebratio
322 1994 422 2025 Miisae
435 2005 447 2029 .·
459 1995 531 2025 etim
543 1994 601 2026 lioc
614 1995 796 2035 requisitum
810 2006 874 2026 non
886 2005 1043 2036 repetatur
1054 1995 1133 2027 inse—

76 2048 119 2079 34
139 2038 204 2069 rius
214 2039 246 2068 in
259 2040 286 2070 ὁ.
299 2038 422 2080 Quodsi
435 2038 538 2068 eceffio
547 2059 556 2073 ‚
568 2038 620 2069 ubi
633 2038 762 2078 ponitur
773 2037 936 2070 elestionis
947 2038 1049 2070 forma
1059 2049 1132 2070 cum

138 2080 278 2113 clausula
288 2081 424 2113 decreti.
450 2080 534 2119 Ergo
555 2081 631 2113 sicut
643 2081 777 2122 respecstu
798 2081 1132 2113 celebrationisMissse

141 2125 198 2155 illa
208 2126 301 2155 verba
311 2147 322 2161 ,
338 2123 408 2165 fieri
418 2124 511 2155 aliter
520 2135 577 2155 non
587 2123 660 2165 poffe
671 2146 680 2160 ,
698 2135 763 2156 non
784 2124 957 2165 important
976 2124 1110 2156 formam
1122 2136 1130 2161 3

139 2167 183 2199 ita
195 2178 250 2198 nec
266 2166 399 2206 respec'iai
412 2167 539 2198 illorum
549 2168 715 2198 verborum
725 2190 735 2203 ,
747 2168 905 2208 aliquibus
917 2170 955 2199 de
964 2166 1125 2208 Collegio:

141 2221 214 2241 cum
232 2220 295 2241 una
304 2210 532 2242 determinatio
542 2210 707 2249 respiciens
717 2211 806 2251 plura
816 2211 1072 2243 determinabilia
1081 2213 1133 2243 de—

139 2254 211 2285 beat
222 2253 276 2284 illa
287 2254 449 2294 :equaliter
459 2253 669 2284 determinare
680 2276 689 2290 ,
697 2255 718 2284 l.
730 2254 900 2296 Quamvis,
911 2257 947 2285 C.
959 2256 1007 2285 De
1017 2252 1130 2295 impub.

136 2297 229 2338 lJam
242 2296 292 2328 hoc
306 2295 376 2332 fure,
389 2294 556 2337 §.fimffiDe
565 2297 685 2335 vulgar.
697 2306 772 2329 text.
781 2299 814 2328 ιή
824 2295 942 2338 istm&
951 2296 995 2328 ibi
1007 2297 1131 2330 Bart.C.

141 2341 312 2379 Desenten.
325 2339 403 2371 Dec.
415 2342 447 2371 in
457 2351 480 2372 c.
493 2339 599 2371 Novit
606 2351 634 2370 n.
647 2343 695 2379 56.
716 2338 801 2382 infra*
811 2339 847 2371 de
855 2340 947 2379 judic.
965 2340 1014 2372 De
1026 2341 1073 2372 liis
1084 2351 1131 2373 ta-

136 2393 209 2414 men
223 2383 322 2415 axius
334 2383 406 2414 esset
417 2393 520 2423 petere
541 2384 705 2414 oraculum
717 2383 910 2416 Sancliffimi
923 2407 930 2415 .

77 2434 115 2468 35
181 2424 358 2457 >ucceiiive
377 2424 457 2464 QU
471 2425 509 2457 ΑΞ
520 2424 550 2457 R
561 2425 613 2462 O,
635 2427 686 2457 An
708 2425 897 2459 Cardinales
909 2427 1023 2467 possint
1043 2427 1130 2468 super

135 2467 290 2500 eiecrione
302 2467 387 2509 Papae
399 2468 658 2509 compromittere
677 2470 714 2501 in
723 2480 823 2502 unum
835 2471 963 2503 tantum
983 2481 1018 2502 ex
1039 2470 1127 2503 sacro

133 2511 226 2544 Colle
233 2512 286 2547 9,ιο
297 2533 304 2542 .

177 2554 407 2586 Difficultatern
428 2553 545 2595 ingerit
572 2554 745 2594 supradicta
772 2556 960 2589 constitutio
978 2557 1126 2597 Gregorii

133 2598 205 2629 XV.
224 2600 262 2630 de
271 2597 413 2629 Romani
423 2595 588 2629 Pontificis
607 2597 762 2630 electione
772 2621 781 2635 ,
801 2610 869 2640 quae
890 2601 923 2632 in
945 2608 973 2633 Q.
990 2603 1128 2633 Matura

133 2644 234 2679 itaque
243 2663 253 2678 ,
263 2642 402 2672 declarat
412 2640 600 2672 electionem
612 2651 663 2680 per
673 2641 757 2672 viam
768 2643 981 2682 compromissi
994 2644 1061 2675 fieri
1074 2645 1099 2675 al
1107 2644 1127 2675 i-

134 2695 183 2716 ter
194 2695 258 2716 non
270 2685 367 2724 posse,
380 2694 584 2725 praeterquam
595 2683 615 2714 si
626 2694 737 2716 omnes
748 2706 757 2720 ‚
768 2686 801 2715 &
814 2684 927 2725 singuli
937 2685 1126 2719 Cardinales

134 2728 168 2759 in
180 2728 328 2758 conclavi
339 2727 498 2767 praesentes
513 2726 639 2758 nemine
650 2727 851 2759 dissentiente
863 2728 1019 2768 aliquibus
1028 2741 1064 2761 ex
1073 2741 1127 2761 eo-

133 2773 275 2802 rumdem
282 2769 342 2803 Coi
350 2770 432 2809 legio
443 2769 594 2802 Cardinal
602 2770 665 2801 ium
677 2771 916 2802 committerent
926 2772 1063 2811 eligendi
1075 2784 1128 2812 po-

134 2813 287 2850 testatem,
298 2824 332 2845 ut
345 2814 414 2845 vice
425 2814 571 2845 omnium
584 2813 726 2844 Ecclesiae
737 2812 914 2845 Catliolicae
926 2815 1126 2854 providerent

133 2858 170 2887 de
183 2856 303 2889 Pastore
315 2881 322 2888 .
344 2856 460 2888 Oritur
470 2857 555 2887 enim
567 2857 698 2888 dubium
709 2867 745 2888 ex
758 2857 815 2888 illo
827 2857 922 2887 verbo
931 2879 941 2893 ‚
953 2857 1104 2894 aliquibus
1117 2869 1125 2895 3

132 2901 218 2940 quod
230 2900 303 2931 cum
316 2900 350 2931 sit
363 2900 491 2940 pluralis
503 2899 648 2935 numeri,
678 2910 742 2931 non
759 2899 855 2940 potest
866 2900 899 2930 in
913 2910 976 2930 uno
998 2898 1126 2932 tantuin

137 2943 295 2973 verificari
304 2964 314 2978 ,
337 2943 384 2974 sed
395 2946 530 2974 duorum
543 2943 650 2974 saltem
662 2943 852 2975 concursum
863 2943 996 2983 requirit
1010 2965 1019 2978 ,
1038 2942 1124 2985 l.fin.

126 2984 166 3028 ff.
178 2986 227 3016 At
236 2983 371 3017 Trebell.
382 2986 403 3017 l.
414 2985 474 3018 Ubi
484 2997 621 3017 numerus
631 3009 640 3022 ‚
658 2984 692 3027 ff.
714 2987 763 3018 De
773 2984 869 3026 testib.
881 2987 923 3026 gl.
935 2988 966 3016 in
978 2988 1125 3018 Clement.

133 3031 158 3060 S
160 3040 177 3058 ae
180 3029 214 3068 pe
224 3030 256 3058 in
266 3040 330 3059 ver.
342 3027 486 3060 Partibus
497 3028 533 3060 de
543 3028 658 3061 verbor.
669 3028 794 3071 fignzfic.
807 3031 886 3061 DD.
897 3032 929 3060 in
940 3041 985 3059 un.
999 3028 1034 3061 de
1043 3030 1124 3061 Cler.

71 2817 111 2855 36

18 3063 26 3129 ³¹-
72 3081 113 3114 37
134 3070 354 3109 conyug.lib.6.
378 3082 435 3103 nec
447 3072 568 3104 videtui
580 3075 689 3105 eadem
700 3073 782 3104 ratio
795 3073 919 3112 vigere,
940 3072 959 3103 si
981 3082 1125 3112 compro·

136 3115 261 3147 missum
271 3114 325 3145 fiat
340 3114 372 3144 in
383 3124 498 3150 unum,
510 3126 544 3147 ac
559 3116 579 3147 si
592 3117 624 3148 in
637 3117 737 3157 plures
750 3128 757 3147 ;
770 3126 845 3148 nam
857 3117 1016 3154 integrum
1027 3115 1068 3147 est
1077 3117 1125 3157 ju-

135 3158 255 3189 dicium
266 3179 275 3192 ,
285 3159 368 3197 quod
381 3157 587 3197 plurimorum
600 3159 763 3190 sententiis
774 3159 983 3190 confirmatur
994 3181 1002 3195 ‚
1014 3170 1038 3190 c.
1049 3161 1125 3191 Pru-

133 3200 311 3237 dentiam.§.
320 3198 385 3231 nde
395 3197 534 3239 offideleg.
546 3201 702 3242 Specul.in
713 3206 762 3233 tit.
775 3201 811 3234 de
822 3201 995 3238 advocat.§.
1004 3212 1030 3242 3.
1042 3200 1123 3240 verss

134 3242 254 3276 Habito
265 3266 274 3279 ,
295 3241 331 3274 (θ’
344 3241 507 3282 verſsseqq.
520 3244 557 3275 Et
569 3245 669 3285 inagis
680 3246 857 3277 consulitur
869 3244 1010 3276 Ecclesiae
1022 3267 1033 3281 ‚
1051 3244 1125 3275 cuin

134 3286 246 3318 elec'iio
257 3286 391 3326 plurium
403 3287 588 3324 approbatur
599 3288 712 3319 aisensu
725 3311 734 3324 ‚
753 3300 778 3319 c.
789 3291 826 3320 Si
836 3289 982 3330 trmisttus
993 3286 1042 3324 76‘.
1053 3285 1123 3328 dist.

134 3331 176 3370 gl.
187 3341 219 3360 in
227 3341 252 3361 c.
259 3327 388 3360 Auditis
397 3330 431 3359 in
442 3330 668 3361 verJrritanda
679 3331 901 3374 infieoa.Qiod
911 3331 996 3363 enini
1007 3330 1023 3361 a
1032 3330 1125 3370 pluri-

136 3374 192 3404 bus
201 3372 350 3412 quoetitur
361 3371 548 3411 sapientibus
559 3394 569 3407 ‚
580 3370 704 3404 facilius
714 3375 875 3406 invenitur
885 3397 895 3411 ,
907 3385 933 3406 c.
943 3375 993 3406 De
1002 3373 1104 3410 quibus
1114 3396 1124 3410 ‚

138 3425 190 3446 20.
201 3413 270 3455 dist.
290 3418 322 3447 ὃ(
333 3425 385 3456 ρει·
395 3414 560 3454 ampliores
573 3415 714 3448 homines
725 3417 945 3457 perfestissima
956 3417 1071 3447 veritas
1080 3427 1125 3448 re-

137 3458 259 3489 velatur
269 3480 278 3494 ‚
289 3459 309 3490 l.
321 3459 376 3491 ult.
387 3456 428 3489 ad
437 3455 490 3497 fin.
501 3460 537 3490 C.
549 3456 586 3489 de
595 3456 806 3501 fideicommiff
818 3461 860 3501 gl.
870 3463 903 3492 in
914 3463 943 3491 a.
951 3471 976 3492 c.
993 3458 1126 3491 Pruden-

137 3503 215 3531 tiam
227 3503 258 3530 in
269 3512 333 3532 ver.
344 3502 539 3541 plurimorum
550 3524 560 3537 ,
581 3502 786 3534 &ubimulta
798 3503 930 3535 consilia
941 3525 950 3540 ‚
972 3502 1015 3534 ibi
1028 3503 1105 3534 salus
1115 3525 1125 3539 ,

135 3541 278 3576 proverb.
291 3553 339 3583 24.
359 3554 416 3575 nec
428 3553 533 3575 tutum
551 3544 675 3575 videtur
686 3545 767 3576 tanti
787 3546 933 3587 ponderis
953 3545 1122 3587 negotium

213 3583 316 3626 Prosp.
343 3588 485 3627 fagnan.
504 3589 537 3619 in
555 3589 582 3621 l.
592 3586 662 3622 Lib.
673 3588 828 3622 Decretal.

2024 139 2123 184 259

1181 215 1238 246 uni
1250 225 1375 247 tantum
1386 215 1586 248 committere
1599 227 1606 247 :
1620 214 1677 247 hac
1686 213 1774 248 enim
1783 213 1908 246 ratione
1919 232 1929 249 ‚
1941 211 2092 245 videlicet
2103 223 2173 254 pro-

1178 266 1246 298 pter
1256 259 1301 290 rei
1312 259 1521 299 gravitatem,
1541 258 1671 299 provide
1682 257 1837 290 sancitum
1848 256 1889 288 est
1900 278 1909 292 ,
1930 266 1964 288 ιιι
1974 255 2008 288 in
2019 255 2173 289 eleffione

1178 300 1265 341 Papae
1276 301 1455 333 consentire
1465 303 1674 335 debeantduae
1695 312 1731 333 ex
1747 301 1847 332 tribus
1861 300 2002 341 partibus
2019 298 2175 332 Cardina-

1178 344 1256 375 lium
1268 366 1277 380 ,
1289 354 1324 376 ut
1333 347 1366 375 in
1377 356 1401 376 c.
1412 344 1574 385 Licetfiap.
1583 344 1645 376 eod.
1656 343 1729 376 esim
1742 344 1891 376 tamenin
1902 342 2112 375 electionibus
2123 343 2173 375 in-

1177 386 1331 418 feriorum
1341 387 1473 419 sufficiat
1484 388 1585 429 major
1596 398 1663 428 pars
1674 387 1815 428 Collegii
1830 410 1839 424 ‚
1858 396 1894 419 ut
1913 386 1947 418 in
1966 386 2173 431 decreuQuia

1175 438 1296 470 propter
1306 441 1370 461 cum
1383 431 1591 473 multisfimil.
1604 431 1642 462 Et
1653 431 1812 471 propterea
1824 453 1834 467 ,
1855 440 1889 461 ut
1899 430 2026 462 dicebat
2035 429 2175 462 Nazoin

1175 472 1206 504 d.
1216 484 1242 504 c.
1251 473 1337 518 Qia
1348 482 1475 514 propter,
1487 474 1691 513 ponderando
1703 475 1831 504 verbum
1842 496 1852 510 ,
1862 472 2030 511 aliquibus,
2041 473 2084 505 ibi
2093 473 2171 515 post-

1175 525 1244 546 tum
1254 526 1380 556 oportet
1391 516 1532 557 pluribus
1541 518 1614 548 dare
1635 516 1714 550 lianc
1727 516 1909 556 potestatem
1919 539 1930 554 ‚
1949 518 1982 548 &
1992 527 2059 548 non
2071 516 2170 549 serva-

1175 567 1226 590 tur
1238 559 1293 590 illa
1303 558 1405 591 forma
1414 582 1425 596 ,
1436 560 1456 591 fi
1468 559 1525 590 uni
1536 559 1663 591 tantum
1674 562 1766 590 detur
1775 559 1905 599 potestas
1916 559 2067 599 eligendi,
2079 569 2113 592 ut
2124 570 2171 592 rc-

1174 601 1234 633 fert
1245 602 1291 633 ibi
1301 603 1381 633 Abb.
1394 602 1504 643 Antiq.
1515 614 1545 633 n.
1560 613 1605 639 19.
1617 604 1650 633 in
1660 613 1724 634 ver.
1734 600 1900 639 Aliquibus
1910 624 1920 639 ,
1941 604 1974 634 &
1985 613 2076 636 notat
2087 602 2168 635 Petr.

1172 643 1189 675 a
1202 644 1472 677 Biaxioi'ndireaefi.
1485 646 1567 677 elea.
1579 654 1608 686 p.
1621 655 1684 687 3.c.
1700 654 1750 683 17.
1762 657 1792 675 n.
1807 657 1834 676 2.

1216 688 1275 720 Sed
1286 688 1320 720 in
1332 689 1530 721 contrarium
1540 688 1638 725 facit,
1659 688 1735 730 quia
1754 687 1953 720 constitutio
1970 689 2119 730 Gregorii
2142 700 2175 722 u-
2196 693 2235 732 38

1175 731 1253 763 titur
1264 733 1321 763 liae
1333 732 1367 764 in
1387 743 1472 773 parte
1493 731 1601 764 iisdem
1621 731 1722 763 verbis
1732 753 1742 768 ,
1762 731 1876 772 quibus
1895 732 1998 763 utitur
2017 733 2173 766 Generale

1174 773 1361 807 Concilium
1370 778 1403 807 ln
1415 775 1444 807 d.
1453 787 1476 808 c.
1488 776 1573 821 ,Quia
1594 784 1712 816 propter
1721 797 1731 811 ‚
1753 784 1788 806 ut
1808 784 1892 815 patet
1913 774 1978 810 ibi,
1998 777 2046 807 vel
2063 776 2172 809 saltem

1174 818 1312 858 eligendi
1322 819 1454 859 potestas
1466 819 1623 860 aliquibus
1635 819 1709 850 viris
1721 816 1843 850 idoneis
1856 819 2077 850 committatur
2087 842 2097 856 ,
2116 820 2173 860 qui

1175 861 1244 892 vice
1253 862 1400 894 omnium
1412 862 1556 894 Ecclesiae
1567 862 1701 894 viduatae
1712 861 1898 902 provideant
1909 864 1947 893 de
1965 860 2086 893 Pastore
2097 885 2105 893 .
2127 862 2172 894 At

1174 914 1211 934 ex
1223 904 1425 945 dispositione
1438 906 1512 947 juris
1527 905 1707 937 communis
1726 905 1760 936 in
1781 904 1927 936 Ecclesiis
1947 904 2152 937 inferioribus
2163 927 2174 942 ,

1175 956 1241 978 non
1252 948 1447 982 obstantibus
1460 949 1521 981 illis
1533 949 1635 980 verbis
1646 948 1773 989 pluralis
1785 949 1930 985 numeri,
1950 946 2102 986 aliquibus
2120 950 2173 981 vi*

1174 992 1219 1021 ris
1228 992 1343 1021 idoneis
1354 1014 1364 1028 ,
1386 1001 1508 1033 poterat
1519 992 1656 1033 eligendi
1667 991 1798 1032 potestas
1810 991 1866 1022 uni
1877 989 2006 1023 tantum
2017 991 2168 1024 commit-

1178 1033 1224 1069 ti,
1235 1043 1269 1066 ut
1281 1035 1322 1065 est
1334 1044 1437 1066 teittus
1445 1035 1495 1066 liic
1505 1058 1515 1072 ,
1537 1037 1569 1067 δέ
1581 1036 1745 1076 reprobata
1754 1035 1770 1065 a
1784 1034 1930 1066 Nazonis
1941 1035 2095 1075 opinione
2106 1057 2115 1072 ‚
2126 1045 2170 1067 te-

1175 1086 1229 1108 net
1239 1077 1319 1108 Abb.
1334 1079 1444 1119 Antiq.
1458 1079 1519 1110 loco
1532 1081 1627 1111 citato
1638 1101 1648 1115 ,
1670 1078 1748 1118 quia
1769 1078 1875 1118 inquit
1885 1101 1895 1115 ‚
1917 1077 1991 1110 cum
2005 1078 2165 1121 hujusmo-

1174 1119 1207 1150 di
1217 1119 1449 1153 constitution.
1463 1122 1546 1154 ratio
1559 1122 1653 1154 fuerit
1666 1131 1779 1153 contra
1791 1121 1991 1153 vacationem
2001 1121 2165 1153 diutinam

1174 1163 1350 1203 providere,
1361 1164 1492 1205 utsupra=
1502 1168 1535 1196 in
1545 1168 1640 1205 princ.
1651 1164 1688 1197 (ῥ’
1699 1167 1731 1195 in
1741 1164 1849 1196 acum
1859 1174 1939 1196 mter
1949 1164 2104 1205 universos
2113 1167 2173 1197 cir-

1174 1204 1273 1248 cafin.
1284 1206 1444 1249 infieodem
1455 1230 1465 1245 ‚
1476 1209 1552 1248 quia
1560 1206 1674 1239 melius
1685 1207 1848 1248 expeditur
1866 1207 1979 1239 elee'tio
1989 1218 2149 1249 perunum
2158 1231 2169 1245 ,

1173 1251 1268 1290 quam
1288 1260 1339 1290 per
1360 1252 1460 1291 plures
1479 1261 1603 1292 propter
1621 1261 1768 1283 naturam
1788 1251 1914 1283 facilem
1935 1253 1973 1283 ad
1989 1251 2173 1283 dissentien-

1174 1294 1329 1334 duin,arg.
1340 1304 1396 1325 c.1.
1408 1295 1491 1336 infra'
1503 1294 1539 1326 de
1550 1294 1659 1327 arbitr.
1682 1294 1807 1325 Idcirco
1817 1294 1962 1326 audaster
1972 1295 2046 1326 dico
2056 1316 2067 1331 ,
2086 1297 2174 1335 quod

1174 1336 1272 1376 potest
1284 1336 1339 1368 uni
1349 1338 1417 1369 dari
1428 1360 1438 1374 ‚
1457 1339 1534 1379 quia
1544 1337 1714 1379 expressum
1725 1339 1757 1368 in
1769 1349 1792 1369 c.
1804 1337 1939 1377 Causam
1948 1359 1958 1374 ,
1967 1335 2004 1369 &⁹
2013 1341 2046 1369 in
2054 1349 2078 1369 c.
2089 1339 2172 1370 Cum

1173 1381 1254 1411 inter
1262 1380 1502 1422 Canonicossup.
1514 1380 1613 1413 eodem
1624 1403 1634 1417 ,
1645 1383 1678 1412 ὀί
1687 1380 1808 1421 optime
1821 1381 1855 1412 in
1865 1383 1981 1413 decret.
1993 1379 2062 1421 Post
2070 1390 2172 1413 trans-

1179 1423 1322 1455 lationem
1333 1422 1369 1455 de
1380 1436 1498 1456 renunc.
1520 1424 1591 1457 Nec
1612 1424 1653 1456 est
1674 1423 1841 1456 verisimile
1861 1423 1974 1465 Papam
1990 1434 2054 1455 uno
2073 1426 2171 1456 verbo

1174 1466 1304 1498 voluiile
1317 1466 1375 1499 ista:
1388 1467 1576 1504 subvertere,
1586 1479 1610 1499 c.
1626 1467 1761 1509 Ecclesta
1774 1466 1946 1507 ,ilsecondo
1957 1466 2041 1509 infra*
2051 1467 2150 1499 eodem
2161 1491 2174 1500 .

1175 1510 1261 1541 Idem
1272 1520 1356 1541 tenet
1367 1513 1400 1541 in
1411 1509 1560 1556 φορμία
1571 1510 1899 1552 propter‚Compost.n.
1914 1513 2000 1551 24.in
2009 1522 2074 1543 ver.
2084 1514 2172 1544 Com-

1173 1553 1522 1601 n.;'ttatur‚vers.Quaero
1531 1566 1571 1586 tm
1575 1555 1620 1598 fit
1630 1553 1677 1591 jus
1685 1553 1760 1592 quod
1771 1557 1822 1586 um·
1833 1566 1873 1586 ex
1882 1552 2027 1595 pluribus,
2037 1556 2070 1586 &
2079 1555 2170 1587 Host.

1166 1595 1223 1636 sub
1234 1607 1282 1626 nu.
1294 1599 1387 1636 tif-idn
1405 1608 1464 1630 ver.
1478 1597 1642 1636 Aliquibus
1664 1599 1765 1634 viris,
1795 1597 1849 1630 ubi
1865 1599 2033 1639 reprobans
2044 1598 2171 1640 opinio·-

1173 1650 1247 1671 nem
1259 1640 1386 1671 illorum
1397 1662 1406 1676 ‚
1416 1641 1472 1681 qui
1484 1641 1637 1673 dice-dant
1648 1651 1700 1682 per
1710 1641 1901 1673 decretalem
1912 1664 1922 1678 ,
1931 1642 2017 1685 Quia
2026 1650 2149 1683 propter
2159 1664 2170 1679 ,

1173 1693 1240 1724 qua:
1252 1684 1414 1723 pluraliter
1425 1685 1579 1725 loquitur,
1591 1684 1678 1717 fuisse
1689 1684 1830 1716 corretsta
1841 1685 1903 1716 alia
1912 1685 1982 1727 jura
1992 1707 2002 1722 ‚
2012 1685 2093 1718 dicit
2105 1697 2173 1719 me-

1174 1727 1234 1758 lius
1245 1726 1303 1758 else
1314 1749 1323 1763 ‚
1347 1737 1386 1759 ne
1396 1728 1599 1768 corrigantur
1610 1750 1620 1764 ,
1642 1737 1676 1760 ut
1697 1729 1828 1760 resolvas
1841 1729 2053 1769 pluralitatem
2064 1729 2097 1761 in
2109 1730 2170 1763 sin-

1173 1770 1376 1811 gularitatem
1386 1792 1397 1807 ,
1417 1772 1457 1802 sic
1468 1769 1552 1814 infra*
1563 1770 1598 1803 de
1608 1772 1718 1812 privil.
1731 1783 1756 1803 c.
1767 1771 1810 1805 Ut
1818 1772 1986 1813 privilegia
1999 1796 2008 1804 .
2030 1773 2113 1814 Ergo
2132 1773 2168 1806 δεῖ

1172 1813 1230 1845 uni
1241 1835 1250 1850 ,
1261 1816 1294 1845 δι’
1306 1814 1444 1854 pluribus
1455 1815 1618 1847 committi
1629 1814 1726 1856 petest
1738 1826 1746 1852 ·,
1758 1818 1789 1847 &
1801 1814 1914 1847 melius
1925 1816 1981 1848 uni
1992 1838 2002 1853 ‚
2011 1826 2045 1848 ut
2055 1817 2171 1849 discor-

1171 1857 1224 1888 dia
1237 1857 1365 1894 vitetur,
1377 1869 1400 1889 c.
1410 1868 1433 1889 i.
1443 1858 1528 1900 infra'
1539 1858 1575 1890 de
1585 1860 1693 1893 arbitr.
1705 1857 1742 1891 (ῥ’
1753 1859 1860 1892 acum
1870 1861 1951 1891 inter
1960 1863 2170 1899 Canonicos,§.

1174 1899 1242 1941 Post
1254 1899 1407 1942 haecsupra
1418 1901 1516 1933 eodem
1527 1925 1537 1939 ‚
1550 1903 1596 1934 vel
1610 1903 1717 1934 saltem
1730 1902 1762 1934 in
1774 1903 1886 1944 impari
1906 1914 2039 1936 numero
2050 1927 2059 1941 ,
2082 1914 2116 1936 ut
2135 1906 2170 1936 in

1172 1955 1197 1975 c.
1207 1945 1242 1974 In
1253 1945 1350 1987 causis
1360 1966 1368 1981 ,
1380 1944 1486 1977 [βίῃφι
1497 1945 1624 1977 dileflus
1633 1968 1642 1982 ‚
1662 1943 1700 1977 (ῥ’
1709 1957 1734 1977 c.
1745 1945 1825 1979 Cum
1836 1950 1869 1978 in
1879 1946 1943 1985 jure
1946 1943 1979 1989 su
1983 1947 2039 1988 pra'
2050 1946 2148 1979 eodem
2160 1970 2169 1984 ,

1171 1986 1310 2027 sequitur
1322 1988 1407 2019 Bald.
1419 1987 1493 2020 ibid.
1505 2000 1584 2022 num.
1601 1999 1650 2030 37.
1668 1992 1699 2021 δέ
1711 1999 1825 2023 notant
1837 1988 1886 2022 liic
1908 1990 1954 2030 Jo.
1977 1992 2075 2022 Andr.
2088 1991 2168 2023 Abb.

1172 2034 1204 2061 i&
1217 2031 1294 2067 alii,
1314 2031 1402 2062 Host.
1413 2031 1571 2072 insumma
1583 2032 1634 2064 hoc
1644 2034 1694 2066 tic.
1710 2036 1736 2065 δᾷ.
1747 2034 1899 2076 Qualiter
1909 2034 1963 2066 col.
1977 2044 2004 2074 3.
2016 2033 2096 2074 vers.
2107 2037 2164 2066 Se-

1171 2073 1267 2105 cunda
1271 2073 1375 2114 forma
1387 2098 1395 2106 .
1407 2075 1446 2107 Et
1456 2075 1491 2107 in
1498 2075 1652 2107 electione
1667 2075 1806 2108 Romani
1819 2076 1984 2109 Pontificis
1996 2078 2092 2109 tradit
2104 2078 2165 2110 An«

1171 2126 1238 2148 ton.
1249 2119 1287 2150 de
1301 2117 1417 2149 Rosell.
1427 2122 1461 2150 in
1471 2119 1560 2150 trust.
1572 2117 1609 2150 de
1618 2118 1763 2160 potestate
1774 2121 1874 2162 pape,
1887 2119 2074 2161 §.Postquam
2083 2120 2166 2161 stitis·

1171 2158 1368 2200 diximussub
1378 2173 1408 2192 η.
1420 2166 1449 2192 6.
1462 2161 1543 2202 vers.
1553 2161 1615 2194 Sed
1625 2165 1657 2193 in
1668 2166 1853 2195 contrarium
1865 2190 1872 2195 .
1885 2163 1968 2205 Ergo
1978 2166 2089 2196 eodem
2101 2175 2168 2196 mo-

1170 2205 1212 2234 do
1223 2206 1338 2243 potcrit
1351 2205 1444 2236 liodie
1456 2205 1619 2237 committi
1631 2206 1692 2237 liaec
1705 2205 1838 2239 facultas
1850 2208 1905 2239 urii
1917 2218 1953 2239 ex
1963 2208 2049 2239 sacro
2059 2207 2168 2240 Colle-

1171 2247 1236 2286 gio,
1247 2257 1313 2278 nori
1326 2247 1521 2280 obstantibus
1531 2248 1595 2280 illis
1605 2249 1708 2281 verbis
1719 2250 1846 2290 pluralis
1860 2251 1983 2282 numeri
1994 2251 2168 2292 Gregoria-

1170 2300 1217 2320 nae
1237 2289 1489 2323 constitutionis
1506 2314 1516 2328 ‚
1553 2293 1704 2324 videlicet
1733 2293 1889 2335 aliquibus
1919 2305 1956 2325 ex
1985 2296 2169 2326 eorumdem

1170 2332 1319 2373 Collegio
1337 2333 1561 2367 Cardinaliiiin
1572 2357 1582 2372 ,
1602 2346 1675 2367 cum
1695 2336 1882 2368 constitutio
1905 2338 1961 2368 liae
1975 2337 2006 2369 in
2017 2348 2103 2377 parte
2115 2338 2164 2369 uti

1170 2376 1346 2408 conformis
1362 2378 1420 2417 juri
1439 2379 1604 2410 communi
1625 2379 1763 2419 recipere
1781 2381 1892 2411 debeat
1911 2381 1948 2411 ab
1959 2382 2070 2411 eodem
2091 2381 2159 2423 jure
2183 2390 2223 2423 39

1167 2422 1332 2452 communi
1344 2421 1641 2461 interpretationem
1667 2421 1814 2460 pallivam
1825 2444 1834 2458 ‚
1848 2433 1881 2454 ut
1891 2423 1972 2454 l.2.c.
1985 2425 2035 2454 De
2046 2425 2157 2456 noval.

1168 2465 1200 2495 δε
1212 2473 1302 2495 notat
1314 2464 1396 2496 Bart.
1409 2466 1441 2495 ὃς
1452 2464 1526 2495 DD.
1537 2467 1569 2495 in
1579 2466 1631 2495 l.1.
1644 2467 1711 2496 Hoc
1722 2474 1822 2496 autem
1833 2464 2007 2508 edifitirmff.
2021 2469 2070 2498 De
2090 2470 2164 2498 ηοω

1167 2516 1245 2546 oper.
1255 2518 1339 2539 nunc.
1351 2506 1387 2539 ὠ
1398 2510 1430 2538 in
1440 2505 1635 2543 l.Sciendiim‚
1639 2506 1683 2550 ff
1688 2509 1750 2550 Qui
1757 2507 1969 2548 fittisdaeogim.
1982 2509 2163 2550 Ancluconſs

1168 2561 1206 2589 42
1212 2561 1241 2586 9.
1251 2552 1310 2582 Pro
1320 2549 1479 2581 evidentia
1489 2560 1551 2590 n.3.
1563 2552 1595 2581 in
1602 2548 1896 2592 fin.verfiPosterior
1904 2564 1970 2590 ergo
1978 2551 2161 2593 corstitutio,

1169 2592 1385 2632 Romanaeemſs
1400 2602 1469 2633 345.
1478 2595 1560 2624 circa
1570 2596 1669 2633 princi
1671 2602 1700 2634 p.
1711 2605 1760 2625 nu.
1778 2598 1825 2626 18.
1837 2594 1961 2635 &seqq
1975 2597 2101 2627 etenim
2110 2597 2160 2628 lex

1167 2647 1250 2668 nova
1260 2636 1425 2677 disponens
1435 2636 1469 2668 in
1479 2636 1611 2668 materia
1621 2637 1754 2677 antiqua
1764 2638 1877 2678 recipit
1890 2639 2169 2679 interpretationes

1167 2684 1198 2712 ἃ
1211 2680 1419 2711 limitationes
1431 2702 1441 2715 ,
1460 2690 1538 2719 quas
1549 2680 1682 2712 materia
1692 2681 1729 2712 ab
1751 2681 1889 2721 antiquis
1902 2682 2021 2722 legibus
2033 2682 2163 2724 recipie-

1167 2725 1219 2754 bat
1230 2745 1241 2759 ‚
1249 2724 1310 2754 [λη
1319 2721 1532 2759 σοητνιιὲἳέόιυ,
1545 2725 1571 2760 ς’.
1581 2724 1730 2755 Preterea‘
1740 2746 1750 2760 ,
1760 2727 1796 2755 C.
1810 2726 1860 2756 De
1867 2736 1923 2756 non
1933 2735 2044 2756 numer.
2056 2734 2158 2766 pecun-

1166 2766 1248 2797 Petr.
1260 2766 1330 2797 Brix
1337 2766 1398 2797 ieri.
1409 2767 1442 2797 iio
1451 2775 1561 2807 repert.
1572 2768 1605 2798 in
1616 2778 1681 2799 ver.
1695 2769 1779 2798 Inter
1780 2770 1912 2808 pretatio
1920 2790 1932 2805 ,
1942 2767 2023 2809 verſs
2033 2770 2102 2801 Lex
2111 2780 2165 2801 no·

1166 2819 1249 2840 viler
1261 2832 1268 2839 .

1207 2852 1296 2892 Qiid
1306 2851 1496 2884 dicendum?
1518 2853 1594 2884 Haec
1605 2853 1735 2894 quaessio
1744 2856 1820 2886 duas
1828 2854 1921 2887 liabet
1938 2854 2144 2897 inspectiones
2154 2879 2162 2887 .
2183 2867 2226 2898 40

1167 2894 1198 2926 Pi
1208 2896 1270 2926 ima
1280 2894 1320 2926 est
1332 2917 1342 2931 ,
1353 2906 1393 2927 an
1405 2896 1499 2927 liccat
1509 2895 1733 2928 Cardinalibiis
1744 2898 2002 2938 compromittere
2014 2899 2048 2931 in
2059 2910 2157 2932 unum

1165 2948 1291 2970 tantum
1301 2948 1338 2968 ex
1346 2937 1376 2969 S.
1389 2937 1504 2980 Colleg
1512 2939 1543 2970 io
1554 2962 1562 2970 .
1582 2939 1727 2971 Secunda
1737 2940 1778 2971 est
1789 2963 1798 2977 ,
1808 2951 1964 2982 quatenus
1974 2952 2039 2973 non
2051 2942 2159 2979 liceat,

1165 2992 1205 3012 an
1215 2980 1328 3012 ciet-iio
1339 2980 1379 3024 sic
1395 2983 1553 3014 celebrata
1565 2982 1600 3013 sit
1612 2983 1702 3014 irrita
1713 3005 1723 3018 ,
1740 2994 1840 3016 necne
1851 3007 1858 3015 .
1879 2984 1997 3027 Qioad
2022 2986 2154 3026 primam

1165 3023 1390 3064 inspectionem
1401 3025 1504 3057 verius
1514 3025 1639 3056 videtur
1650 3035 1715 3057 non
1735 3026 1830 3059 licere
1849 3027 2049 3060 Cardinalib.
2073 3039 2157 3060 cotn-

1164 3067 1348 3107 promittere
1360 3067 1394 3098 in
1407 3078 1506 3100 unum
1515 3068 1744 3104 tanti‘im3clara
1751 3070 1839 3102 enim
1847 3071 1916 3103 suut
1928 3073 2022 3103 verba
2032 3071 2156 3103 Consti-

1165 3110 1301 3142 tutionis
1311 3110 1460 3151 Gregorii
1472 3114 1504 3142 in
1513 3111 1543 3142 d.
1559 3113 1585 3147 ξ.
1597 3113 1735 3143 Matura
1756 3114 1859 3152 itaque
1879 3117 1912 3146 in
1930 3112 2012 3147 verb.
2032 3115 2157 3151 Aliqui-

1164 3162 1216 3185 bus
1227 3176 1234 3183 .
1256 3152 1294 3183 Et
1306 3154 1450 3192 quamvis
1459 3154 1574 3196 dejure
1583 3155 1749 3187 communi
1760 3156 1855 3189 liceat
1865 3157 1898 3188 iri
1911 3167 2009 3189 unum
2029 3157 2155 3188 tantuin

1164 3196 1422 3236 compromittere
1432 3219 1441 3232 ‚
1455 3197 1484 3228 id
1495 3207 1602 3228 tamen
1611 3198 1773 3239 contingit
1782 3222 1792 3235 ,
1803 3200 1878 3241 quia
1888 3203 1926 3232 de
1937 3200 1994 3232 lioe
2009 3201 2075 3240 jura
2085 3199 2154 3230 sunt

1165 3249 1270 3279 aperta
1281 3261 1291 3275 ‚
1300 3248 1334 3270 ut
1345 3238 1396 3270 hic
1409 3261 1419 3275 ‚
1428 3241 1460 3271 ὅ(
1471 3242 1504 3271 in
1514 3239 1653 3272 d.c.i’nter
1661 3244 1831 3274 Cammicos
1841 3241 1925 3284 infra'
1935 3241 1995 3273 eod.
2007 3242 2043 3273 &⁶
2053 3244 2086 3273 in
2094 3241 2151 3274 d.c.

1161 3280 1234 3323 ‘Post
1244 3282 1478 3314 translationem
1489 3281 1526 3314 de
1534 3294 1652 3316 renunc.
1663 3284 1800 3327 Ideoque
1814 3297 1869 3318 nec
1891 3285 2004 3321 refert,
2025 3283 2110 3325 quod
2128 3297 2154 3317 c.
2176 3297 2215 3327 41

1164 3326 1252 3371 Quia
1262 3334 1397 3366 propter:
1422 3335 1528 3357 utatur
1546 3329 1656 3359 eodem
1675 3329 1772 3360 verbo
1782 3351 1793 3365 ‚
1810 3327 1959 3366 aliquibus
1969 3349 1981 3363 ,
2009 3330 2093 3369 quod
2113 3328 2154 3360 est

1164 3369 1292 3409 pluralis
1303 3369 1424 3399 numeri
1437 3380 1447 3404 ;
1468 3380 1542 3401 riam
1552 3370 1713 3411 pluralitas
1727 3371 1893 3403 resolvitur
1905 3370 1939 3402 in
1959 3370 2155 3412 singul-arita-

1165 3422 1229 3443 tem
1240 3434 1250 3447 ,
1261 3410 1521 3453 quotiescumque
1531 3423 1567 3445 ex
1578 3414 1652 3446 aliis
1657 3415 1778 3456 juribus
1799 3423 1921 3454 apparet
1941 3413 2093 3446 e'usinodi
2107 3425 2154 3445 re-

1164 3455 1354 3486 solutionem
1362 3455 1420 3486 esse
1430 3454 1605 3488 faciendam
1616 3479 1626 3493 ‚
1637 3469 1660 3488 c.
1673 3457 1714 3490 Ut·
1725 3458 1891 3497 privilegia
1902 3423 1996 3498 insin.
2009 3457 2061 3488 iibi
2074 3457 2150 3487 Abi).

1164 3509 1212 3529 nu.
1226 3507 1252 3537 5.
1262 3497 1299 3528 de
1308 3499 1450 3537 privileg.
1462 3498 1500 3530 Et
1521 3497 1595 3530 cum
1607 3500 1761 3531 Generalc
1781 3499 1970 3531 Concilium
1980 3501 2012 3531 in
2034 3498 2117 3530 dicto
2127 3509 2152 3530 c.

1165 3542 1250 3586 Qi'n
1260 3549 1346 3583 propt
1352 3552 1384 3573 er
1393 3564 1403 3579 2
1423 3551 1530 3574 utatur
1541 3543 1642 3575 verbis
1653 3543 1748 3585 plural
1756 3543 1924 3617 isRnunieri
1933 3565 1942 3580 ,
1962 3545 1995 3575 δε
2008 3544 2073 3614 jiiixli.
2083 3551 2153 3581 pri:-

1852 3597 1868 3617 τ.
2041 3595 2058 3616 a
2074 3586 2111 3616 le-
