2397 3664
77 213 114 241 26

77 565 118 593 27

76 903 116 933 28

679 31 766 87 De
779 25 1030 100 Maion&
1042 33 1190 91 obed.
1204 35 1384 94 ocum
1407 49 1600 93 certum
1615 81 1626 92 .

142 131 200 154 mic
213 119 404 161 praesumitur
418 115 617 155 interceffiffe
628 139 638 152 ,
661 117 737 158 quia
748 117 925 150 concordia
935 128 1001 149 non
1021 113 1143 160 luitpo-

143 165 202 197 ssea
220 163 402 195 observata.
767 193 770 196 ,

177 206 324 240 Advertit
344 206 442 239 etiam
460 204 556 237 Sacra
573 203 795 245 Congregatio
813 214 918 237 errore
947 203 1034 235 fuisse
1052 206 1143 237 dece-

143 261 230 292 puiin
244 250 419 287 Blandum,
438 248 494 287 qui
517 248 550 278 in
570 257 662 288 opere
683 249 721 280 de
742 246 998 282 illustrataltalia
1017 247 1141 280 videtur

142 295 256 327 sentire
269 293 455 326 Sulmonam
472 292 531 324 esse
542 300 636 332 caput
646 290 746 324 totius
757 290 957 332 Episcopatus
968 290 1140 323 Valvensis:

145 349 221 371 nam
233 334 406 370 L'cclcsiaS.
420 334 522 367 Pelini
533 333 573 365 est
593 344 686 375 caput
704 334 770 376 ejus
781 334 982 376 Episcopatus
991 357 1001 370 ‚
1013 345 1048 366 ur
1058 344 1142 376 patet

142 393 179 414 ex
191 381 288 416 Bullis
298 402 308 417 ,
329 380 360 411 ὅ(
372 377 442 411 aliis
455 377 616 417 scripturis
627 377 714 419 supra
722 378 827 411 relatis
839 400 846 411 .

183 426 225 456 At
238 434 322 455 nunc
333 401 711 460 Sulmonensesexhibeist
735 420 811 453 alias
821 419 988 461 scripturas
999 443 1008 456 ,
1027 421 1142 461 quibus

137 469 334 509 praetendunt
354 464 566 502 recedendum
586 464 671 496 essea
689 464 819 502 decisis,
838 464 938 497 &sibi
959 463 1142 507 adJudican-

141 514 213 543 dam
235 508 475 550 pixtcedcnriam
486 531 494 538 .

183 555 220 585 Et
241 551 344 593 primo
362 551 438 592 quia
459 551 659 591 Episcopatus
678 550 893 582 Sulmonensis
913 550 954 582 est
976 550 1139 592 antiquior

140 597 328 637 Episcopatu
346 593 511 630 Valvensi,
542 596 616 626 cum
635 593 786 626 habeatur
807 594 961 626 memoria
981 593 1143 636 cujusdam

139 639 272 672 Palladii
284 637 427 679 Episcopi
440 638 472 669 iti
483 636 638 670 Concilio
648 637 757 669 habito
769 638 822 668 sub
841 636 1031 679 Symmacho
1042 635 1122 677 Papa
1132 659 1141 668 .

139 682 340 716 Ci‘imtamen
359 681 560 722 Episcopatus
577 680 737 712 Valvensis
759 680 891 712 initium
912 680 1045 720 coeperit
1056 690 1142 712 anno

140 736 213 765 700.
223 726 255 757 δι
269 726 306 756 sic
319 726 478 765 plusquam
489 724 636 756 ducentis
657 724 747 756 annis
759 724 822 765 post
843 723 1064 764 Episcopatum
1072 723 1142 756 Sul-

139 768 339 802 monensem.
363 769 482 800 Verum
493 769 530 804 ad
549 768 608 799 hoc
628 767 726 808 potest
746 767 925 809 responderi
942 766 1141 808 subscriptio-

139 824 211 846 nem
223 824 259 844 ex
269 811 356 844 dieto
366 810 519 843 Concilio
529 810 721 852 desumptam
732 822 797 843 non
809 813 867 844 esse
877 811 1068 852 originalem
1078 832 1088 847 ,
1108 812 1140 841 ὅ(

141 856 261 888 variaiii
272 856 331 888 esse
342 855 375 887 in
394 854 521 887 diversis
541 853 737 892 Codicibus,
759 855 834 887 cum
854 854 975 889 alicubi
994 855 1140 895 legatur,

137 899 350 932 Sulmontinis
363 922 370 929 .
391 897 463 930 Nec
483 898 604 930 constat
623 897 713 939 cujus
734 897 877 931 Ecclesiae
897 907 974 931 tunc
992 896 1140 936 temporis

142 943 281 984 potuerit
293 943 351 977 esse
365 941 531 982 Episcopus
543 963 553 979 ,
572 951 646 972 cum
657 941 797 975 Ecclesia
810 939 917 975 sanciti
930 939 1082 980 Pamphili
1102 941 1140 971 de

140 983 294 1018 Sulmona
305 984 483 1021 consitutlba
493 983 588 1016 fuerit
598 985 745 1017 ducentis
757 984 849 1017 annis
859 1007 869 1021 ,
878 1023 880 1026 y
890 986 923 1016 &
933 984 1067 1024 amplius
1077 982 1141 1024 post

140 1029 260 1062 dickum
289 1028 496 1065 Concilium,
518 1038 552 1059 ut
582 1037 665 1067 patet
686 1038 722 1060 ex
745 1029 811 1060 vita
839 1026 946 1060 Sanisti
967 1026 1139 1070 Pamphili.

141 1072 241 1115 Qiod
262 1083 300 1105 eo
316 1072 417 1113 magis
438 1071 474 1103 sit
495 1070 682 1108 verisimile,
704 1072 780 1112 quia
808 1081 846 1103 ex
869 1070 1030 1109 scripturis
1051 1070 1142 1111 supra

143 1116 285 1150 adduffis
303 1115 478 1148 ostenditur
500 1113 671 1147 Ecclesiam
682 1114 790 1147 sancii
810 1112 1059 1155 Pampliilifuisse
1071 1113 1140 1145 sim-

140 1161 255 1200 plicem
275 1159 462 1196 Plebaniain
477 1157 606 1191 dioecesi
626 1157 804 1191 valvensis.
824 1156 882 1190 Sed
893 1166 1048 1198 quatenus
1068 1167 1142 1190 vera

142 1203 216 1235 esset
228 1203 413 1244 subscriptio
421 1201 579 1244 Episcopis
589 1201 785 1238 Sulmontitii
795 1223 805 1238 ,
829 1202 861 1233 δε
873 1200 1061 1242 significaret
1071 1201 1141 1242 Epi-

141 1246 269 1287 scopum
281 1245 520 1281 Sulmonensem
534 1267 544 1282 .
562 1255 670 1281 extant
691 1254 798 1278 tamen
818 1244 940 1276 indicia
961 1246 1053 1276 status
1072 1245 1142 1286 Epi-

142 1290 285 1330 scopatus
297 1287 572 1328 Valvensisinulto
582 1288 795 1330 antiquioris‚·
817 1299 891 1325 nam
901 1298 938 1320 ex
958 1287 1140 1320 vitaSanCti

139 1332 243 1365 Pelini
263 1333 412 1367 habemus
424 1332 488 1374 post
507 1332 592 1368 illius
612 1332 807 1373 Martyrium
824 1331 991 1371 contigisse
1012 1331 1140 1363 dedica*

141 1377 266 1409 tionem
276 1377 343 1419 ejus
351 1375 494 1411 Ecclesiae
504 1398 514 1412 ‚
535 1375 590 1411 cui
602 1375 635 1407 in
646 1377 754 1407 dotem
773 1375 945 1416 Imperium
956 1373 1140 1407 Romanum

142 1419 300 1461 adscripsit
312 1429 415 1453 totam
425 1421 624 1462 adjacentem
643 1418 862 1454 Provinciam,
883 1428 952 1458 quae
972 1419 1077 1450 Valvae
1098 1418 1139 1462 est

142 1463 313 1504 appellata.
334 1461 434 1494 Unde
447 1461 604 1498 l‘ubdwustis
614 1462 792 1494 rationibus
813 1461 961 1502 temporis
981 1462 1047 1502 ejus
1059 1472 1140 1492 mai·-

141 1507 231 1544 titii,
255 1515 349 1547 atque
368 1506 475 1538 obitus
495 1505 613 1545 Juliani
635 1505 807 1545 Apostarae,
831 1505 883 1538 sub
903 1506 993 1549 cujus
1004 1505 1140 1546 Imperio

138 1550 237 1591 passus
246 1549 300 1587 ess,
310 1549 432 1582 constat
444 1548 561 1584 dirCtam
572 1549 744 1580 Ecclesiam
756 1548 844 1580 fuisse
854 1548 1042 1581 aedificatam
1055 1558 1140 1583 anno

144 1594 275 1627 circiter
288 1603 324 1635 32
333 1602 359 1633 5.
371 1603 463 1634 atque
475 1592 521 1624 ita
536 1596 607 1633 163.
618 1593 708 1624 annis
720 1602 792 1624 ante
812 1591 1001 1624 Concilium
1023 1591 1141 1623 Roma-

141 1648 238 1670 num.
260 1637 299 1670 Et
308 1637 452 1678 quamvis
473 1636 507 1671 in
518 1639 654 1676 quadani
675 1636 782 1668 tabula
800 1646 979 1668 marmorea
997 1635 1140 1667 Ecclesiae

143 1680 172 1713 S,
185 1680 286 1713 Pelini
298 1703 307 1717 ,
328 1682 358 1712 &
373 1680 406 1712 in
418 1680 482 1713 vita
501 1679 530 1710 S.
544 1678 696 1720 Pamphili
714 1679 904 1716 enuncietui·
921 1678 1140 1719 §.Pamphilus

143 1723 261 1764 primus
271 1723 437 1764 Episcopus
449 1723 631 1754 Valvetifis:
653 1733 758 1756 tamen
780 1723 810 1754 id
833 1721 914 1754 forti}
928 1721 1043 1754 fastum
1055 1722 1114 1753 fuit
1128 1745 1138 1758 ,

138 1767 188 1799 vel
199 1766 382 1798 Sanstitatis
394 1766 518 1798 ratione
528 1788 537 1802 ,
547 1767 593 1797 vel
605 1766 744 1807 quiaqui
756 1765 917 1799 historiam
929 1765 1046 1806 scripsit
1059 1766 1139 1796 noti-

141 1810 221 1842 tiam
233 1821 297 1842 non
310 1809 418 1841 habuit
431 1809 623 1850 antiquioris
644 1809 808 1850 Episcopi,
828 1809 991 1849 praesertim
1011 1809 1087 1850 quia
1107 1809 1142 1841 in

141 1854 256 1894 quinta
267 1853 395 1895 Synodo
405 1853 515 1891 habita
523 1864 609 1884 anno
622 1864 692 1894 504.
703 1853 829 1893 degitur
841 1852 1013 1884 interfuisse
1035 1853 1142 1884 Fortu-

143 1907 235 1928 natus
247 1897 412 1937 Episcopus
433 1896 615 1936 Valvensis,
636 1897 693 1938 qui
711 1895 772 1928 fuit
784 1895 879 1938 longe
900 1906 973 1928 ante
993 1896 1142 1928 Sanctum

143 1939 350 1980 Paniphilium
361 1962 371 1975 ,
392 1939 537 1980 quamvis
549 1939 582 1972 iti
594 1940 717 1971 Codice
725 1938 872 1971 Coloniae
891 1939 1069 1980 Agrippinae
1083 1939 1141 1973 im-

145 1983 244 2024 presso
255 1994 340 2015 anno
357 1987 448 2022 1567.
460 1983 609 2014 habeatur
621 1983 810 2014 Fortunatus
828 1982 997 2023 Episcopus
1009 1983 1142 2014 Valven-

144 2027 181 2058 sis
193 2049 202 2063 ‚
224 2027 278 2067 qui
290 2026 371 2058 forte
393 2025 453 2057 fuit
471 2025 653 2059 Valventiis
665 2049 672 2057 .
696 2026 754 2057 Sed
776 2036 884 2058 revera
902 2036 987 2058 anno
1000 2032 1071 2067 320.
1083 2036 1140 2059 nec

146 2080 183 2102 ex
195 2069 262 2101 vita
272 2069 301 2100 S.
316 2069 416 2101 Pelini
427 2079 551 2109 apparet
563 2069 596 2101 in
608 2069 747 2101 Ecclesia
756 2069 890 2100 extitisse
910 2069 1070 2110 sexaginta
1080 2079 1142 2101 tres

141 2112 347 2146 canonicos:
362 2122 463 2153 neque
474 2111 515 2143 est
528 2112 694 2144 verisimile
705 2135 715 2149 ,
738 2122 772 2144 ut
784 2112 828 2143 ibi
839 2112 935 2144 essent
948 2113 1060 2154 absque
1073 2112 1142 2152 Epi—

142 2156 256 2197 scopo,
277 2158 310 2188 &
332 2156 459 2187 insexta
479 2155 606 2198 Synodo
624 2156 731 2188 habita
748 2166 834 2188 anno
848 2155 1069 2191 Doniini681.
1090 2156 1142 2187 sub

141 2199 330 2240 Agathone,
359 2199 483 2231 afflone
502 2209 615 2240 quarta
634 2200 667 2231 in
688 2199 914 2239 subscriptione
935 2200 975 2231 sic
996 2200 1111 2240 legitur
1134 2211 1140 2231 :

140 2241 320 2278 Benedifbus
328 2241 454 2275 humilis
465 2241 646 2284 Episcopum
654 2243 830 2286 S.Ecclestae
840 2243 970 2274 Valven.
985 2241 1022 2275 δ’*
1033 2242 1073 2284 est
1082 2254 1144 2275 me-

138 2287 208 2319 dius
228 2288 309 2317 inter
328 2285 495 2326 Episcopus
515 2283 622 2326 Asten.
634 2286 671 2318 (θ’
682 2283 871 2325 Albigcmen.

182 2327 330 2361 Secundi)
341 2327 503 2361 Canonici
514 2328 698 2367 Sulnionen.
709 2331 870 2361 deducunt
884 2329 1055 2367 Ecclesiam
1067 2328 1143 2363 San·-

144 2372 187 2403 ciii
196 2371 351 2413 Pamphili
361 2371 450 2404 fuisse
459 2371 598 2404 Catliedr
605 2373 686 2404 alem
697 2383 731 2404 ex
743 2373 832 2405 Bulla
851 2371 969 2405 Leonis
981 2373 1036 2404 IX.
1052 2383 1141 2413 1504.

143 2416 179 2450 in
199 2425 262 2454 qua
292 2414 437 2447 Pontifex
468 2417 637 2448 confirmat
662 2417 814 2459 Episcopo
845 2415 991 2447 valvensi
1013 2418 1050 2447 ad
1073 2416 1144 2457 Epi-

144 2459 298 2497 scopalem
318 2458 430 2489 Sedem
450 2458 594 2489 Ecclesiae
614 2459 721 2493 83ηᾶὶί
746 2459 847 2494 Pelini
869 2482 878 2492 ,
899 2469 974 2491 cuin
996 2459 1057 2492 suis
1079 2470 1143 2500 per-

143 2501 292 2576 {inelntsiis
313 2502 431 2541 pariter
440 2500 612 2533 Ecclesiam
630 2502 738 2535 Sansti
757 2502 910 2545 Pamphili
929 2513 1002 2534 cum
1022 2504 1143 2535 caeteris

171 2555 207 2576 cc
223 2555 238 2575 e
254 2554 292 2575 iis
303 2567 310 2575 .

186 2587 245 2620 Sed
266 2587 469 2627 respondetur
491 2587 565 2618 hinc
587 2586 692 2627 potius
711 2587 837 2627 probari
857 2588 953 2619 solam
974 2588 1143 2622 Ecclesiam

145 2630 252 2663 Sanffl
264 2630 365 2664 Pelini
376 2631 434 2662 esse
445 2629 668 2663 Cathedralem
678 2654 685 2661 .
709 2629 823 2671 Neque
833 2631 933 2662 obstat
945 2633 982 2663 ad
994 2633 1122 2664 verbum
1133 2655 1142 2669 ‚

144 2677 264 2714 pariter
275 2697 284 2711 ‚
305 2675 381 2714 quia
391 2673 433 2705 est
443 2673 577 2714 positum
587 2672 721 2713 respeCru
731 2673 987 2705 confirmationis
997 2697 1007 2711 ,
1018 2686 1084 2707 non
1095 2686 1142 2707 re·

142 2717 242 2758 spedku
252 2718 339 2749 Sedis
351 2717 539 2758 Episcopalis
550 2740 557 2748 .
578 2717 616 2748 Et
629 2717 836 2748 nihilominus
855 2717 914 2748 hoc
935 2718 1012 2750 nihil
1025 2718 1142 2750 faceret

147 2763 183 2793 ad
192 2761 451 2803 praecedentiam,
473 2759 548 2792 cum
559 2761 660 2800 primo
680 2761 753 2791 loco
773 2760 936 2800 Episcopus
956 2760 1050 2793 fuerit
1067 2772 1143 2793 con-

145 2807 286 2837 firmatus
305 2806 343 2836 ad
362 2803 533 2836 Ecclesiam
552 2802 656 2835 saneti
669 2802 788 2839 Pelini,
810 2804 939 2845 glossin
957 2815 982 2836 c.
995 2806 1142 2847 Quorum—

144 2847 219 2879 dam
228 2851 261 2880 in
271 2859 336 2880 ver.
349 2845 567 2880 Praedicatores
576 2847 613 2878 de
622 2846 705 2888 elfeis.
716 2845 768 2880 lib.
782 2851 811 2879 6.
822 2857 918 2890 quam
937 2846 982 2878 ibi
994 2847 1143 2879 Domini—

146 2901 220 2927 cus,
239 2892 418 2924 &Francus
430 2891 619 2931 sequuntur.
641 2890 722 2921 Item
741 2890 847 2923 Abbas
868 2892 974 2931 incap·
994 2889 1087 2922 Sedes
1106 2891 1143 2923 de

142 2932 278 2975 rescript.
290 2934 327 2967 ό·
335 2937 368 2966 in
377 2943 442 2974 cap.
455 2936 613 2966 Avaritia
622 2931 658 2964 de
666 2932 785 2974 praeben.

190 2977 302 3009 Tei-tio
323 2982 460 3019 produnt
490 2978 609 3009 litteras
639 2976 969 3017 EpiscopiSicinulphi
996 2981 1086 3016 1154.
1110 2978 1141 3010 in

147 3020 261 3094 1quibus
272 3021 332 3061 ipse
344 3030 437 3053 vocat
448 3021 475 3053 se
484 3021 669 3061 Episcopum
680 3023 716 3051 de
728 3019 895 3060 Episcopio
915 3019 945 3050 S.
967 3019 1068 3052 Pelini
1079 3043 1089 3057 ‚
1109 3024 1142 3053 &

171 3065 317 3104 amphili.

186 3105 245 3138 Sed
257 3106 595 3141 CanoniciValvenses
612 3106 797 3147 respondent
822 3115 932 3137 eorum
949 3105 1119 3138 Ecclesiam
1131 3129 1140 3142 ‚

143 3159 212 3190 quae
223 3151 261 3181 ab
272 3149 370 3181 initio
380 3150 494 3183 Saano
506 3150 616 3185 Pelino
627 3150 686 3181 fuit
696 3150 841 3181 dedicata
851 3171 860 3185 ‚
872 3149 974 3189 postea
984 3149 1141 3191 suscepisse

146 3193 180 3224 in
188 3192 361 3225 Patronum
372 3193 518 3226 Santstum
532 3193 745 3234 Pamphilum,
764 3193 840 3234 quia
858 3191 918 3227 fuit
937 3192 1073 3234 ejusdem
1085 3192 1143 3224 Ec,

147 3236 243 3267 clesiae
255 3235 438 3277 Episcopus.
459 3237 716 3278 Ideoqiiedeinde
737 3235 898 3268 retinuisse
920 3237 1141 3276 utramquein-

146 3280 350 3311 vocationem
369 3279 400 3311 S.
412 3279 531 3316 Pelini,
553 3282 587 3312 &
604 3280 635 3312 S.
647 3279 818 3321 Pamphili,
838 3279 883 3310 ita
894 3289 927 3311 ut
948 3289 1014 3309 non
1026 3280 1140 3310 mirum

148 3322 217 3355 sitsi
230 3322 372 3363 Episcopi
392 3333 633 3364 nonnumquam
653 3323 680 3355 se
699 3322 952 3362 nuncupaverint
962 3324 1000 3354 de
1018 3321 1141 3363 Episco-

147 3367 200 3406 pio
210 3367 369 3407 utriusque
379 3365 503 3397 Saani.
526 3366 604 3399 Aiiae
614 3377 719 3398 autem
729 3365 904 3405 scripturae,
927 3365 1084 3405 inquibus
1105 3367 1140 3397 lit

148 3409 272 3441 mentio
291 3412 329 3442 de
352 3409 515 3449 Episcopio
534 3409 641 3441 Sanffl
661 3408 963 3449 Pampliilicivitatis
982 3408 1139 3440 Sulmonae

148 3463 214 3486 non
223 3453 292 3486 sunt
305 3454 339 3486 in
351 3452 452 3485 forma
463 3452 613 3494 probante
624 3475 631 3483 .
652 3453 698 3484 Ac
710 3452 855 3493 praeterei
866 3451 899 3484 in
909 3451 1001 3484 dietis
1011 3461 1138 3494 quoque

2035 53 2134 107 607

1183 118 1345 159 scripturis
1364 121 1466 161 primo
1479 123 1551 152 loco
1574 123 1607 153 in
1619 122 1728 155 ordine
1751 122 1928 155 recensetur
1948 121 2146 164 Episcopium
2155 124 2186 155 S.

1184 161 1302 199 Pelini,
1323 165 1437 196 deinde
1459 165 1488 195 S.
1502 164 1672 205 Pamphili.

1224 206 1354 248 Qiaitb
1374 208 1521 240 exhibent
1539 208 1661 241 Bullam
1682 208 1866 242 Innocentis
1885 209 1941 241 111.
1958 214 2047 242 1206.
2069 211 2104 242 in
2122 220 2187 252 qua

1183 250 1394 282 committitur
1405 251 1581 283 Canonicis
1592 252 1847 285 Sulmone-usibus
1858 275 1866 289 ,
1887 263 1921 285 iit
1932 253 2070 294 aliquem
2089 263 2126 285 ex
2137 253 2183 285 eis

1182 293 1312 324 mittant
1325 296 1360 325 ad
1373 295 1589 335 recipiendum
1601 295 1784 336 Episcopum
1805 296 1848 329 eis
1859 298 1968 329 datum
1984 319 1992 327 .

1226 336 1343 368 Verum
1361 338 1644 378 respondean-hinc
1665 350 1730 371 non
1755 339 1886 377 inseri-i,
1907 350 1940 372 ut
1953 339 2090 371 Ecclesia
2112 339 2181 371 Sul-

1181 389 1309 411 nionen.
1321 380 1391 412 esset
1404 379 1624 418 Catliedialis,
1644 383 1719 422 quia
1739 382 1904 424 Episcopus
1923 384 2015 415 datur
2031 383 2181 415 omnibus

1180 423 1365 468 dioecesiinis
1377 446 1386 460 ,
1407 427 1437 456 ἃ
1450 424 1651 456 constituitur
1663 424 1807 458 Pia-latus
1817 427 1961 458 omnium
1973 426 2183 458 Ecclesiatuiii

1181 466 1237 497 sua·
1247 466 1388 498 dioecelis
1401 467 1432 498 in
1445 468 1557 508 quibus
1570 467 1715 500 Praelatus
1729 480 1794 501 non
1813 470 1965 509 reperitur
1978 492 1988 506 ,
2009 466 2183 502 secundum

1181 509 1270 540 Hoss.
1281 512 1313 540 in
1324 521 1389 551 cup.
1410 514 1489 543 Cum
1500 514 1653 550 contingat
1665 512 1700 543 de
1716 511 1781 553 foro
1797 515 1974 553 competenti
1988 524 1998 550 ‚·
2017 523 2111 554 quc-iii
2135 523 2182 544 rc-

1181 552 1239 584 fert
1252 575 1261 588 ,
1282 554 1314 584 δι’
1325 553 1611 594 seqiiitur.Oldi‘ad.
1622 554 1695 595 cons.
1707 562 1758 594 67.
1768 556 1892 600 Quaestio
1903 554 2025 596 mliscst
2047 555 2122 596 versi
2136 558 2182 588 Ec

1179 594 1309 627 dicimus
1324 599 1357 627 iu
1377 594 1488 630 talibus
1508 609 1588 629 num.
1602 609 1628 639 3.

1198 679 1204 685 ,
1224 638 1262 670 Et
1273 639 1350 671 tales
1360 640 1593 672 commissiones
1603 640 1680 672 olim
1701 643 1766 674 fieri
1796 643 2025 674 consueverunt
2047 653 2113 674 non
2133 642 2179 674 so-

1181 682 1246 714 lum
1267 681 1417 724 Capitulo
1428 682 1629 720 Cathedrali‚
1649 685 1696 716 scd
1709 685 1805 717 etiam
1824 685 2018 723 Canonicis,
2039 688 2069 717 ὃς
2081 685 2180 717 Clero

1180 725 1341 761 civitatis,
1364 727 1587 763 veldioecesis,·
1610 727 1676 759 imb
1696 728 1792 760 etiam
1813 729 2005 760 secularibus
2024 728 2178 770 Principi-

1181 769 1255 806 bus,
1278 772 1454 810 iitpaterex
1475 769 1618 810 Regeliis
1629 772 1816 812 Apostolicis
1830 795 1837 802 .

1223 810 1356 857 Qiinto
1367 813 1514 845 exhibent
1526 814 1646 846 Bullam
1661 825 1751 855 1404.
1764 814 1796 846 in
1807 825 1869 855 qua
1889 815 2094 846 Innocentius
2105 814 2175 847 V11.

1179 856 1277 887 donat
1298 856 1610 890 mitramCanonicis
1630 857 1885 891 Sulmonensibus
1905 860 1942 890 ad
1964 857 2050 889 usum
2070 858 2176 890 Eccle-

1181 898 1226 929 siae
1246 898 1393 931 illorum.

1222 941 1269 973 Ad
1281 946 1364 982 quod
1387 943 1588 984 respondetur
1607 944 1686 977 hanc
1703 944 1912 976 donationem
1934 943 2047 976 fastam
2068 942 2178 979 fuisse,

1179 993 1213 1015 ut
1222 984 1389 1026 Episcopus
1401 986 1494 1026 posset
1509 987 1541 1018 in
1557 987 1640 1020 dicta
1653 988 1788 1021 Ecclesia
1798 988 1997 1020 Pontificalia
2007 997 2152 1019 exercere
2163 1009 2173 1023 ,

1180 1038 1246 1060 non
1265 1029 1350 1069 quod
1369 1030 1441 1061 cll'et
1462 1029 1678 1063 Cathedralis.
1700 1031 1799 1073 Qiod
1819 1041 1904 1072 patet
1925 1042 1965 1063 eo
1984 1030 2069 1071 quod
2091 1030 2175 1062 idem

1180 1071 1325 1103 Pontifex
1346 1083 1410 1104 erat
1430 1074 1587 1107 oriundus
1607 1074 1748 1106 Sulmon.
1768 1070 1802 1106 ‘&
1821 1085 1927 1106 tamen
1950 1075 1982 1105 iu
2002 1074 2064 1105 alia
2085 1073 2176 1112 Bulla

1179 1115 1259 1147 dicit
1281 1115 1468 1149 Sulmonam
1488 1117 1546 1148 else
1570 1117 1699 1149 Valven.
1721 1118 1880 1150 dioecesis.

1220 1157 1316 1191 Sexto
1335 1159 1483 1192 exhibent
1501 1160 1668 1200 scriptum,
1690 1162 1723 1193 in
1742 1161 1993 1202 quo'Episcopus
2014 1158 2175 1191 valvensis

1179 1211 1368 1243 aun01350.
1380 1204 1465 1234 dedit
1487 1207 1670 1235 mandatum
1692 1208 1728 1236 ad
1747 1205 1933 1245 capiendam
1960 1203 2176 1245 possessionem

1179 1244 1381 1287 Episcopatus
1402 1246 1435 1278 in
1464 1247 1594 1278 civitate
1616 1247 1792 1279 Sulmonae.

1221 1288 1263 1320 At
1272 1288 1455 1328 Capitulum
1479 1290 1630 1322 Valvenl'e
1643 1291 1805 1330 respondet
1826 1291 1854 1322 id
1867 1301 1932 1323 non
1948 1290 2036 1322 fuisse
2059 1288 2177 1328 fastum

1180 1332 1211 1364 in
1233 1332 1296 1363 vim
1318 1332 1495 1365 litterarum
1518 1333 1785 1374 Apostolicarum.
1814 1334 1975 1376 Qiinimo
2003 1342 2176 1373 repugnare

1178 1375 1406 1416 provisionibus
1428 1376 1633 1418 Apostolicis,
1655 1387 1721 1417 qux
1745 1377 1814 1409 sunt
1834 1376 1963 1410 tantum
1981 1378 2020 1409 de
2039 1375 2178 1415 Ecclesia

1180 1418 1346 1455 Valvensi,
1367 1429 1402 1450 ac
1427 1419 1589 1451 sententiae
1612 1419 1743 1452 Rotali.

1220 1461 1362 1502 Septimo
1372 1464 1532 1494 deducunt
1554 1463 1687 1495 validam
1698 1464 1756 1495 esse
1779 1464 1930 1497 unionem
1943 1462 2101 1504 utriusque
2112 1461 2178 1502 Epi-

1179 1506 1192 1537 s
1191 1515 1320 1544 copatus
1330 1527 1341 1542 ,
1363 1506 1609 1538 &concordiam
1620 1507 1698 1538 olim
1708 1507 1822 1539 initam
1841 1507 1924 1539 inter
1935 1516 2103 1546 utrumque
2114 1504 2177 1542 Ca,-

1178 1549 1336 1590 pitulum3
1356 1549 1432 1589 quia
1441 1560 1514 1581 cum
1525 1550 1632 1590 aliqua
1641 1549 1748 1582 saltem
1760 1550 1793 1581 in
1803 1560 1888 1591 parte
1899 1549 1993 1582 suerit
2005 1550 2177 1584 observata,

1178 1592 1373 1634 praesumitui·
1384 1593 1615 1633 beneplacitum
1626 1593 1841 1634 Apostolicum
1853 1617 1859 1624 .

1222 1633 1341 1667 Verum
1369 1635 1571 1676 respondetur
1590 1647 1656 1668 non
1674 1636 1798 1677 probari
1817 1629 1994 1679 liiijusinodi
2013 1635 2179 1671 observan-

1180 1678 1257 1710 tiam
1268 1678 1419 1710 saltemin
1431 1678 1701 1712 substantialibus:
1723 1680 1841 1712 namin
1861 1680 2034 1712 concordia
2044 1680 2179 1720 primum

1179 1721 1368 1753 transachim
1381 1722 1481 1754 fuerat
1492 1745 1501 1758 ,
1522 1732 1555 1754 ut
1566 1723 1712 1764 deinceps
1724 1724 1796 1755 esset
1809 1734 1870 1755 una
1881 1722 2006 1755 tantum
2018 1722 2154 1753 Ecclesia
2165 1744 2175 1758 ,

1178 1775 1250 1808 (με
1273 1766 1431 1798 dicer-:tur
1445 1766 1580 1797 Ecclesia
1597 1766 1781 1798 Sulmonen.
1803 1768 1836 1798 <Sc
1852 1776 1950 1799 unum
1972 1765 2177 1807 Capitulum.

1178 1811 1264 1850 quod
1275 1808 1477 1840 Sulmonense
1489 1810 1692 1849 appellaretur
1703 1832 1710 1840 .

1222 1852 1261 1883 Et
1272 1861 1379 1883 tamen
1391 1852 1423 1883 in
1435 1852 1610 1884 iisdemmet
1625 1853 1804 1896 scripturis,
1824 1864 1861 1885 ex
1882 1852 1997 1895 quibus
2015 1851 2180 1884 Canonici

1179 1894 1401 1927 Sulmonenses
1417 1897 1590 1929 deducunt
1614 1895 1844 1935 observantiam
1865 1895 2064 1933 concordiae,
2093 1905 2179 1936 patet

1180 1948 1245 1970 tam
1257 1938 1439 1975 Ecclesiam,
1450 1941 1541 1979 quam
1554 1938 1739 1980 Capitulum
1749 1938 1836 1971 fuisse
1847 1939 2034 1980 appellatum
2045 1939 2180 1970 Valven-

1180 1982 1208 2014 se
1219 2004 1228 2019 ,
1250 1984 1282 2013 &
1293 1981 1517 2017 Sulmonense;
1530 1985 1562 2013 ὃ(
1572 1993 1607 2013 ex
1619 1983 1736 2024 juribus
1749 1982 1906 2023 produclfis
1915 1981 1933 2013 a
1942 1981 2093 2022 Capitulo
2104 1982 2180 2012 Val-

1180 2025 1399 2067 vensiapparet
1409 2025 1477 2058 illas
1488 2025 1546 2056 esse
1556 2028 1632 2057 duas
1643 2025 1794 2057 Ecclesias
1805 2024 1963 2058 distinc‘tas
1975 2047 1984 2061 ,
1995 2035 2062 2064 quae
2075 2025 2107 2055 in
2120 2024 2179 2056 hoc

1181 2069 1261 2100 statu
1273 2068 1470 2108 reperiuntur
1483 2079 1490 2104 3
1503 2068 1616 2100 Itidem
1626 2070 1689 2100 duo
1697 2068 1848 2109 Capitula
1859 2092 1866 2105 ,
1878 2079 1913 2100 ac
1925 2068 1978 2100 sub
1988 2067 2113 2108 diversis
2125 2078 2181 2099 no—

1176 2113 1341 2151 minibus:
1362 2113 1395 2143 &
1414 2113 1557 2152 quamvis
1582 2122 1822 2152 nonnumquam
1844 2111 2019 2152 prumiscue
2048 2111 2181 2144 fecerint

1179 2153 1352 2189 nonnullos
1364 2154 1471 2190 astu&
1491 2154 1524 2187 id
1535 2164 1642 2186 tamen
1662 2155 1823 2195 contigit,
1843 2155 1919 2195 quia
1938 2165 1975 2186 ea
1991 2154 2121 2195 negotia
2141 2156 2179 2186 ad

1180 2208 1350 2238 utrumque
1370 2196 1555 2238 Capitulum
1566 2197 1766 2237 pertinebant
1782 2221 1790 2228 .

1223 2240 1348 2273 Deinde
1357 2239 1546 2277 transac‘kum
1556 2240 1658 2273 fuerat
1668 2262 1679 2280 ,η
1690 2251 1723 2276 ur
1734 2241 1867 2279 unicum
1876 2241 1948 2272 esset
1961 2240 2093 2280 sigillum
2105 2250 2178 2278 cum

1179 2285 1299 2318 duabus
1310 2284 1504 2325 imaginibus
1516 2307 1525 2320 ,
1548 2284 1577 2315 id
1590 2284 1630 2316 est
1641 2307 1650 2321 ‚
1670 2283 1700 2315 S.
1715 2283 1815 2315 Pelini
1826 2306 1836 2321 ‚
1857 2286 1889 2315 ὃ(
1899 2283 1928 2315 8.
1942 2283 2093 2323 Pamphili
2105 2293 2184 2322 con--

1181 2329 1287 2360 tinens
1304 2327 1337 2359 in
1357 2327 1496 2359 circuitu
1516 2327 1651 2368 sigillum
1671 2326 1811 2366 Capituli
1830 2326 2012 2358 Sulmonem.
2025 2326 2179 2360 Ettauien

1180 2372 1303 2403 nullum
1314 2372 1376 2403 tale
1397 2371 1534 2411 sigillum
1554 2371 1718 2407 exhibetur
1737 2369 1753 2400 a
1773 2368 1950 2404 Canonicis
1968 2369 2180 2405 Sulmonensi-

1181 2416 1255 2451 bus,
1275 2417 1307 2446 ὅ(
1320 2413 1454 2454 sigillum
1464 2423 1528 2454 quo
1549 2423 1683 2445 utuntur
1693 2411 2032 2445 CanoniciValvenses
2054 2412 2095 2444 est
2108 2413 2178 2444 lon-

1181 2459 1220 2500 ge
1240 2458 1396 2490 diversum
1407 2480 1414 2488 .

1223 2500 1335 2534 Tertio
1346 2499 1533 2532 transactum
1544 2498 1605 2530 fuit
1615 2521 1624 2535 ‚
1635 2508 1670 2531 iit
1680 2500 1763 2532 bona
1774 2499 1915 2530 universa
1926 2499 2021 2530 essent
2033 2509 2175 2529 commu-

1180 2544 1253 2579 nia.
1274 2544 1372 2585 Qiod
1386 2553 1491 2575 tamen
1510 2542 1709 2574 observatum
1718 2553 1784 2574 non
1795 2542 1880 2574 fuisse
1892 2542 2054 2573 iidemmet
2071 2541 2178 2573 Cano-

1180 2588 1249 2625 nici
1260 2586 1476 2618 Sulmonenses
1486 2596 1552 2617 non
1562 2584 1736 2618 diffitentur
1747 2609 1754 2616 .

1223 2630 1352 2673 Qiarto
1363 2629 1422 2661 fuit
1433 2628 1642 2665 transactum,
1666 2639 1701 2660 ut
1712 2639 1775 2662 una
1792 2629 1865 2661 esset
1876 2627 2015 2667 dignitas
2033 2626 2177 2674 Pi‘aeposi-

1182 2684 1257 2705 turae
1269 2673 1427 2713 utriusque
1446 2672 1606 2710 Ecclesiae:
1629 2674 1835 2713 cujustamen
1856 2671 2086 2704 observantiam
2110 2682 2178 2704 non

1181 2718 1314 2758 probant
1326 2716 1501 2756 scripturae,
1521 2718 1553 2747 ὃς
1575 2716 1683 2747 littera:
1703 2715 1845 2748 exhibitae
1865 2716 1881 2746 a
1901 2714 2176 2747 Sulmonensibus:

1182 2759 1297 2794 namin
1310 2760 1371 2790 illis
1383 2761 1441 2790 hoc
1454 2759 1553 2790 solum
1565 2758 1699 2799 legitur:
1723 2759 1834 2799 nempe
1857 2758 1900 2790 N.
1913 2757 2093 2799 Praeposirus
2104 2757 2178 2789 Val-

1181 2801 1488 2838 ven.&Cationicus
1497 2802 1680 2834 Sulmonen.
1700 2803 1785 2843 quod
1805 2802 1931 2834 tantum
1961 2801 2082 2833 indicat
2104 2801 2180 2832 1³1·ae-

1180 2847 1314 2888 positum
1325 2845 1468 2877 Ecclesia:
1481 2844 1511 2876 S.
1524 2844 1625 2878 Pelini
1636 2845 1770 2877 habuisse
1790 2846 1885 2878 etiam
1897 2843 2133 2877 Canonicatum
2147 2844 2180 2875 in

1182 2889 1319 2921 Ecclesia
1338 2888 1367 2919 S.
1380 2888 1551 2928 Pamphili.

1225 2932 1270 2963 Ac
1284 2934 1410 2974 deinum
1430 2932 1548 2963 omissis
1568 2931 1636 2963 aliis
1660 2931 1830 2964 levioribus
1853 2931 2042 2964 transactum
2062 2930 2125 2962 fuit
2143 2939 2176 2962 ut

1181 2985 1336 3016 peteretur
1363 2975 1567 3008 confirmatio
1596 2975 1812 3015 transachotiis
1840 2975 1858 3006 a
1873 2975 1951 3008 Sede
1971 2974 2149 3014 Apostolica
2168 2995 2178 3008 ,

1180 3021 1264 3060 quod
1277 3018 1419 3050 similiter
1437 3028 1504 3050 non
1513 3018 1633 3049 constat
1643 3017 1758 3050 fassum
1770 3017 1861 3050 fuisse
1874 3042 1881 3049 .

1223 3062 1348 3094 Deinde
1361 3062 1560 3102 respondetur
1567 3072 1722 3102 quatenus
1733 3063 1795 3093 liaec
1806 3063 1885 3093 unio
1897 3060 2083 3093 :iucem-itate
2095 3059 2176 3099 Apo-

1181 3104 1291 3138 stolica
1300 3104 1502 3146 processisset,
1528 3114 1634 3136 tamen
1645 3104 1718 3136 cum
1729 3104 1809 3136 faeta
1819 3104 1910 3138 fuerit
1921 3103 2005 3144 aeque
2018 3102 2176 3142 principa-

1181 3149 1250 3181 liter
1261 3171 1269 3185 ,
1283 3159 1315 3179 tit
1328 3150 1521 3188 praetendunt
1532 3146 1695 3179 Canonici
1707 3148 1922 3180 Sulmonenses
1933 3169 1943 3183 ,
1962 3146 2108 3187 quaelibet
2122 3146 2179 3176 Ec-

1180 3191 1271 3226 clesia
1282 3191 1455 3222 retinuisset
1467 3190 1533 3222 suas
1544 3191 1761 3232 praerogativas
1771 3214 1780 3227 ‚
1801 3193 1834 3223 ὃς
1845 3189 2091 3231 praeeniinentias
2102 3211 2111 3224 ,
2135 3197 2175 3219 ut

1180 3235 1276 3266 tradit
1288 3234 1320 3265 in
1332 3233 1504 3265 unionibus
1514 3233 1601 3275 aeque
1613 3235 1847 3275 principalibus,
1859 3228 2077 3272 Caecialup.in
2088 3231 2177 3263 tran.

1179 3278 1214 3309 de
1225 3279 1320 3309 union.
1332 3286 1394 3308 art.
1408 3275 1497 3316 8.sub
1506 3288 1584 3309 num.
1598 3286 1624 3316 5.
1635 3276 1715 3318 vers.
1728 3276 1764 3310 (ῥ’
1774 3274 1954 3318 hocstmodo
1966 3286 1973 3306 τ
1984 3276 2018 3307 &
2030 3274 2091 3307 late
2103 3285 2178 3306 con-

1181 3321 1196 3352 s
1194 3321 1275 3352 uluit
1287 3318 1563 3360 Mandosaeonfi27.
1574 3330 1625 3361 per
1634 3329 1725 3352 totum
1736 3343 1743 3350 .
1766 3319 1864 3350 Unde
1873 3318 1969 3350 etiam
1980 3317 2078 3358 posit-a
2089 3317 2179 3349 unio-

1183 3364 1231 3395 nis
1249 3363 1413 3394 validitate
1433 3365 1616 3403 pra-cederet
1636 3362 1773 3395 Ecclesia
1793 3360 1971 3398 Valvenfis,
1990 3361 2101 3402 quippe
2110 3368 2178 3402 quae

1183 3405 1267 3448 prius
1277 3416 1342 3438 erat
1354 3405 1572 3443 Catliedmlis,
1591 3408 1625 3438 ὃς
1636 3416 1727 3446 caput
1740 3404 1839 3438 totius
1852 3404 2052 3445 Episcopatus
2064 3428 2072 3436 .

1223 3450 1261 3482 Er
1274 3450 1331 3482 hoc
1345 3451 1440 3482 modo
1454 3446 1576 3482 tollitur
1590 3449 1687 3481 etiam
1697 3449 1938 3481 fundamentum
1949 3450 2034 3489 quod
2047 3447 2176 3479 sumitur

2097 3498 2132 3519 ex

2203 1472 2242 1504 30
