2397 3664
128 2291 148 2311 Ν

132 2593 150 2623 3

237 49 258 94 3
267 39 331 85 ,5
596 26 762 96 prosp.
780 23 848 78 Fa
853 23 1059 92 guauin
1075 22 1295 87 Primum
1311 26 1523 82 Librum
1536 25 1803 85 Decretal.

299 116 538 159 Ji·›1suc0nti·.ilu'
557 127 613 147 non
635 113 748 155 potest,
770 112 808 144 &⁴
825 123 905 143 num.
933 122 1001 150 117.

183 170 242 201 104
263 154 401 206 Prosiffio
411 158 558 199 regularis
578 157 621 189 ad
630 160 680 196 Jui
698 156 900 186 validitatem
919 156 1047 193 requirit
1057 154 1172 196 consen-

297 209 366 244 sum
376 225 386 240 ,
407 213 455 241 qiu
468 202 506 233 ab
523 201 658 240 Ecclesia
670 198 810 238 fiippleri
819 209 875 229 nott
890 207 956 239 pote
969 196 1000 229 l.

182 256 236 286 105
260 247 418 278 maculam
437 245 545 285 fai-tius
555 241 594 282 ‘st
612 251 692 272 inter
712 240 910 281 Episcopum,
980 241 1171 284 Ecclesiam,

302 290 389 327 qua'm
404 282 480 318 mter
499 282 674 327 professum,
696 282 733 315 ὠ
750 284 940 322 religionem.

177 336 233 369 106
254 334 324 364 Voti
338 331 520 371 solemnitas
541 339 579 359 cx
590 326 658 368 sola
674 325 891 369 Constitutione
908 328 937 358 E
940 327 1049 370 cclofiae
1067 325 1109 369 est
1127 329 1173 359 in-

300 383 394 406 venta
410 395 418 403 .

179 427 238 456 107
258 419 287 448 E
295 427 319 447 x
331 415 533 449 translatione
544 414 623 445 locus
641 412 848 449 tantummodo
868 415 1032 451 variatur,
1050 424 1108 446 non
1117 425 1172 446 au-

299 469 359 489 tem
383 457 518 496 dignitas
530 454 725 498 Episcopals's
739 479 746 487 .

180 505 236 535 1-:8
258 504 353 533 Locus
365 500 414 531 vel
419 499 627 540 sublimiorem
637 522 647 536 ,
668 501 722 532 vel
730 496 903 542 inferiorem
915 511 972 533 noti
981 499 1088 533 reddit
1097 502 1126 532 E
1127 502 1173 541 pi-

293 545 416 584 scopum
430 566 437 573 .

180 597 236 623 109
260 585 427 627 Episcopus
437 584 567 619 durante
575 587 697 618 vinculo
715 588 828 627 prioris
846 587 987 630 Ecclesia
1004 598 1061 618 non
1081 584 1174 627 potest

302 628 468 670 consentire
478 631 572 661 alteri
584 632 781 661 matrimonio
784 630 1047 671 spiritualimlia's
1056 632 1172 662 comin-

296 682 381 711 geret
403 674 589 704 adulterium
603 672 789 714 spirituale.

177 726 237 750 110
258 717 446 748 Translatio
465 714 506 757 est
525 714 629 750 modus
646 715 827 757 providendi
845 717 1003 760 Ecclesia,
1017 716 1098 759 ficut
1117 716 1173 748 ele-

302 760 361 793 &io
373 783 380 791 .

180 812 192 834 1
204 812 214 834 1
226 811 236 833 1
265 805 356 844 Papa
369 801 410 843 cst·
422 802 545 844 sponfiis
558 802 742 843 iim-'versalis
754 802 895 845 Ecclefiae
906 826 914 834 .

177 855 190 877 1
200 855 211 877 1
220 857 237 884 2.
259 847 451 879 Translatus
462 847 559 885 quoad
567 848 703 887 primam
715 846 887 889 Ecclefiam
899 844 957 878 hab
963 855 1027 877 etur
1036 854 1089 887 pro
1096 856 1173 877 mor—

302 899 350 920 tuo
359 913 367 921 ο

1214 112 1359 146 Domino
1374 114 1551 144 institutum
1563 133 1574 148 ,
1592 112 1640 142 sed
1663 117 1700 142 ab
1711 111 1894 145 hominibus
1907 111 1940 145 in
1953 112 2089 148 Ecclesia
2100 115 2207 148 inven-

1213 165 1293 191 tum,
1302 165 1402 195 neque
1412 155 1549 195 gratiam
1556 153 1716 190 conferre,
1728 157 1894 187 anatliema
1904 156 1951 187 sit.
1962 157 1999 189 In
2009 161 2153 192 eumdem
2162 170 2210 191 er-

1211 208 1316 233 rorem
1327 197 1456 231 incaute
1468 197 1548 236 lapsa
1556 196 1599 228 est
1609 196 1696 238 gloss.
1710 197 1744 228 in
1753 196 1901 237 cap.Cum
1909 201 1943 231 in
1953 200 2092 244 Ecclesia
2099 205 2133 234 in
2142 213 2208 235 ver.

1213 238 1475 274 Beneditiiombus
1493 238 1664 272 nubentium
1683 239 1740 282 inf.
1751 238 1788 271 de
1797 243 1913 272 Simon.

1255 283 1402 315 Secundo
1413 305 1422 320 ,
1441 283 1514 315 liinc
1528 281 1683 314 Doctores
1691 284 1769 314 colli
1773 293 1864 324 gunt,
1875 284 2034 325 spirituale
2045 288 2208 320 martimo·
2233 294 2250 327 5

1212 326 1302 358 nium
1313 325 1437 367 proprie
1446 326 1578 358 nont-ise
1590 326 1648 358 nisi
1659 327 1744 357 inter
1756 326 1940 368 Episcopum
1948 350 1959 364 ,
1981 330 2015 360 &
2037 328 2209 363 Ecclesiam

1212 369 1227 401 s
1226 380 1295 400 uam
1302 380 1388 405 mam
1397 371 1436 401 de
1449 369 1604 409 Episcopis
1614 372 1777 403 dumtaxat
1788 370 2018 403 authoritatem
2029 373 2210 413 ptaediCkam

1211 413 1368 444 intellexit
1381 412 1518 446 Ecclesia
1529 434 1538 448 ,
1560 423 1626 444 non
1646 422 1752 445 autem
1769 415 1807 445 de
1827 413 2032 446 inferioribus
2051 414 2187 448 Praelatis
2199 438 2208 447 .

1211 455 1348 487 Confert
1360 465 1437 486 text.
1451 456 1483 486 in
1493 454 1682 498 c.chuifisti
1690 455 1904 497 detestam.ibi
1914 469 1924 487 .·
1941 458 2093 503 Quoniam
2104 470 2159 490 non
2169 458 2209 499 est

1211 508 1301 531 tanta
1312 500 1474 531 communio
1483 501 1564 530 inter
1577 501 1603 532 E
1606 508 1635 540 pi
1634 497 1685 538 sco
1686 497 1806 539 puna&
1814 503 1895 531 inter
1902 502 2063 541 Ca'pellas,
2074 502 2126 533 vel
2133 504 2210 534 Μο-

1211 541 1345 583 nasteria
1359 564 1368 578 ,
1382 541 1436 584 stu
1447 542 1515 573 alia
1525 544 1580 584 pia
1591 543 1656 574 loca
1666 563 1677 578 ‚
1686 551 1800 580 quanta
1811 543 1850 583 est
1858 545 1940 575 inter
1951 543 2130 585 Episcopum
2141 566 2151 581 ,
2172 542 2210 576 ά·

1211 585 1382 627 Ecclesiam
1392 588 1452 617 Cat
1457 584 1669 621 hedralem‚cu2
1681 584 1722 625 est
1726 586 1889 626 spirituali
1900 587 2031 626 conjugio
2040 588 2207 628 copulatu13

1211 629 1244 660 δε
1265 627 1425 669 propterea
1447 630 1560 660 dicunt
1586 626 1742 660 Doctores
1764 629 1863 661 solum
1884 629 2069 671 Episcopum
2087 635 2124 662 de
2141 632 2208 672 jure
2229 634 2249 662 6

1211 672 1376 703 communi
1386 672 1497 704 habere
1509 672 1557 714 jus
1568 670 1730 703 deferendi
1741 673 1906 709 annulum,
1918 683 1951 705 ut
1963 685 1995 704 in
2005 675 2148 706 c.Clerici
2159 677 2208 706 in-

1205 713 1261 757 fra*
1271 718 1308 746 de
1317 714 1417 747 vin&
1427 714 1648 756 honest.Cleric.
1659 716 1690 746 δε
1702 725 1792 747 notat
1803 716 1925 747 Butr.in
1934 715 2015 757 c-fin.
2027 729 2055 749 n.
2072 728 2098 750 ι.
2109 715 2147 750 &²
2161 727 2208 758 15.

1204 757 1300 799 siipra'
1310 756 1346 789 de
1358 757 1495 798 postulat.
1508 759 1666 790 pralator.
1685 758 1762 798 quia
1780 758 1935 790 nimirum
1945 759 2007 799 ipse
2016 760 2056 792 est
2068 761 2210 802 proprius
2231 770 2253 800 7

1211 801 1334 842 sponsus
1347 801 1490 832 Ecclesiae
1500 801 1607 838 suae,ut
1619 801 1652 832 in
1662 799 1763 833 ditae.
1773 804 1872 838 Sicut,
1883 802 1938 834 ubi
1951 802 2010 834 hoc
2022 803 2084 836 late
2095 805 2207 845 probat

1210 844 1344 876 Turrec.
1368 846 1400 876 δε
1411 843 1542 885 objeokis
1554 844 1717 885 respondet
1729 867 1737 876 .

1255 888 1341 919 Idem
1351 887 1461 919 docuit
1472 886 1645 919 §.Thomas
1657 888 1691 919 in
1703 898 1733 927 4.
1744 886 1814 927 dist.
1828 897 1977 928 20.art.4.
1990 898 2036 927 qu.
2052 899 2078 921 1.
2089 889 2209 927 dicens,

176 941 234 973 113
259 933 398 975 Ecclesia
410 932 545 973 ficunda
566 931 680 965 dicitur
689 931 822 964 viduata
832 941 887 973 per
897 930 1010 964 obitum
1023 931 1172 974 Episcopi
1203 929 1303 971 filum
1317 930 1495 972 Episcopum
1515 930 1637 971 proprii
1657 930 1720 963 dici
1739 932 1904 963 Praelatum
1924 933 2063 974 Ecclefiae
2074 931 2153 973 suae,
2173 931 2211 966 (θ’

304 975 346 1007 acl
358 987 424 1007 etim
433 977 581 1006 translati
592 1000 599 1006 .

175 1027 239 1058 114
256 1018 356 1050 thua
369 1017 488 1060 essenon
507 1017 616 1059 potest,
635 1029 693 1056 quae
713 1020 815 1050 virum
832 1030 888 1050 non
900 1017 1023 1051 habuit.

176 1069 235 1100 115
258 1063 382 1093 Praelati
395 1071 452 1098 qua
461 1064 580 1093 ratione
592 1061 735 1093 dicantur
746 1063 777 1093 E
781 1062 824 1094 ccl
827 1062 888 1104 efiae
902 1061 1006 1106 sponsi
1015 1086 1023 1098 ,

175 1114 187 1135 1
199 1107 233 1135 16
255 1102 393 1144 Christus
410 1104 494 1145 solus
506 1102 547 1145 est
556 1105 674 1146 proprie
684 1104 812 1146 sponsus
823 1103 965 1147 Ecclesiae
974 1130 982 1138 .

174 1156 188 1179 1
200 1156 235 1185 17
257 1146 423 1188 Episcopus
433 1158 507 1186 eque
517 1146 689 1189 aiaſsalvitur
700 1148 720 1179 ‚i
732 1149 852 1180 vinculo
864 1151 892 1180 E
895 1150 1002 1192 ccleſsae
1011 1158 1063 1190 per
1071 1158 1174 1181 trans-

299 1191 446 1223 lationem
459 1214 467 1227 ,
486 1203 524 1223 nc
533 1201 584 1232 per
593 1192 742 1233 cefflonem
753 1214 762 1228 ‚
786 1192 839 1225 vel
849 1192 921 1233 depo
917 1193 1061 1236 fitionem
1079 1215 1087 1224 .

176 1235 235 1266 118
257 1235 314 1265 Vir
326 1233 444 1275 solutus
453 1234 473 1266 a'
487 1236 603 1267 vinculo
613 1237 804 1266 matrimonii
822 1245 888 1266 tam
907 1236 1045 1268 carnalis
1056 1258 1066 1273 ,
1085 1235 1174 1274 qua‘m

297 1276 480 1319 spiritualis
490 1281 552 1317 cogi
572 1289 630 1310 non
649 1280 741 1319 potest
751 1279 846 1310 alteri
856 1277 963 1313 nubere
974 1302 982 1313 .

176 1329 235 1358 119
257 1320 428 1363 Episcopus
445 1333 487 1353 an
505 1323 567 1361 cogi
586 1323 670 1364 poffit
693 1321 855 1362 causative
871 1345 880 1359 ‚
912 1332 943 1354 ut
972 1322 1173 1356 translationi·

301 1364 344 1396 ad
360 1364 526 1406 secundam
537 1366 708 1408 Ecclefiam
729 1364 897 1406 consentiat
908 1389 916 1399 .

257 1407 430 1449 Postulatus
440 1418 469 1440 et
483 1422 494 1441 ι
506 1406 682 1451 beneficiari
688 1420 745 1440 non
754 1409 836 1450 possit
845 1409 964 1450 precise
972 1411 1092 1442 invitus
1101 1431 1112 1446 ,
1121 1418 1173 1441 ta-

301 1462 368 1483 men
378 1461 444 1493 pote
481 1454 544 1491 cogi
554 1474 564 1488 ,
584 1461 617 1483 ut
625 1450 662 1484 de
672 1452 789 1484 nolente
793 1450 858 1494 fiat
869 1454 972 1485 volens
983 1476 993 1490 ‚
1010 1451 1085 1485 ibid.

175 1503 236 1531 320
256 1493 424 1537 Epist-opus
435 1498 466 1527 in
479 1495 566 1527 dubio
576 1507 616 1527 an
627 1505 749 1534 cogatur
764 1495 896 1539 tranfire
905 1519 916 1533 ,
935 1495 984 1529 ubi·
1003 1507 1060 1528 non
1081 1505 1173 1538 appa-

291 1539 345 1570 'ret
356 1561 365 1575 ,
385 1551 426 1570 an
445 1539 615 1570 translatio
627 1536 726 1580 fuerit
739 1537 828 1581 falla
848 1551 888 1572 ex
904 1539 996 1580 causa
1005 1551 1095 1572 necne
1106 1562 1114 1577 ‚
1135 1545 1173 1572 U*

300 1593 379 1612 num.
397 1582 478 1622 seqq.

177 1633 190 1655 1
199 1635 213 1654 2
223 1634 235 1655 1
259 1624 363 1665 Causa
374 1625 560 1666 presumitur
570 1627 603 1657 in
614 1627 758 1666 Principe
767 1628 862 1659 etiam
873 1628 906 1658 in
917 1626 965 1659 his
974 1649 982 1664 ‚
993 1637 1050 1666 quae
1061 1636 1174 1667 compe-

297 1677 364 1700 tunt
375 1670 471 1700 alicui
481 1670 518 1700 de
532 1670 736 1707 juregentium
747 1691 757 1706 ‚
777 1670 829 1702 vel
847 1669 884 1701 de
900 1670 965 1709 jure
975 1671 1083 1702 divino
1092 1692 1103 1707 ,
1123 1669 1173 1703 ubi

290 1711 419 1751 solitum
429 1711 469 1752 est
488 1712 662 1753 dispensari
674 1736 682 1744 .

172 1764 229 1792 122
252 1756 429 1787 Monachus
449 1766 500 1796 per
520 1760 643 1796 Papam
654 1756 826 1789 translatus
836 1754 1046 1797 adsecund'um
1057 1759 1174 1790 Mona-

290 1797 420 1840 stertum
441 1811 482 1830 aa
510 1800 594 1841 poffit
621 1799 665 1831 ad
684 1802 816 1841 primum
835 1802 937 1832 red-ire
949 1796 1018 1844 stne
1045 1801 1172 1832 licentia

302 1845 392 1883 Papae
404 1866 411 1875 .

174 1896 186 1919 Ι
194 1897 210 1917 2
218 1896 233 1927 3
257 1886 443 1918 Translata
453 1898 494 1917 an
504 1887 658 1927 censeatur
672 1886 761 1929 sabla
781 1885 818 1918 de
829 1886 976 1929 Episcopo
983 1899 1040 1919 non
1049 1889 1061 1918 i
1063 1889 1151 1919 nvi'to
1162 1909 1172 1924 ‚

296 1929 365 1961 cam
376 1941 436 2006 noi}
444 1939 572 2004 apdparet
583 1953 593 1967 ‚
613 1941 654 1968 aa
673 1932 763 1971 Papa
785 1930 952 1973 processerit
962 1929 1152 1973 pro-videndo
1163 1953 1173 1967 ,

308 1984 355 2005 vel
379 1985 417 2004 nu
439 1985 473 2005 en
497 1984 512 2003 o
522 1996 530 2004 .

246 2060 347 2093 Uanto
358 2085 365 2093 .
388 2061 556 2103 Episcopus
569 2085 579 2099 ,
601 2062 656 2102 qui
667 2062 791 2103 propria
802 2062 994 2094 authoritate
1005 2064 1041 2094 de
1053 2061 1104 2094 sua
1114 2061 1173 2093 Ec-

170 2066 243 2146 Ο
266 2105 358 2137 clesia
376 2106 404 2137 se
425 2106 575 2136 transfert
595 2108 631 2136 ad
655 2106 749 2136 aliam
759 2128 768 2142 ,
792 2106 913 2137 carebit
924 2116 1056 2147 utraque
1069 2129 1076 2135 .
1099 2106 1173 2137 Hoc

172 2152 222 2176 du.
231 2159 253 2178 ιι
265 2160 271 2180 2
296 2151 326 2180 δι’
340 2149 513 2180 secundum
526 2158 665 2181 mentem
676 2159 738 2184 tres
758 2150 850 2180 habet
871 2159 973 2189 partes
984 2172 992 2180 .
1014 2148 1118 2180 Prima
1129 2148 1173 2180 fa-

171 2189 257 2222 c‘tuin
277 2202 384 2224 narrat
399 2215 406 2223 .
427 2192 573 2225 Secunda
590 2201 740 2233 aggravat
759 2214 769 2228 ,
801 2192 866 2229 ibi,
898 2193 974 2224 Non
995 2194 1155 2223 attendens
1164 2215 1171 2223 .

171 2232 284 2266 Tertia
294 2235 385 2276 punit
396 2257 405 2271 ‚
428 2236 496 2272 ibi,
516 2237 571 2267 Ne
581 2245 683 2266 autem
693 2258 701 2266 .
872 2242 876 2245 “

213 2277 306 2311 Nota
316 2279 420 2319 primo
430 2301 440 2316 ,
461 2279 684 2310 auotoritatem
694 2279 782 2310 illam
793 2278 910 2311 Matth.
931 2289 979 2315 19.
1000 2277 1151 2310 videlicet
1165 2290 1172 2309 z

169 2321 255 2366 Quos
266 2323 349 2354 Deus
359 2321 518 2360 conjunxit
529 2322 610 2354 homo
621 2333 678 2353 non
690 2320 815 2362 separet
824 2344 834 2358 ‚
853 2323 912 2355 esse
932 2321 1174 2362 intelligendam

170 2375 238 2396 non
249 2365 378 2399 tantum
387 2368 425 2397 de
434 2366 645 2399 matrimonio
655 2367 803 2402 carnali,
815 2375 849 2396 ut
862 2366 893 2397 in
905 2375 970 2406 cap.
983 2366 1067 2408 Qos
1078 2367 1174 2401 Deus,

168 2405 208 2440 Θ
218 2410 346 2449 cap.An
356 2407 432 2448 quod
445 2419 495 2450 33.
508 2407 805 2450 qu.2.&incap.Ad
814 2410 927 2441 limina
941 2419 989 2450 30.
1003 2419 1048 2447 qu.
1066 2418 1089 2438 t.
1102 2406 1138 2439 ὠ
1148 2419 1173 2439 c.

162 2449 222 2493 fin.
235 2453 292 2495 ins.
305 2452 368 2484 eod.
379 2453 427 2484 sed
440 2454 538 2485 etiam
549 2455 587 2484 de
597 2453 809 2484 matrimonio
821 2452 990 2493 spirituali,
999 2453 1084 2494 quod
1096 2461 1174 2482 con-

169 2495 309 2527 trahitur
321 2496 408 2528 inter
419 2495 618 2538 Episcopum,
629 2498 661 2527 &
675 2495 848 2527 Ecclesiam
860 2518 869 2532 ‚
880 2506 914 2527 ur
926 2495 977 2526 liic
991 2505 1087 2536 patet.
1105 2493 1175 2527 Un-

172 2538 211 2569 de
226 2539 330 2579 primo
340 2539 499 2581 colligunt
511 2539 694 2572 DD.valere
706 2548 928 2580 argumentum
938 2542 956 2570 a
965 2538 1175 2570 matrimonio

173 2583 298 2614 carnali
309 2585 346 2614 ad
360 2583 520 2623 spirituale
531 2606 541 2620 ,
562 2582 636 2615 cum
648 2593 818 2625 utrumque
831 2582 867 2614 sit
878 2585 915 2614 de
930 2582 994 2623 jure
1005 2581 1137 2617 divino,
1148 2592 1173 2613 c.

171 2627 257 2669 Sycut
267 2628 336 2662 vir,
349 2627 386 2658 &⁹
396 2629 553 2667 cap-Sicut
563 2628 657 2659 alteri
661 2638 693 2657 us
704 2636 734 2665 7,
744 2636 790 2665 qu.
807 2635 898 2666 neap.
912 2624 1100 2667 Proxsupra
1111 2622 1174 2656 eod.

173 2673 209 2698 (9⁴
219 2668 302 2709 infra
311 2669 467 2710 capseqq.
479 2669 515 2703 &
525 2680 591 2711 cap.
602 2668 938 2714 Qoniamfrequenter
947 2692 957 2706 ,
971 2672 998 2707 ᾗ.
1011 2672 1103 2701 Porro
1114 2690 1123 2705 ‚
1143 2676 1176 2701 nt

173 2711 228 2740 lite
237 2723 292 2742 non
302 2713 418 2753 contest.
433 2716 466 2746 &
476 2713 526 2746 liic
540 2724 656 2746 notant
669 2714 791 2745 Anton.
803 2716 841 2745 de
852 2714 939 2745 Butr.
949 2724 999 2744 nu.
1009 2724 1038 2743 z.
1051 2714 1082 2744 ὃς
1095 2712 1175 2743 Abb.

173 2764 253 2786 num.
269 2764 293 2785 1.
305 2754 387 2798 Cyn.
399 2757 500 2800 Salyc.
516 2760 548 2790 &
562 2757 689 2798 Legistae
699 2757 732 2788 in
744 2758 840 2788 Autb.
861 2757 941 2800 Ntfi
955 2759 1077 2795 rogati,
1098 2753 1173 2787 Cod.

175 2795 233 2828 Ad
246 2797 378 2830 Trebell.
401 2800 449 2832 De
470 2812 534 2842 quo
555 2801 606 2833 dic
619 2824 629 2837 ,
648 2811 683 2832 ut
694 2810 824 2832 notatur
834 2803 868 2831 in
880 2809 945 2840 cap.
956 2801 1037 2832 Cum
1047 2797 1126 2840 apud
1136 2798 1174 2829 de

174 2838 314 2880 Sponsal.
327 2840 363 2872 &³
374 2853 423 2881 pet
446 2844 535 2884 Joan.
558 2845 657 2877 Andr.
668 2844 703 2875 in
724 2853 792 2885 cap.
807 2845 879 2875 Tuae
891 2845 952 2874 eod.
972 2847 1024 2874 tit.
1044 2842 1082 2874 Et
1105 2842 1175 2874 vide

176 2892 240 2930 tres
262 2885 416 2917 notabiles
434 2887 628 2920 differentias
643 2910 652 2924 ,
676 2898 752 2929 quas
775 2887 859 2918 inter
880 2896 1049 2928 utrumque
1066 2886 1176 2927 conju-

176 2936 266 2966 gium
282 2928 371 2966 ponit
383 2929 466 2960 idem
479 2931 595 2969 Abb.in
610 2931 669 2972 sua
678 2930 828 2972 quasti-:one
837 2932 939 2971 prima
950 2952 960 2966 ,
970 2940 1038 2971 quae
1051 2929 1176 2969 incipit,

176 2968 354 3010 Episcopus,
366 2969 402 3001 &⁴
413 2972 534 3008 quidam
546 2975 650 3007 Reiior
660 2998 668 3006 .
679 2975 733 3007 col.
748 2985 778 3014 4.
788 2986 835 3005 nu.
847 2983 878 3012 7.
890 2972 968 3013 vers.
981 2974 1052 3005 Nec
1064 2975 1175 3003 mirum

171 3013 327 3055 finonita
344 3011 443 3054 facile
455 3015 597 3054 solvitur.
617 3017 685 3050 Iino
705 3017 825 3057 viginti
846 3027 907 3049 tres
918 3016 1112 3048 differentias
1124 3026 1178 3046 cu-

178 3056 278 3088 mulat
288 3056 433 3087 Everard.
445 3058 541 3098 insua
552 3063 697 3093 Centuria
709 3084 718 3099 ‚
731 3062 764 3093 in
775 3061 847 3092 loco
859 3061 876 3091 a
887 3059 1098 3092 matrimonio
1109 3069 1177 3090 car-

137 3113 159 3142 ,ι
179 3099 244 3131 nali
255 3101 292 3133 ad
305 3099 463 3140 spirituale
475 3100 495 3132 d
504 3113 586 3136 n.10.
598 3103 848 3145 usque-infinem.
869 3103 958 3137 Cave
969 3113 1075 3135 tamen
1085 3103 1122 3134 ab
1142 3113 1178 3133 o—

178 3142 269 3177 ‹stava
280 3142 479 3181 differentia,
490 3155 585 3185 quam
599 3147 641 3177 ibi
654 3149 742 3186 ponit
754 3171 764 3183 ,
785 3148 893 3179 dicens
907 3159 915 3176 :
929 3146 1177 3178 Matrimonium

181 3186 340 3226 spirituale
353 3186 465 3218 habere
477 3187 510 3218 iri
522 3188 550 3219 sc
561 3189 678 3228 aliquid
695 3191 770 3222 Ειειί
784 3214 792 3227 ,
805 3193 878 3222 cum
891 3193 982 3224 detur
993 3199 1116 3231 propter
1125 3192 1176 3220 ad-

182 3229 450 3262 ministrationem
464 3229 752 3269 Sacramentoiiim,
762 3236 793 3265 ὃ(
806 3235 989 3265 divinorum
994 3244 1004 3269 ;
1013 3233 1179 3264 matrimo—

185 3273 277 3303 nium
289 3271 364 3306 vero
374 3275 500 3306 carnale
512 3274 590 3305 nihil
605 3275 636 3305 in
649 3274 676 3305 se
686 3276 913 3314 spiritualitatis
924 3277 1049 3313 habere,
1060 3286 1118 3308 nec
1128 3285 1179 3316 per

187 3315 265 3345 illud
278 3316 413 3355 gratiam
425 3316 583 3349 conferri.
606 3317 685 3359 Haec,
702 3319 788 3350 enim
808 3320 848 3350 est
867 3320 984 3351 haeresis
995 3323 1144 3352 damnata
1162 3324 1179 3349 a

182 3356 380 3406 T'tidetiti'na
391 3359 592 3402 Synodostff.
606 3372 646 3401 24
656 3360 705 3395 .de
715 3365 911 3394 Sat-ramento
921 3367 1145 3396 sldatrim.ctin.
1154 3372 1178 3393 1.

181 3400 297 3441 Siquis
312 3404 427 3434 dixerit
440 3404 691 3436 Matrimonium
707 3415 771 3435 non
781 3406 838 3436 elle
850 3406 920 3437 vere
932 3429 942 3443 ,
961 3411 993 3439 <Se
1003 3404 1126 3448 proprie
1147 3415 1181 3436 ιι-

187 3455 266 3479 num
287 3455 324 3477 ex
343 3445 457 3489 septem
477 3447 555 3489 legis
573 3447 774 3491 Euangelicae
790 3448 1001 3484 Sacramentis
1018 3451 1036 3481 :i
1054 3448 1181 3483 Christo

1211 972 1277 1005 ideo
1290 974 1467 1020 Episcopum
1479 972 1577 1014 solum
1588 985 1644 1012 qua
1641 975 1674 1017 si
1686 973 1826 1015 sponfiim
1844 977 1976 1015 recipere
1994 977 2137 1008 annulum
2151 978 2209 1007 Ec-

1210 1018 1312 1061 clefiae.
1324 1017 1364 1050 Et
1375 1018 1408 1049 in
1420 1016 1650 1059 4.sentent.dist.
1663 1029 1714 1055 29.
1725 1027 1752 1055 q.
1764 1027 1855 1058 3.art,
1868 1028 1895 1059 3.
1906 1021 1939 1049 in
1949 1028 2087 1059 corpore,
2100 1019 2153 1051 ubi
2163 1019 2209 1050 ait

1211 1071 1263 1100 per
1283 1062 1436 1103 annulum
1458 1061 1627 1101 fignificari
1649 1061 1854 1093 Sacramenta
1872 1062 1966 1098 fidei,
1987 1073 2049 1103 qua
2071 1062 2210 1095 Ecclesia

1212 1103 1412 1144 desponsa-tur
1422 1103 1564 1137 Clirisso:
1587 1104 1731 1146 Episcopi
1749 1105 1836 1136 enim
1856 1104 1925 1136 sunt
1944 1105 2089 1137 Ecclesiae
2099 1105 2209 1147 Sponsi

1212 1148 1285 1178 loco
1296 1146 1412 1180 Christi
1424 1171 1432 1179 .
1454 1147 1586 1189 Reliqui
1606 1158 1710 1180 autem
1732 1147 1854 1179 Praelati
1876 1147 2044 1181 inferiores
2054 1160 2119 1181 non
2139 1150 2210 1182 sunt

1210 1190 1319 1232 sponsi
1339 1190 1482 1223 Ecclefiae
1492 1213 1502 1228 .,
1524 1201 1583 1223 nec
1605 1201 1678 1223 cum
1697 1191 1742 1223 eis
1762 1192 1885 1232 propi-ie
1906 1192 1948 1224 est
1966 1193 2210 1224 matrimonium

1211 1233 1370 1274 spirituale
1380 1256 1390 1271 ,
1412 1244 1447 1266 ut
1459 1244 1546 1267 tenet
1557 1234 1686 1266 Arcliid.
1698 1234 1734 1266 in
1746 1237 1855 1266 eodem
1871 1246 1936 1276 cap.
1946 1238 2033 1267 Sicut
2043 1258 2053 1272 ,
2075 1236 2162 1268 Butr.
2174 1236 2209 1268 in

1211 1278 1241 1309 d.
1252 1276 1468 1320 cap.fin.num.
1484 1287 1530 1317 15.
1541 1279 1573 1310 &
1587 1278 1631 1310 ibi
1642 1278 1739 1310 etiaim
1753 1279 1832 1309 Abb.
1843 1278 2048 1318 num.5.licet
2060 1279 2209 1311 intereos

1211 1320 1249 1352 sit
1265 1320 1351 1361 quasi
1372 1321 1615 1353 matrimonium
1636 1343 1646 1358 ,
1676 1331 1750 1353 cum
1783 1331 1909 1362 propter
1937 1333 2047 1354 eorum
2071 1333 2209 1354 mortem

1211 1363 1354 1396 Ecclefiae
1365 1363 1514 1396 dicantur
1527 1364 1659 1397 viduatae
1668 1387 1678 1402 ,
1688 1375 1722 1396 ut
1732 1365 1767 1396 in
1778 1374 1843 1405 cap.
1856 1367 1910 1397 Ne
1919 1374 1972 1406 pro
1982 1364 2098 1407 defec‘lu
2107 1387 2117 1402 ,
2128 1365 2165 1397 (ῥ’
2175 1368 2210 1397 in

1211 1419 1236 1440 c.
1247 1408 1333 1452 Qia
1351 1416 1471 1448 propter
1481 1430 1490 1443 ,
1512 1408 1601 1440 &ibi
1612 1409 1732 1448 glomi.
1736 1410 1832 1449 supra
1840 1411 1892 1442 tit.
1894 1411 2034 1449 proximo
2046 1432 2054 1440 .
2065 1408 2104 1440 Et
2115 1407 2212 1440 latius

1210 1451 1331 1482 dicitur
1344 1450 1586 1482 matrimonium
1607 1451 1690 1483 inter
1704 1451 1873 1485 Rectorem
1884 1474 1894 1489 ‚
1916 1454 1948 1484 &
1960 1452 2131 1483 Ecclesiam
2144 1474 2154 1489 ‚
2173 1461 2209 1484 ut

1211 1494 1316 1535 inquit
1329 1494 1662 1535 gloll'.antepenultima
1674 1497 1706 1526 in
1718 1505 1784 1536 cap.
1798 1495 1920 1529 Dudum
1931 1518 1941 1532 ,
1960 1496 1984 1526 il
1987 1494 2113 1535 secondo
2116 1494 2212 1536 supra

1211 1537 1248 1569 de
1259 1539 1376 1570 eleth&
1389 1538 1501 1570 Innoc.
1512 1540 1545 1569 in
1555 1547 1622 1578 cap.
1633 1539 1788 1581 Quoniam
1802 1560 1812 1575 ‚
1833 1537 1973 1580 §.Lversss
1984 1541 2022 1571 Si
2034 1550 2104 1570 vero
2113 1538 2211 1580 insi-ei,

1211 1590 1243 1612 ut
1253 1582 1309 1612 lite
1316 1592 1372 1612 non
1383 1579 1538 1621 contest&
1550 1582 1696 1613 latislime
1711 1583 1795 1613 inter
1805 1584 2001 1623 praebendam
2011 1604 2021 1619 ,
2031 1583 2064 1614 &
2075 1585 2211 1623 praeben-

1210 1628 1319 1656 darum
1329 1647 1338 1661 ,
1361 1635 1393 1656 ut
1406 1624 1439 1656 in
1449 1636 1473 1656 c.
1479 1624 1634 1656 Accedens
1643 1624 1679 1656 de
1689 1625 1810 1665 praeben.
1820 1626 1852 1656 &
1863 1635 1955 1658 notat
1967 1625 2089 1659 Eun-‚in
2097 1622 2211 1669 d.c.fin.

1210 1679 1290 1699 uum.
1304 1679 1319 1699 2
1326 1680 1354 1710 5.
1366 1669 1403 1699 de
1413 1667 1552 1709 postulat.
1569 1669 1692 1702 Praelat.
2184 1696 2187 1698 .

1255 1710 1403 1744 Secundo
1418 1719 1494 1742 nota
1506 1712 1550 1744 ibi
1564 1733 1575 1748 ,
1595 1712 1671 1743 Non
1678 1715 1758 1744 enim
1778 1711 1862 1744 homo
1873 1734 1883 1749 ,
1896 1710 1953 1753 sed
1967 1714 2049 1746 Deus
2064 1710 2194 1754 separat
2203 1734 2210 1743 .
2233 1714 2254 1743 8

1212 1754 1337 1786 Fadium
1350 1754 1367 1785 a
1380 1754 1460 1795 Papa
1472 1755 1615 1786 censetur
1630 1755 1744 1787 factum
1765 1758 1781 1786 a
1802 1754 1892 1791 Deo,
1916 1757 2005 1798 cujus
2016 1756 2118 1788 vicem
2130 1755 2211 1796 Papa

1211 1798 1294 1839 gerit
1308 1799 1340 1829 in
1353 1799 1443 1829 terris
1455 1821 1463 1829 .
1486 1797 1596 1835 Unde,
1611 1809 1643 1830 ut
1656 1799 1843 1831 notabiliter
1853 1799 1904 1830 liic
1916 1798 1960 1829 ait
1971 1799 2060 1830 Holl.
2075 1811 2154 1831 num.
2163 1810 2173 1831 1
2182 1809 2209 1831 ι.

1211 1845 1244 1872 in
1254 1853 1318 1873 ver.
1331 1844 1454 1873 Vitem:
1477 1841 1706 1874 Consistorium
1719 1843 1794 1878 Dei,
1806 1845 1838 1874 be
1851 1841 1938 1882 Papae
1948 1864 1959 1879 ,
1970 1853 2068 1874 unum
2080 1845 2112 1875 &
2126 1843 2212 1875 idem

1211 1885 1252 1916 est
1265 1885 1455 1916 censendum
1468 1908 1477 1916 .
1499 1884 1600 1926 Cujus
1612 1885 1731 1917 dictum
1744 1891 1882 1926 sequitur
1905 1885 1997 1924 Joan.
2007 1885 2108 1918 Andr.
2118 1897 2165 1918 nu.
2175 1897 2209 1927 3.

1210 1931 1243 1960 in
1253 1940 1318 1960 ver.
1329 1929 1405 1959 Non
1414 1939 1493 1960 enim
1505 1951 1515 1965 ,
1537 1931 1569 1959 ἃ
1581 1928 1796 1960 Doctoresliic
1808 1951 1818 1964 ‚
1837 1933 1870 1959 oe
1890 1928 1980 1959 valde
1991 1928 2117 1960 extollit
2130 1930 2210 1960 Abb.

1211 1974 1244 2003 in
1255 1972 1404 2013 praealleg.
1416 1982 1461 2009 qu.
1470 1982 1494 2004 1.
1506 1983 1570 2003 nun,
1579 1995 1587 2002 .
1603 1982 1628 2003 1.
1639 1973 1692 2003 col.
1705 1983 1734 2002 2.
1743 1971 1823 2011 vcrfi
1837 1969 1974 2012 Hostien.
1986 1983 2075 2008 vero,
2096 1974 2129 2004 ὃ(
2140 1982 2211 2013 pro-

1212 2016 1304 2048 batur
1315 2025 1380 2056 arg.
1390 2026 1414 2047 c.
1423 2025 1448 2048 1.
1461 2020 1497 2049 67·
1510 2026 1538 2048 2.
1544 2013 1640 2056 supra*
1650 2015 1711 2048 eod.
1723 2014 1760 2048 Φ
1769 2017 1935 2050 c.Romana
1946 2018 1980 2047 in
1990 2024 2087 2055 primo
2096 2015 2210 2057 respm.

1212 2060 1247 2090 de
1257 2060 1367 2099 appell.
1379 2058 1431 2091 lib.
1444 2062 1474 2091 6.

1255 2101 1355 2134 Unde
1367 2102 1549 2139 inserturum
1560 2102 1637 2134 sicut
1648 2102 1666 2134 a
1678 2102 1811 2134 Vicario
1823 2102 1967 2143 Episcopi
1978 2105 2015 2134 ad
2028 2103 2213 2144 Episcopum
2232 2113 2252 2140 9

1212 2157 1279 2178 non
1294 2146 1475 2177 admittitur
1486 2146 1654 2186 appellatio
1664 2168 1673 2182 ,
1696 2157 1728 2177 ut
1742 2147 1773 2177 in
1786 2144 2120 2187 c.2.deConfi1et.lib.6.
2133 2147 2169 2178 G*
2180 2146 2210 2178 d.

1212 2192 1379 2222 oxomam
1394 2200 1406 2225 ;
1429 2190 1625 2221 itaneliceat
1638 2191 1790 2230 appellare
1809 2200 1826 2220 a
1844 2189 1994 2220 Romano
2006 2190 2160 2221 Pontifice
2173 2191 2211 2222 ad

1212 2232 1368 2264 Tribunal
1380 2231 1499 2264 Christi
1510 2255 1518 2262 .
1540 2233 1588 2264 Ita
1598 2230 1769 2264 Collectar.
1782 2233 1814 2263 in
1825 2234 1926 2276 aQuae
1936 2235 2088 2264 multoties
2103 2233 2140 2272 de
2149 2244 2211 2271 reg.

1212 2276 1269 2316 jur.
1289 2286 1384 2316 quem
1396 2274 1490 2306 refert
1502 2297 1512 2311 ,
1533 2276 1716 2316 &sequitur
1726 2274 1853 2315 Praepos.
1864 2287 1897 2307 m
1905 2278 2032 2308 Summa
2049 2285 2096 2316 15.
2108 2274 2211 2316 distat.

1212 2328 1266 2358 72.
1277 2318 1357 2359 vers.
1368 2320 1425 2350 Ex
1433 2318 1684 2350 determinatione
1699 2317 1836 2359 praeaiffi
1849 2319 1976 2350 articuli
1988 2341 1996 2350 .

1258 2361 1389 2392 Ultimo
1400 2371 1477 2393 nota
1486 2383 1496 2398 ‚
1519 2361 1704 2401 Episcopum
1718 2372 1782 2393 non
1806 2363 1886 2402 porl'e
1908 2363 1936 2393 se
1957 2365 1993 2394 ad
2008 2363 2102 2394 aliam
2113 2362 2220 2395 Eccle-
2240 2372 2279 2395 ιο

1215 2405 1291 2437 siam
1302 2404 1470 2436 transferre
1482 2404 1544 2436 sine
1556 2404 1697 2436 Romani
1709 2404 1874 2438 l’ontificis
1886 2405 2212 2438 authoritate-Ratio-

1214 2459 1286 2480 nem
1297 2448 1400 2479 reddit
1412 2457 1515 2479 textus
1525 2450 1557 2479 in
1567 2446 1739 2490 cfin-supra'
1748 2448 1785 2479 de
1793 2447 2064 2492 postul.Praelat.&
2073 2451 2106 2480 in
2116 2449 2210 2480 c.Nt'-

1207 2492 1241 2535 fi
1249 2491 1317 2525 cam
1327 2490 1456 2532 pridem,
1467 2493 1499 2522 in
1509 2494 1656 2523 extremis
1667 2489 1770 2524 verbis
1780 2491 1865 2534 infra
1874 2492 1911 2523 de
1919 2496 2036 2524 renunt.
2049 2492 2212 2527 videlieet,

1214 2536 1291 2576 quia
1300 2535 1357 2566 suae
1369 2535 1515 2576 alligatus
1527 2535 1669 2566 Ecclesia:
1681 2536 1812 2567 liberum
1835 2547 1899 2567 tion
1919 2535 2010 2568 liabct
2031 2536 2143 2577 absque
2154 2535 2212 2566 Pa-

1214 2589 1257 2619 pae
1268 2577 1467 2619 permissione
1481 2579 1619 2610 volatum
1632 2589 1643 2615 ,¹
1669 2578 1763 2620 idque
1785 2589 1910 2620 propter
1930 2579 2212 2620 spiritualelconju-

1215 2623 1303 2663 gium
1316 2632 1388 2652 cum
1402 2621 1540 2654 Ecclesia
1550 2622 1667 2654 initum
1679 2645 1689 2659 ,
1709 2624 1800 2667 cujus
1818 2623 2054 2654 dissolutionem
2065 2622 2212 2662 omnipo-

1215 2675 1286 2698 tens
1296 2664 1383 2696 Deus
1393 2665 1448 2696 suo
1458 2665 1584 2698 tantum
1596 2665 1720 2707 judicio
1729 2688 1740 2702 ‚
1759 2669 1791 2698 &
1815 2666 1956 2698 Romani
1968 2665 2132 2696 Pontificis
2144 2666 2212 2707 ejus

1215 2709 1339 2740 Vicarii
1351 2708 1519 2740 reservavit
1530 2732 1539 2746 ‚
1551 2719 1585 2740 ιιι
1600 2710 1714 2750 legitur
1727 2709 1759 2741 in
1770 2712 1946 2742 c.Proxtmo
1954 2707 2050 2750 fiipra
2061 2708 2125 2740 eod.

1257 2751 1439 2792 QUAERO
1448 2774 1459 2789 ,
1478 2763 1518 2784 an
1527 2753 1673 2785 Summus
1693 2752 1840 2785 Pontifex
1860 2752 1951 2793 poffit
1974 2752 2160 2793 Episcopum
2170 2750 2219 2783 in·
2240 2761 2274 2784 11

1215 2795 1318 2827 vitum
1328 2806 1365 2827 ex
1376 2806 1440 2827 una
1449 2797 1484 2827 in
1495 2796 1591 2828 aliam
1602 2796 1772 2828 Ecclesiam
1793 2795 1960 2828 transferte.
1969 2818 1977 2827 .

1259 2839 1334 2871 Haec
1357 2839 1557 2880 investigatio
1577 2838 1746 2880 plurimum
1763 2839 1898 2880 prodesse
1919 2839 2018 2879 potest
2039 2840 2076 2871 ad
2097 2838 2212 2880 digno-

1216 2883 1364 2914 scendum
1372 2905 1389 2922 δ
1404 2893 1444 2914 an
1454 2882 1654 2914 Cathedralis
1674 2882 1812 2914 Ecclesia
1831 2892 1922 2915 vacet
1930 2885 1948 2913 a
1959 2892 2099 2923 tempore
2110 2891 2214 2914 trans-

1217 2927 1349 2958 lationis
1363 2925 1446 2957 faetae
1458 2936 1510 2966 per
1523 2925 1634 2966 Papam
1645 2948 1654 2962 ‚
1668 2936 1707 2958 an
1721 2925 1795 2958 vero
1806 2927 1821 2957 :i
1833 2935 1972 2966 tempore
1983 2925 2213 2966 acceptationis

1216 2969 1360 3010 Episcopi
1372 2968 1610 3011 translati-Qia
1620 2971 1658 3000 de
1670 2979 1702 3001 re
1715 2968 1775 3001 fuit
1786 2970 1865 3001 olim
1878 2970 1973 3001 ardua
1983 2969 2114 3010 quaestio
2127 2968 2159 3000 in
2172 2968 2214 3000 E·-

1217 3013 1343 3054 piscopo
1355 3012 1540 3045 Florentino
1549 3012 1582 3044 in
1594 3012 1732 3044 absentia
1742 3015 1778 3044 :id
1798 3012 2042 3044 Cardinalatum
2064 3021 2213 3052 promoto

1218 3057 1255 3087 ab
1268 3055 1404 3087 Urbano
1415 3056 1468 3086 VI.
1481 3055 1628 3087 Nuceriae
1648 3055 1765 3087 obsesso
1776 3080 1784 3089 .
1802 3055 1994 3088 Vertebatur
2011 3056 2098 3088 enim
2113 3055 2145 3086 in
2155 3057 2212 3086 du-

1218 3099 1304 3131 bium
1316 3121 1324 3135 ‚
1346 3110 1385 3131 :in
1406 3098 1608 3139 Episcopatus
1629 3108 1754 3130 vacaret
1774 3100 1791 3130 ii
1813 3109 1956 3141 tempore
1977 3110 2042 3141 quo
2063 3098 2122 3130 fuit
2143 3108 2212 3139 pro-

1217 3141 1384 3174 nuntiatus
1404 3141 1586 3175 Cardinalis
1598 3164 1608 3178 ,
1629 3152 1668 3173 ari
1689 3142 1764 3173 vero
1783 3143 1800 3174 :i
1822 3153 1962 3183 tempore
1986 3141 2212 3175 ratificationis

1217 3189 1381 3219 dumtaxat
1395 3197 1403 3222 ·,
1423 3189 1454 3218 &
1464 3184 1618 3217 Doctores
1638 3184 1765 3217 fuerunt
1785 3186 1884 3223 varii,
1905 3197 1939 3218 ut
1960 3187 2055 3219 refert
2074 3186 2154 3217 Abb.
2178 3185 2213 3217 in

1218 3229 1329 3271 asiam.
1347 3229 1491 3270 13.J12pra
1503 3230 1538 3260 de
1547 3227 1650 3269 postul.
1662 3230 1785 3261 Praelat.
2177 3240 2180 3244 ’

1264 3272 1321 3304 l’io
1333 3273 1461 3304 clariori
1473 3272 1629 3305 solutione
1639 3272 1766 3311 quaellio
1776 3273 1871 3314 potest
1882 3274 1984 3306 dividi
1998 3273 2031 3305 in
2042 3273 2106 3304 duo
2117 3280 2213 3302 mem·-

1221 3317 1275 3347 bra
1287 3340 1294 3348 .
1319 3316 1459 3349 Primum
1470 3315 1511 3346 est
1521 3337 1531 3351 ,
1553 3325 1593 3346 an
1605 3314 1771 3355 Episcopus
1791 3317 1907 3349 electus
1917 3340 1926 3354 ‚
1947 3319 1979 3349 &
1990 3316 2213 3348 confirmatus,

1222 3359 1270 3390 sed
1279 3362 1422 3391 nondum
1432 3358 1631 3391 conlectarus
1643 3381 1652 3394 ,
1662 3359 1752 3399 pollit
1764 3360 1926 3392 transferri
1937 3361 2054 3392 invitus
2065 3359 2101 3389 ad
2115 3357 2214 3403 alium

1223 3402 1443 3443 Episcopatum
1454 3425 1461 3432 .
1491 3402 1669 3433 Secundum
1692 3424 1702 3437 ‚
1733 3414 1772 3435 an
1794 3404 1915 3436 invitus
1937 3401 2101 3437 transferi-i
2120 3400 2212 3441 polllt

1221 3445 1390 3488 Episcopus
1409 3455 1473 3490 Jatn
1492 3444 1690 3479 consecratus
1701 3469 1710 3478 .
2049 3489 2101 3533 Q
2150 3458 2179 3519 d·

2088 3498 2148 3519 uon
