2397 3664
52 393 56 398 .
100 373 154 396 101

710 16 796 74 De
809 27 938 73 aetat·
954 16 1016 83 §c
1025 11 1256 83 qualitat.
1267 27 1312 66 e.
1323 8 1633 68 Indecorum
1647 48 1660 62 .

172 103 234 144 :jus
244 103 443 138 fundationis
454 106 498 138 ibi
509 127 519 142 ,
540 105 612 147 Ipsis
621 105 769 140 Ecclefiis
780 108 813 140 in
823 108 942 139 divinis
953 107 1064 138 officiis
1076 105 1174 134 deler-
1212 100 1356 132 terminis
1367 102 1509 143 loquitur
1521 100 1594 140 Lap.
1604 101 1633 132 d.
1644 100 1824 141 allegat.35‘.
1835 100 1868 134 &
1879 99 1968 134 Rota
1974 102 2008 133 in
2018 99 2103 134 dista
2113 103 2204 144 causa

183 146 268 179 vire.
291 147 324 179 Si
337 147 436 189 igitur
454 150 568 186 verba,
588 148 743 191 deservire
759 162 795 183 m
811 153 952 186 divinis,
972 149 1007 181 in
1026 145 1174 185 collegia-

183 201 218 223 ta
251 191 424 232 important
444 192 607 224 servitium
635 193 752 230 cliori3
779 203 859 236 ergo
877 193 1068 234 Capelianus
1087 198 1174 221 tene-

178 244 235 266 tur
250 244 303 274 per
314 234 442 276 seipsum
453 235 621 273 inservire,
640 247 716 268 cum
726 236 890 269 servitium
909 235 1000 268 chori
1019 243 1086 266 non
1108 229 1172 272 pos-

182 277 219 351 ssit
231 278 395 319 adimpleri
407 289 459 320 pet
468 277 667 311 substitutum
677 301 686 316 ‚
698 289 735 311 ex
745 278 839 312 dietis
850 279 886 312 in
897 279 1033 311 secunda
1041 275 1172 309 conclu-

196 331 269 352 1one
280 344 288 351 .

220 363 368 396 Secundo
379 374 416 396 ex
425 363 548 404 vulgari
559 366 656 396 modo
672 364 874 406 intelligendi
883 374 994 396 eorum
1003 385 1014 400 ,
1033 362 1087 403 qui
1101 360 1172 392 fun-

177 408 258 439 dant
271 407 448 448 hujusmodi
466 405 667 446 capellanias
687 408 720 439 in
736 407 1001 444 Cathedralibus‚
1021 408 1054 438 ὅ(
1069 405 1169 436 colle-

180 450 275 491 giatis
284 472 294 486 ‚
316 450 483 482 residentia
494 450 686 491 intelligitur
695 454 733 482 de
744 451 895 492 personali
906 472 917 487 ,
928 450 1171 493 juxtacapcon-

178 503 315 532 querente
323 515 334 528 ‚
352 492 390 524 de
398 493 480 524 Cler.
489 503 547 523 non
555 492 680 535 refiden.
693 503 726 525 ut
738 494 867 526 testatur
877 493 911 526 N
914 503 1014 525 avarr.
1026 491 1127 533 consil.
1139 493 1168 520 6.

99 546 156 568 102
180 544 293 567 71um.2.
312 534 373 567 eod.
381 535 470 566 etit.V
474 536 549 567 erbo
568 546 693 573 autem,
713 538 884 579 reficimur,
904 536 1106 577 aequipollent
1124 533 1168 564 se-

95 632 152 664 103

99 1021 158 1051 104

94 1580 151 1612 105

82 3311 88 3318 s

62 3321 122 3340 .<··

176 579 308 620 quentia
318 578 431 614 verba,
453 579 603 611 videlicet
615 579 736 611 intersit
747 602 758 617 ‚
778 589 885 612 cantet
896 602 906 616 ,
926 580 973 611 vel
988 577 1099 610 serviat
1111 598 1121 612 ‚
1132 584 1167 608 ut

174 632 227 663 per
240 621 375 653 Navarr.
386 620 502 652 ibidem
511 633 590 653 num.
605 632 632 662 3.
644 621 742 655 Unde
755 621 830 655 cum
839 623 918 654 olim
928 622 1108 655 dubitatum
1126 618 1168 666 esj

179 665 222 696 set
236 664 372 696 inSacra
391 664 653 704 Congregatione
673 677 711 698 an
723 667 837 698 habens
856 665 1093 706 Capellaniam,
1115 672 1169 693 ΕΜ

179 708 213 739 in
224 706 412 739 fundatione
433 707 611 750 injuntstum
622 708 723 741 fuerat
741 720 822 741 onus
841 709 1020 741 celebrandi
1042 707 1170 741 Musas,

181 761 274 790 atque
285 751 612 783 interell'endidivinis
630 752 762 788 officiis,
784 763 945 787 teneretur
956 751 1105 785 residere,
1127 758 1171 780 at-

176 805 237 834 que
249 795 406 825 celebrare
417 794 521 826 officia
531 806 584 836 per
593 795 721 836 seipsum
732 807 742 832 3
763 795 840 829 licet
852 796 932 828 nihil
953 795 1091 828 decisum
1102 791 1166 824 fue-

176 847 219 868 rit
231 859 241 872 ‚
263 847 369 869 tamen
380 849 478 869 manu
490 838 670 871 Cardinalis
678 838 801 871 Carafae
812 842 1001 872 adnotatum
1012 836 1167 878 reperitur

177 879 388 921 capellanum
412 882 512 913 teneri
532 892 584 922 per
603 882 732 923 seipsum
751 884 908 915 celebrare
918 882 1027 913 divina
1044 878 1148 912 officia
1160 901 1169 915 2

176 924 253 964 quia
266 924 408 956 interesse
418 924 571 965 quispiam
585 936 650 956 non
663 926 758 966 potest
769 937 822 967 per
832 926 1031 958 substitutum
1041 945 1052 960 ‚
1071 925 1108 955 ad
1118 932 1163 953 ca.

177 970 295 999 unicum
306 966 343 998 de
351 970 378 999 C
379 968 434 998 lert.
445 979 501 998 non
511 967 603 1009 refid.
614 966 667 1000 lib.
681 973 709 1000 6.

225 1009 355 1042 Ultimo
363 1020 455 1051 urget
468 1021 523 1051 pro
532 1011 588 1043 hac
600 1022 685 1051 parte
696 1012 828 1053 antiqua
837 1011 953 1044 decisio
964 1010 1063 1043 Sacrae
1075 1008 1166 1040 Con-

177 1053 374 1094 gregationis
387 1077 394 1084 .
415 1054 578 1094 Siquidem
592 1054 652 1085 fuit
675 1056 753 1087 olim
763 1057 951 1089 ‚dubitatum
973 1065 1012 1086 an
1023 1052 1166 1094 Capella-

177 1096 236 1127 niae
247 1097 280 1127 in
293 1095 430 1127 Ecclesia
439 1096 624 1130 cathedrali
635 1098 820 1133 existentes,
841 1107 975 1138 quarum
998 1098 1116 1128 relitus
1128 1106 1165 1127 ex

176 1139 272 1170 variis
282 1138 501 1171 defunctorum
522 1140 636 1173 feliciis
647 1140 720 1172 cum
732 1152 831 1173 onore
851 1140 959 1173 Missas
970 1141 1113 1181 aliquot,
1135 1141 1169 1171 ὀί

174 1182 285 1213 divina
296 1182 402 1214 officia
412 1184 593 1215 celebrandi
604 1185 687 1216 inter
707 1183 734 1216 se
747 1194 871 1216 tantum
894 1184 1085 1215 distribuunt
1106 1181 1168 1214 Ca-

175 1225 292 1266 pellani
312 1226 473 1266 praesentes
494 1249 504 1263 ‚
533 1227 589 1267 qui
617 1237 714 1260 onera
732 1228 875 1269 praedict-1
894 1237 947 1267 per
966 1227 1076 1268 seipsos
1095 1248 1104 1262 ‚
1135 1227 1167 1257 dc

173 1279 227 1309 per
255 1269 332 1300 alios
353 1271 548 1311 presbyteros
569 1271 782 1311 quoscumque
804 1271 982 1312 persolvunt
1004 1292 1014 1307 ,
1034 1270 1164 1310 reliquis

174 1311 358 1352 Capellanis
380 1334 390 1349 ‚
409 1314 464 1353 qui
484 1314 644 1353 praesentes
665 1324 731 1346 non
751 1314 839 1350 sunt,
862 1315 940 1346 nihil
965 1314 1164 1356 percipienti-

174 1355 251 1391 bus,
272 1356 462 1395 personalem
486 1357 686 1389 relidentiam
714 1358 898 1398 requirant,
921 1358 966 1389 ita
983 1367 1016 1388 ut
1034 1357 1091 1398 qui
1113 1368 1163 1389 eas

175 1399 342 1430 obtinenr÷
367 1402 402 1431 ad
414 1399 612 1432 residendum
635 1401 760 1441 praecise
776 1402 874 1433 etiam
886 1411 939 1441 per
949 1401 1161 1441 privationem

174 1442 392 1482 cogipossint,
415 1453 481 1475 non
491 1444 632 1475 obstante
644 1444 870 1477 consuetudine
886 1445 1070 1475 contraria:
1092 1444 1162 1474 Suc.

173 1484 395 1525 congregatio
405 1486 526 1519 censuit
538 1488 639 1519 teneri
658 1491 694 1519 ad
707 1488 908 1521 relidentiam
922 1497 1007 1529 luxta
1029 1487 1164 1519 formam

174 1527 340 1561 Concilii.

216 1571 329 1612 Neque
342 1572 496 1605 verolmic
519 1573 682 1606 sententie
703 1574 852 1606 videntur
863 1573 983 1605 obstare
1002 1583 1167 1614 argumen-

176 1625 209 1646 ta
220 1615 357 1655 superius
369 1616 401 1647 in
413 1618 610 1649 contrarium
630 1617 778 1651 adducta:
802 1628 876 1650 nam
887 1619 924 1648 ad
944 1617 1004 1648 tria
1018 1618 1122 1658 priora
1135 1617 1167 1648 in

175 1659 287 1690 ordine
299 1659 503 1698 respondetur
523 1662 616 1693 verba
635 1661 708 1698 illa,
730 1660 884 1702 deservire
903 1663 936 1692 in
944 1659 1086 1696 divinis,
1107 1660 1165 1692 esse

173 1701 564 1741 intelligendasecundum
574 1703 741 1743 subjectam
753 1704 918 1737 materiam
928 1726 938 1740 ‚
962 1705 1006 1736 ita
1017 1714 1050 1735 ut
1066 1703 1084 1734 si
1098 1702 1165 1734 fue-

173 1744 238 1776 rint
251 1745 386 1785 apposita
398 1747 430 1777 in
443 1745 630 1780 fundatione
641 1749 764 1789 capellae
775 1746 877 1788 erecte
890 1748 974 1778 intra
986 1747 1166 1783 Ecclesiam,

173 1788 207 1820 in
217 1798 278 1828 qua
289 1791 370 1819 liora:
387 1791 550 1822 canonicae
569 1800 636 1821 non
656 1792 853 1826 recitantur,
876 1801 951 1822 tunc
965 1801 1028 1823 non
1052 1791 1167 1831 impor-

173 1841 242 1863 tent
254 1831 416 1864 servitium
429 1833 531 1869 chori,
542 1834 618 1874 quia
630 1834 764 1872 subjecta
775 1834 908 1866 materia
919 1834 950 1865 id
960 1845 1025 1865 non
1038 1834 1168 1874 patitur,

177 1874 226 1905 sed
239 1875 296 1906 [int
308 1874 470 1907 referenda
481 1879 516 1907 ad
526 1877 776 1909 celebrationem
795 1877 980 1909 divinorum
991 1887 1080 1909 extra
1092 1877 1168 1908 clio-

176 1927 244 1947 rum
257 1939 267 1952 ‚
279 1920 366 1958 juxta
377 1929 489 1950 notata
501 1919 534 1951 in
543 1919 640 1960 c.3.de
649 1930 732 1957 vitet,
744 1919 781 1953 &²
790 1919 1085 1961 ho›1est.Cler.Q10d
1096 1919 1168 1961 qui-

177 1962 249 1991 dem
262 1960 423 1993 servitium
433 1961 515 1995 recte
537 1963 605 1994 fieri
616 1964 713 2003 potest
723 1975 775 2005 per
793 1963 992 1996 substitutum
1002 1986 1012 2000 ,
1031 1965 1064 1995 &
1075 1964 1108 1994 in
1119 1962 1167 1994 his

2043 31 2152 75 'w5

1212 145 1349 176 Romami
1368 146 1416 175 Ca
1419 144 1555 185 pellaniae
1566 166 1575 174 .

1254 186 1426 219 Sitramem
1439 186 1558 219 fuerint
1574 186 1710 227 apposita
1729 187 1873 228 praediCta
1882 188 1977 220 verba
1988 188 2023 220 in
2043 187 2205 222 fundatio-

1212 239 1252 260 ne
1263 229 1397 270 Capellae
1408 230 1492 262 intra
1504 230 1674 262 Ecclesiam
1683 253 1692 268 ,
1718 231 1751 262 in
1760 242 1822 273 qua
1832 233 1914 263 horae
1930 230 2109 264 Canonicae
2123 232 2205 264 reci-

1212 281 1320 304 tantur
1331 295 1340 309 ,
1363 283 1396 304 ut
1407 273 1439 304 in
1451 274 1523 305 casu
1543 274 1683 313 praelenti
1693 296 1704 310 ,
1723 284 1800 307 tunc
1813 274 1892 307 bene
1916 274 2088 315 important
2109 274 2204 307 servi·

1211 315 1293 347 tium
1303 316 1392 347 chori
1402 338 1413 352 ,
1433 317 1510 356 quia
1521 316 1551 348 id
1564 317 1668 348 suadet
1680 318 1815 359 subjecta
1824 319 1958 351 materia
1971 341 1979 349 .
1992 318 2038 350 Ad
2050 323 2135 359 quod
2147 320 2201 350 ad-

1210 358 1338 390 ducitur
1357 359 1496 398 Gugliel.
1514 361 1552 392 de
1563 359 1678 391 Monte
1699 360 1853 393 Lauduno
1870 360 2156 395 relatusaCardin.
2170 363 2204 394 in

1210 402 1305 433 Clcm.
1314 412 1338 432 1.
1352 403 1437 446 §.Ne
1446 405 1540 440 igitur
1553 401 1609 442 sub
1619 413 1729 441 num.7.
1740 404 1820 445 verfi
1829 406 1946 449 Q-uimo
1957 415 2046 442 quaero
2057 427 2067 441 ,
2086 406 2123 438 de
2131 405 2205 438 ccle-

1209 441 1288 476 brat.
1300 444 1428 485 sldzſjar.
1439 446 1529 485 cujus
1541 446 1602 476 liaec
1614 445 1682 478 sunt
1695 448 1805 479 verba:
1832 450 1859 480 E
1862 460 1885 478 ,υ
1889 447 1974 489 pedit
1984 450 2057 485 quod
2068 449 2203 488 psallen—

1208 491 1245 518 do
1255 499 1338 518 nitra
1353 488 1520 530 Ecclesiam
1529 487 1617 520 dicat
1636 489 1772 522 Clericus
1782 491 1911 531 officium
1922 492 2012 530 juxta
2025 491 2181 532 Psalmum
2191 513 2202 529 ,

1207 529 1383 562 Benedicite
1395 533 1569 568 Dominum,
1580 532 1719 564 maxime
1730 535 1762 563 in
1773 532 2124 575 magnisfestivitatibus
2132 558 2142 571 ‚
2153 546 2204 566 ar-

1205 584 1284 612 gum.
1296 577 1401 614 capst
1411 576 1476 612 quis
1486 577 1518 605 in
1537 576 1625 607 clero
1634 597 1644 611 ‚
1665 585 1693 613 7.
1706 574 1797 616 quaest.
1813 587 1838 609 1.
1850 575 1886 609 (ῥ’
1895 589 1929 608 ca
1932 587 1960 618 p.
1983 581 2023 609 Si
2033 581 2099 616 quis
2109 587 2204 612 extra

1208 617 1377 649 Paroclnas
1388 640 1397 654 ‚
1419 617 1454 648 de
1464 618 1625 657 consecrat.
1638 618 1771 659 distinct.
1785 631 1810 651 x.
1822 621 1909 662 le
1920 623 2059 653 ultimum
2070 620 2205 662 procedit

1208 662 1241 691 in
1251 672 1281 701 eo
1292 682 1301 696 ,
1323 663 1372 699 qui
1383 659 1470 693 habet
1481 659 1653 699 beneficium
1663 664 1695 693 ln
1708 663 1852 706 Ecclefia
1863 664 2034 702 Collegium
2045 686 2055 700 ,
2075 663 2163 697 alids
2169 667 2204 696 in

1209 715 1264 734 non
1276 707 1303 736 C
1304 706 1480 737 onventuali
1492 727 1500 740 ,
1523 704 1571 736 ubi
1590 703 1716 744 estfolio·
1726 705 1874 738 Sacerdos
1884 729 1894 742 ,
1914 705 1952 738 Θ·
1971 709 2107 739 Clericus
2117 731 2127 744 ,
2151 708 2204 740 hoc

1208 758 1264 777 non
1271 747 1363 788 potest
1373 747 1529 788 observari
1540 770 1549 784 ‚
1570 747 1727 790 &sufficit
1738 748 1811 786 quod
1820 748 1985 786 Sacerdos,
2006 750 2043 782 (ῥ’
2064 752 2202 783 Clericus

1209 788 1315 822 dicant
1327 791 1456 831 officium
1467 792 1615 834 ‘velfimul
1624 815 1633 828 ‚
1660 792 1960 835 velseparatimstne
1970 803 2059 825 cantu
2071 805 2079 830 3
2101 804 2203 825 tamen

1205 832 1310 865 bonum
1322 833 1362 875 est
1372 844 1404 865 ut
1414 836 1447 865 in
1460 835 1597 878 Ecclesta
1610 837 1716 868 dicant
1725 859 1734 867 .
1758 836 1834 867 Haec
1847 836 1900 870 ille
1910 859 1917 871 .
1939 835 2068 877 Qubus
2080 837 2203 869 accedit

1207 880 1292 917 quod
1303 880 1362 908 hoc
1374 878 1446 909 casu
1456 877 1606 912 fundator
1617 890 1682 910 non
1693 879 1774 913 dixit
1787 878 1967 918 simpliciter
1982 901 1991 914 ‚
2012 878 2204 919 capellanus

1209 929 1353 953 teneatur
1363 921 1516 953 deservire
1528 922 1559 953 in
1571 922 1687 956 divinis
1696 945 1706 959 ‚
1730 923 1778 956 sed
1792 922 1913 955 addidit
1924 945 1933 958 ,
1946 932 2091 954 teneatur
2103 923 2205 954 deser-

1206 964 1314 995 virein
1325 964 1441 997 divinis
1461 965 1550 998 dicke
1569 965 1731 1001 Ecclel'1x3
1754 976 1847 1006 atque
1860 966 1905 999 ita
1927 965 1986 998 fuit
1999 967 2037 998 ab
2048 965 2113 1007 ipso
2124 976 2203 998 con-

1206 1009 1390 1047 templatum
1403 1008 1563 1040 servitium
1576 1019 1642 1040 non
1655 1009 1745 1049 ipsius
1757 1008 1949 1050 Capellaniae
1960 1031 1969 1045 ,
1982 1009 2031 1041 sed
2043 1008 2201 1046 Ecclesiae,

1206 1050 1239 1081 in
1259 1061 1320 1090 qua
1340 1050 1525 1091 capellania
1546 1052 1768 1084 instituebatur
1779 1074 1787 1088 ,
1810 1063 1878 1092 quae
1889 1052 1962 1083 cum
1974 1052 2008 1083 sit
2031 1052 2204 1092 collegiata

1206 1094 1300 1127 habet
1310 1104 1499 1134 precipuum
1511 1094 1671 1128 servitium
1682 1096 1713 1127 in
1726 1093 1883 1135 psallendo
1895 1096 1984 1128 horas
1996 1095 2181 1129 canonicas
2191 1117 2202 1132 ,

1209 1146 1243 1168 ut
1257 1137 1289 1169 in
1301 1137 1384 1169 dista
1393 1136 1497 1169 Clem.
1513 1148 1537 1168 1.
1547 1138 1584 1169 de
1595 1136 1701 1172 celebr.
1714 1137 1891 1177 Alilsardta
1902 1149 1936 1170 ut
1947 1139 2078 1179 proinde
2089 1139 2203 1171 servire

1211 1181 1244 1211 in
1255 1181 1373 1212 divinis
1392 1179 1540 1221 praedie'tae
1561 1182 1704 1214 Ecclesiae
1716 1182 1793 1213 nihil
1816 1182 1902 1217 aliud
1913 1182 1949 1213 sit
1961 1204 1971 1218 ‚
1989 1183 2084 1223 quatu
2104 1183 2204 1214 choro

1209 1223 1353 1256 intci'ell‘e
1364 1247 1372 1255 .

1250 1267 1328 1300 Non
1340 1268 1439 1299 obstat
1449 1277 1598 1308 quartum
1619 1278 1862 1309 argumentum,
1883 1269 1967 1309 quod
1989 1278 2027 1300 ex
2045 1266 2205 1300 sententia.

1206 1311 1236 1343 S.
1249 1310 1521 1351 Congregationis
1532 1312 1760 1351 praebendarius
1785 1311 1900 1344 liabens
1910 1321 1990 1342 onus
2003 1311 2204 1347 celebrandi,

1204 1357 1236 1386 δέ
1249 1354 1438 1386 inserviendi
1451 1356 1483 1386 in
1493 1355 1610 1386 divinis
1623 1355 1655 1387 in
1668 1353 1853 1387 Cathedrali
1865 1353 2005 1386 Ecclesia
2018 1377 2029 1392 ‚
2038 1365 2104 1387 non
2116 1364 2203 1387 tena-

1204 1408 1254 1429 tut
1265 1398 1324 1429 effe
1335 1398 1486 1431 Sacerdos
1498 1422 1505 1428 .

1249 1441 1333 1473 Nam
1343 1441 1544 1481 respondetur
1564 1441 1638 1472 hinc
1651 1451 1715 1472 non
1734 1440 1845 1472 inferri
1854 1440 1934 1482 quin
1954 1450 2098 1472 teneatur
2118 1439 2201 1472 divi-

1206 1485 1255 1517 nis
1266 1485 1379 1516 officiis
1390 1484 1591 1525 personaliter
1604 1484 1746 1517 intercise
1757 1506 1767 1520 ,
1788 1486 1824 1516 ad
1839 1485 1898 1515 lioc
1911 1483 1998 1516 euim
2019 1494 2084 1516 non
2096 1484 2206 1525 requi-

1207 1529 1287 1559 ritur
1298 1531 1378 1559 ordo
1390 1528 1599 1559 Sacerdotalis
1614 1550 1623 1564 ,
1645 1537 1678 1559 ut
1692 1527 1725 1560 in
1736 1526 1888 1564 mem-Ut
1897 1529 1923 1558 ii
1933 1549 1943 1564 ,
1953 1526 1991 1559 de
2000 1527 2120 1559 aaa&
2132 1537 2204 1566 qua-

1207 1572 1256 1603 lit.
1271 1571 1359 1603 Boer.
1371 1570 1504 1610 dcctsst7
1513 1581 1536 1602 1.
1547 1582 1608 1603 n.1.

1251 1615 1340 1647 Sicut
1361 1625 1463 1655 neque
1482 1613 1582 1647 obstat
1602 1614 1767 1646 contraria
1788 1613 1988 1646 observantia
2006 1636 2017 1650 ,
2044 1614 2122 1657 quia
2140 1625 2207 1647 non

1206 1658 1248 1689 est
1260 1658 1343 1691 tanti
1355 1658 1505 1698 temporis
1519 1680 1527 1693 ,
1552 1668 1583 1689 ut
1595 1657 1733 1699 potuerit
1749 1658 1916 1692 immutare
1937 1657 2048 1689 statum
2061 1657 2208 1699 Capella-

1207 1703 1264 1732 niae
1274 1724 1283 1737 ,
1307 1705 1393 1742 juxta
1403 1699 1552 1741 capCiem
1563 1700 1599 1731 de
1609 1699 1746 1741 beneficio
1758 1722 1767 1736 ‚
1787 1700 1823 1730 de
1834 1699 1953 1740 praebtin
1966 1701 2047 1733 ⁶.Ac
2058 1711 2206 1742 praeterea

1208 1746 1249 1776 est
1261 1745 1348 1777 varia
1357 1767 1366 1781 ‚
1387 1745 1463 1785 quia
1473 1743 1638 1784 Capellani
1652 1744 1813 1775 interdum
1824 1743 2032 1779 inservierunt
2045 1744 2142 1777 etiam
2151 1755 2206 1786 per

1209 1787 1340 1828 seipsos,
1361 1789 1428 1819 imo
1458 1797 1690 1828 nonnunquam
1713 1786 1839 1818 fuerunt
1861 1786 1960 1819 etiam
1983 1787 2144 1828 punekati.
2166 1788 2206 1820 Et

1209 1831 1416 1863 nihilominus
1437 1841 1511 1862 cum
1523 1831 1616 1867 verba
1637 1829 1837 1862 fundationis
1857 1830 2204 1871 importentservitium

1208 1875 1316 1910 chori,
1337 1875 1501 1906 contraria
1522 1873 1717 1905 consuetudo
1743 1883 1811 1905 non
1831 1876 1948 1906 valeret
1977 1873 2025 1905 uti
2046 1873 2166 1906 sublata
2186 1875 2205 1906 ὲ

1208 1918 1363 1950 Concilio
1377 1920 1463 1957 juxta
1481 1916 1675 1948 decisionem
1692 1915 1897 1958 S.Congt·eg.
1911 1917 2027 1949 ultimo
2049 1917 2123 1949 loco
2134 1917 2206 1950 all!-

1208 1971 1314 2002 gatam
1328 1983 1336 1997 ,
1356 1972 1437 1993 num.
1453 1970 1522 2001 103.

428 2189 554 2246 DE
621 2190 696 2245 AE
732 2191 1057 2254 TATE,
1110 2190 1244 2247 ET
1309 2188 1624 2258 QUALI
1657 2186 1956 2244 TATE·

467 2304 710 2357 Alexander
726 2307 754 2357 I
753 2305 804 2357 ll.
823 2306 1028 2361 cantuar.
1044 2304 1365 2373 Archiepiscopo
1376 2341 1392 2367 ‚
1430 2304 1580 2371 &ejus
1592 2301 1878 2370 =suffraganeis
1895 2337 1910 2352 .

826 2423 1330 2481 CAPUT
1419 2421 1542 2476 111.

177 2535 220 2619 I
233 2531 454 2571 Ndecorum
466 2531 519 2571 est
533 2556 548 2578 9
573 2545 615 2572 ut
636 2533 677 2572 hi
697 2532 857 2574 debeant
879 2536 1064 2578 Ecclefias
1085 2548 1234 2585 regere,
1261 2536 1326 2585 qui
1345 2546 1420 2572 non
1441 2543 1624 2585 noverunt
1643 2529 1851 2578 gubernare
1873 2528 2030 2579 seipsos5
2054 2531 2141 2573 cum
2152 2534 2201 2574 ad

250 2578 496 2619 Ecclefiarum
513 2583 680 2628 regimen
694 2581 786 2620 tales
807 2582 968 2630 personae
979 2583 1321 2628 fintadmittendae‚
1347 2577 1972 2636 quaediscretione-praeemineant,
1999 2581 2197 2622 &morum

177 2627 348 2677 fulgeant
363 2627 575 2668 honestate.
604 2628 789 2668 Nolentes
801 2633 926 2680 itaque
945 2630 1121 2672 sustinere
1134 2658 1148 2679 2
1176 2646 1216 2671 ut
1226 2630 1388 2680 parvulis
1411 2626 1581 2671 Ecclefiae
1600 2639 1765 2676 regimen
1778 2630 2066 2669 committatur:
2090 2630 2199 2669 Man-

175 2677 333 2722 damus,
359 2689 544 2726 quatenus
561 2681 702 2716 nemini
727 2679 825 2718 intra
848 2693 986 2719 annum
1006 2681 1372 2730 quartumdecimum
1396 2676 1624 2722 constituto,
1652 2673 1887 2730 personatu-m
1909 2676 2105 2723 cujuslibet
2132 2678 2201 2718 Ec—

175 2725 290 2766 clefiae
309 2725 513 2765 concedere
533 2723 758 2772 praesumatis
774 2757 783 2766 .
810 2726 956 2766 Scituri
965 2741 1033 2774 pro
1052 2741 1183 2774 certo„
1210 2727 1314 2778 quod
1332 2727 1354 2764 si
1376 2720 1893 2772 contrairepraesumpseritis,
1919 2725 2021 2775 quod
2047 2726 2133 2766 inde
2146 2725 2201 2766 fe-

173 2778 327 2820 ceritis,
354 2773 613 2820 irritabimus,
639 2773 985 2817 &inobedientiam
1000 2777 1155 2817 vestram
1165 2779 1331 2824 graviter
1344 2777 1561 2822 puniemus.

1254 2917 1273 2947 7
1296 2885 1431 2957 collatio
1447 2904 1676 2948 beneficitfac'ba
1696 2908 1806 2940 minori
1818 2905 2039 2945 quatuordecim
2059 2897 2149 2940 anilis
2161 2906 2202 2950 cst

1253 2997 1272 3026 8
1294 2996 1322 3025 E
1325 2949 1602 3034 ffissiiiiziiliilyfit
1621 2991 1796 3034 dispensare
1806 2991 1900 3034 fiper
1915 2990 2029 3034 defec'bu
2041 2996 2139 3026 etatis
2158 2992 2200 3025 ad

341 2910 368 2940 S
411 2908 441 2941 U
481 2909 533 2940 M
572 2909 622 2940 M
659 2907 699 2940 A
740 2909 768 2941 R
811 2909 836 2940 I
872 2907 906 2942 U
943 2910 1000 2942 M.

358 2995 438 3024 [nori
445 2996 668 3032 quatuordecim
688 2995 778 3026 annis
796 2995 931 3033 regimen
946 2994 1085 3037 Ecclefiae
1095 3006 1171 3028 com·
1336 3035 1353 3069 b
1404 3034 1431 3078 fi
1456 3038 1460 3042 .

1356 3048 1406 3068 cue
1432 3047 1482 3067 cm
1495 3057 1504 3066 .

225 3003 237 3025 1

264 3002 346 3070 M
369 3039 452 3068 mitti
461 3049 517 3069 non
527 3034 613 3070 debet
623 3060 631 3067 .

222 3089 239 3110 2
262 3078 489 3120 Absurdumest
500 3090 531 3110 ut
541 3091 646 3112 carens
665 3078 828 3120 monastica
848 3080 984 3112 elevetur
999 3078 1044 3113 ad
1061 3091 1169 3113 oecono-

310 3123 422 3152 micam
433 3145 443 3158 ,
463 3121 501 3155 &
510 3135 617 3155 carens
628 3126 801 3156 oecoriomiea
811 3122 855 3154 ad
861 3124 1021 3166 politicam
1030 3146 1038 3155 .

226 3175 241 3205 3
269 3166 359 3195 Pueri
371 3166 403 3195 in
413 3163 516 3203 quibus
526 3163 674 3208 differant
684 3166 723 3198 ab
733 3166 849 3198 adultis
860 3189 867 3197 .

219 3219 242 3248 4
262 3209 505 3240 Matrimonium
507 3209 672 3250 spirituale
682 3220 746 3241 cum
757 3209 894 3253 Ecclesia
914 3221 971 3241 non
989 3210 1167 3242 contrahunt

307 3249 472 3282 obtinentes
480 3250 623 3293 beneficia
627 3253 786 3297 simplicia
797 3276 806 3284 .

222 3303 238 3334 5
262 3292 378 3329 Verba,
398 3303 504 3333 regere
523 3316 534 3331 ‚
554 3296 587 3327 ὅ(
606 3298 801 3336 gubernare,
819 3307 881 3334 an,
901 3299 939 3328 (J‘
959 3298 992 3328 in
1008 3305 1062 3334 quo
1079 3294 1166 3340 diffe-

306 3345 379 3367 rant
389 3358 400 3373 ‚
420 3335 457 3368 εἶθ’
466 3337 632 3378 num.seqq.

221 3383 240 3412 6
260 3379 378 3457 Etssicle
398 3378 513 3428 *divifio
534 3383 565 3413 in
586 3380 818 3424 Monasticam,
839 3384 1069 3417 Oeconomicam
1084 3404 1095 3420 ‚
1123 3380 1162 3417 &-

333 3433 348 3452 o
363 3431 398 3454 iti
404 3433 469 3455 cam
482 3445 490 3454 .

1335 3125 1386 3154 cia
1395 3133 1447 3162 coti
1463 3120 1564 3154 erendi'
1571 3120 1744 3163 approbatis
1753 3121 1793 3155 ab
1802 3121 1974 3155 ordinario
1991 3134 2032 3153 an
2040 3122 2123 3163 poffit
2133 3133 2199 3153 con-

1332 3165 1413 3207 ferri
1423 3165 1541 3196 Clerico
1559 3163 1784 3203 quatuordecim
1804 3176 1949 3198 annorum
1965 3188 1974 3202 ,
1994 3164 2032 3197 <ff
2049 3176 2098 3196 nn.
2110 3164 2194 3206 seqq.

1334 3207 1419 3248 usque
1429 3207 1470 3239 ad
1479 3219 1528 3240 nu.
1543 3218 1554 3240 1
1562 3217 1592 3245 7.

1228 3261 1264 3285 10
1284 3253 1436 3335 Diinittszfs
1447 3262 1503 3282 non
1512 3249 1700 3294 constituitur
1707 3264 1747 3285 ex
1757 3251 1836 3284 nudo
1846 3248 2011 3292 ministerio
2026 3248 2197 3291 conferendi

1352 3306 1401 3325 ene
1426 3305 1475 3327 cta
1487 3317 1495 3325 .

1228 3348 1261 3372 11
1285 3335 1469 3376 Beneficium
1503 3339 1622 3370 nullam
1650 3339 1761 3370 habens
1789 3336 2024 3377 jurisdillionem
2040 3335 2105 3378 fori
2132 3348 2196 3369 con-

1326 3382 1421 3412 tentio
1434 3394 1445 3414 ι
1464 3403 1475 3418 ,
1496 3382 1547 3414 vel
1575 3382 1797 3422 poenitentialis
1820 3391 1875 3412 mm
1896 3378 1988 3420 potest
2006 3378 2071 3412 dici
2099 3383 2198 3412 Cura-

1336 3432 1398 3456 tum
1407 3447 1415 3456 -

2021 3475 2055 3498 12
2077 3468 2105 3497 C
2105 3476 2153 3498 on—

2223 1444 2283 1474 106

2230 1620 2292 1655 ¹02

1252 3091 1271 3118 9
1293 3082 1357 3112 Prae
1363 3079 1493 3121 pofitura
1506 3077 1615 3110 habens
1623 3077 1731 3110 nudum
1749 3077 1950 3117 ministerium
1959 3079 2073 3118 aliquot
2091 3073 2199 3119 benefi,
2210 3092 2234 3099 ν’
