2397 3664
118 1423 173 1456 133

119 1856 177 1890 134

117 2071 172 2107 135

197 167 318 200 dicium
333 162 631 206 opinativumcadat
649 162 733 201 i'uper
742 159 873 189 veritate
895 154 1132 196 propositionis,
1154 164 1188 186 ut

195 211 332 242 diximus
343 210 375 239 in
392 208 495 247 prima
503 204 678 248 differentia
688 223 697 236 ,
719 201 795 232 sicut
804 199 845 230 est
855 197 1056 239 impossibile,
1079 207 1113 230 ur
1124 199 1191 229 duoe

195 248 449 284 contradicioriae
457 250 516 282 sint
527 258 622 282 verae3
644 241 880 283 itaimpossibile
895 241 937 273 est
946 262 956 276 ,
978 250 1012 273 ut
1023 241 1089 272 illas
1101 240 1189 273 simul

192 297 378 336 opinemur,
387 293 438 325 seu
448 301 536 323 veras
544 290 600 322 esse
610 289 782 330 judicemus
792 305 802 320 ,
821 286 921 319 etiam
931 283 1147 325 probabiliter,
1157 285 1191 316 &

194 337 448 371 cumformidine
471 346 479 366 z
499 334 594 374 idque
611 328 691 363 clare
699 328 809 361 docuit
827 327 1006 360 Aristoteles
1022 328 1057 359 in
1073 337 1103 367 4.
1114 328 1192 360 Me-

194 380 278 422 taph.
288 392 313 413 c.
329 389 354 412 1.
362 381 444 412 circa
451 375 585 410 med-ubi
595 373 634 405 sic
645 372 691 405 ait
701 383 708 403 :
719 369 898 447 Impffbil‘
906 380 1032 409 namque
1042 367 1084 412 est
1093 379 1192 408 quem-

197 427 279 464 piam
289 422 371 455 idem
389 430 496 462 putare
506 417 558 458 effe
567 437 577 452 ‚
598 414 637 449 Φ
646 426 706 448 non
714 412 769 457 effe
778 437 786 445 .
835 414 963 456 oquitur
971 424 1048 454 ergo
1064 413 1108 445 ibi
1120 412 1194 445 Phi-

199 466 344 508 losophus
362 466 399 496 dc
416 463 534 504 judicio
550 459 738 501 opinative,
758 459 793 492 &
813 468 887 491 cuin
903 456 1093 491 formidine,
1115 466 1193 498 pon-

197 508 418 542 derandoillud
429 505 574 538 verbum,
596 504 728 539 Putare3
749 511 824 534 nam
833 502 919 543 quod
929 501 1117 542 opinamur,
1136 509 1190 540 pu-

196 562 300 585 tamus
317 563 326 588 3
344 550 427 591 quod
449 556 594 589 putamus
611 567 621 582 ‚
642 548 801 583 incertum
821 545 863 577 est
880 565 891 581 ,
921 545 1026 586 inquit
1046 543 1192 575 Donatus

197 594 448 636 apud-Joannem
467 589 642 623 Calvinum
652 591 686 621 in
699 586 948 628 verb-opinari.
971 587 1072 628 Igitur
1082 586 1193 617 secun-

196 640 273 670 dum
291 635 488 669 Aristotelem
497 643 563 666 non
578 633 619 665 est
629 631 781 674 possibile,
803 641 839 663 ut
860 633 946 663 idem
956 628 1133 663 intelieeius
1154 628 1192 660 si-

196 681 262 713 mul
270 679 437 720 opinetur,
461 677 512 709 seu
530 677 648 719 judicet
663 685 738 708 cum
756 674 928 708 formidine
946 683 1111 714 utramque
1128 681 1194 712 par-

196 733 261 756 tem
281 720 544 756 contradictionis
565 720 622 754 esse
645 728 751 753 verani
765 740 773 748 .
796 717 835 749 Et
853 716 945 758 prope
959 715 1057 759 finem
1078 736 1088 751 ,
1110 716 1194 747 idem

195 768 304 799 docuit
313 763 498 807 apertissime
508 764 555 795 liis
567 762 696 804 praecifis
706 762 806 793 verbis
829 771 836 792 z
857 758 1036 803 Impoffibile
1046 757 1088 800 est
1099 757 1194 801 stmui

195 807 322 843 eundem
333 807 414 841 idem
423 805 574 840 arbitrari
585 804 638 847 effe
646 825 656 841 ,
674 803 712 838 ό·
721 815 780 837 non
789 803 843 845 eſje
850 815 862 841 ,-
879 804 974 847 fimul
983 805 1097 836 etenim
1106 798 1195 833 habe-

195 862 247 885 ret
266 854 422 893 opiniones
438 852 611 885 contrarias
621 869 632 883 ‚
653 850 702 887 qui
719 847 757 879 de
766 859 801 879 ea
815 858 848 881 re
865 844 1024 879 haberetur
1041 844 1175 878 mendax
1185 866 1193 875 .

199 896 288 929 Patet
299 906 374 937 ergo
383 896 544 926 evidenter
560 895 593 924 in
604 891 756 925 sententia
765 890 937 922 Aristotelis
953 890 1010 921 esse
1022 886 1193 929 impossibi-

200 940 228 973 le
239 960 250 976 ,
271 948 305 973 ut
314 939 386 980 quis
395 937 483 970 siinul
494 936 604 969 habeat
614 937 690 966 duas
701 936 874 965 contrarias
884 934 1052 973 opiniones
1063 952 1073 966 ,
1083 933 1117 963 δέ
1125 932 1195 971 opi-

199 993 295 1017 netur
303 1003 314 1018 ,
324 981 498 1023 seujudicet
507 981 604 1011 etiam
614 988 687 1010 cum
697 977 865 1009 formidine
876 978 940 1007 duo
947 972 1197 1007 contradictoria

203 1026 262 1061 esse
273 1035 363 1057 vera.
386 1022 532 1056 Praeterea
542 1020 724 1061 impossibile
733 1019 773 1050 est
785 1039 795 1054 ,
816 1029 850 1050 ut
861 1019 1035 1061 judicemus
1052 1017 1115 1049 sive
1123 1027 1197 1049 cum

202 1068 374 1103 formidine
383 1087 393 1102 ,
403 1067 463 1098 sive
472 1066 535 1098 sine
546 1063 726 1099 formidine,
735 1062 853 1103 aliquid
864 1062 919 1097 esse
931 1082 940 1097 ,
948 1063 1033 1102 quod
1043 1060 1130 1094 certo
1140 1061 1198 1092 sci-

203 1121 273 1146 mus
282 1121 346 1143 non
357 1110 396 1142 sic
406 1109 463 1141 esse
472 1129 482 1143 ,
503 1116 538 1139 ut
549 1116 632 1148 patet
643 1107 677 1138 in
696 1117 728 1146 4.
738 1103 882 1145 Metaph.
891 1116 915 1137 c.
926 1109 956 1137 6.
966 1104 1025 1137 Sed
1042 1103 1130 1136 certo
1141 1103 1197 1137 sci-

200 1165 272 1188 mus
280 1162 442 1193 utramque
453 1149 733 1186 contradiekoriam
743 1159 808 1180 non
820 1149 877 1181 esse
887 1158 996 1180 veram
1005 1168 1014 1182 ,
1036 1157 1070 1180 ut
1090 1148 1123 1179 in
1134 1145 1196 1179 eod.

200 1209 228 1232 c.
236 1202 265 1230 6.
278 1197 360 1238 Ergo
370 1195 431 1227 sive
440 1204 513 1226 cum
524 1192 694 1228 formidine
704 1213 714 1227 ,
736 1191 798 1226 sive
809 1201 873 1223 non
884 1212 893 1227 ,
915 1201 1080 1232 utramque
1090 1200 1198 1222 veram

200 1241 339 1283 judicare
350 1248 416 1271 non
424 1237 601 1280 possumus,
622 1237 655 1268 δε
663 1234 889 1276 consequenter
906 1235 928 1266 si
939 1245 1012 1266 cum
1028 1233 1196 1266 formidine

202 1285 378 1325 judicamus
392 1291 490 1314 unam
499 1278 707 1315 determinate
725 1288 849 1313 veram,
874 1278 990 1310 necesse
1000 1278 1060 1312 est,
1082 1286 1199 1308 utcum

200 1326 372 1360 formidine
390 1325 563 1366 judicemus
572 1323 700 1358 alteram
721 1320 928 1353 determinate
950 1319 1055 1352 falsam
1066 1342 1073 1350 .
1096 1319 1198 1360 Qiod

200 1370 281 1404 adeo
290 1379 401 1402 verum
411 1369 452 1400 est
462 1388 473 1403 ,
494 1377 529 1401 ut
540 1372 598 1398 nec
609 1375 661 1407 per
671 1365 791 1397 diversa
807 1367 910 1396 media
921 1364 1065 1405 poffimus
1075 1365 1198 1403 utrique

196 1413 287 1447 simul
296 1412 451 1447 assentiri.
476 1410 574 1442 Ratio
583 1410 623 1440 est
633 1429 643 1444 ,
664 1410 738 1449 quia
753 1418 883 1449 utraque
894 1418 946 1449 per
963 1406 1082 1442 diversa
1096 1408 1199 1437 media

201 1467 274 1489 vera
284 1456 340 1487 esse
358 1465 423 1488 non
434 1453 530 1496 potest
546 1462 647 1490 :nam
659 1461 692 1483 ut
714 1451 921 1484 ratiocinatur
939 1451 1069 1492 Gregor.
1082 1451 1200 1481 Arimi-

201 1497 379 1540 nen-quast.
390 1509 417 1530 2.
432 1497 547 1539 prolog.
558 1498 591 1527 in
606 1498 703 1536 princ.
714 1495 939 1538 Proposttiones
960 1492 1198 1526 contraditione

203 1554 262 1576 non
270 1541 387 1585 possunt
394 1551 522 1580 unquam
539 1536 718 1582 verificari,
739 1540 835 1570 etiam
843 1537 975 1578 respeliu
992 1536 1119 1568 duarum
1130 1548 1199 1568 can-

194 1586 305 1630 sarum
314 1606 325 1621 ,
342 1587 413 1624 quia
427 1585 564 1623 alioquin
572 1592 605 1616 tu
623 1581 662 1615 &⁶
682 1593 733 1622 ego
742 1579 882 1623 poffemus
884 1581 990 1625 facere
999 1601 1009 1616 ,
1026 1590 1058 1612 ut
1067 1580 1123 1611 duo
1133 1590 1200 1611 con-

202 1628 390 1663 tradietoria
398 1625 489 1671 effent
498 1638 575 1659 vera
583 1647 593 1662 ,
615 1624 691 1665 quod
699 1637 751 1660 nec
759 1627 843 1661 Deus
844 1623 953 1668 facere
959 1622 1054 1665 potest
1063 1633 1127 1655 cum
1136 1631 1199 1654 toto

200 1675 312 1706 mundo
321 1695 330 1707 .
347 1671 445 1704 Unde
456 1671 532 1703 ficut
542 1679 672 1711 utraque
683 1670 780 1701 etiam
791 1679 844 1710 per
853 1667 975 1700 diversa
985 1668 1089 1698 media
1099 1687 1108 1700 ,
1127 1676 1201 1697 vera

200 1717 259 1750 esse
278 1726 343 1748 non
352 1715 448 1757 potest
458 1735 469 1750 ,
486 1716 530 1746 ita
541 1723 641 1754 neque
652 1722 705 1754 per
720 1711 841 1744 diversa
850 1711 956 1742 media
974 1720 1104 1750 utraque
1114 1711 1200 1741 credi

201 1760 298 1802 potest
309 1779 319 1795 ,
337 1760 412 1800 quia
422 1760 455 1791 id
465 1779 475 1793 ,
491 1758 576 1798 quod
586 1766 650 1788 non
661 1755 757 1797 potest
768 1755 825 1787 esse
835 1774 845 1790 ,
867 1764 968 1796 neque
978 1754 1073 1795 potest
1091 1762 1200 1785 verum

202 1803 352 1842 iudicari,
373 1803 451 1834 utin
468 1812 499 1841 4.
511 1802 655 1840 Metaph.
666 1799 697 1830 d.
707 1810 730 1832 c.
740 1802 770 1831 6.

242 1844 379 1887 Ideoque
389 1844 560 1878 Durandus
570 1845 604 1876 in
610 1843 726 1884 prolog.
737 1840 950 1884 quast-1.n.21.
962 1841 1005 1874 ait
1016 1852 1022 1871 :
1035 1839 1199 1882 AEst.'mare

200 1887 540 1931 contradistoriafimul
549 1885 603 1927 elle
613 1896 689 1919 vera
699 1906 710 1920 ,
725 1897 782 1918 non
789 1884 886 1926 potest
893 1882 946 1926 effi’
955 1887 989 1916 in
999 1894 1098 1916 mente
1105 1883 1201 1916 homi-

201 1936 250 1967 nis
260 1953 269 1968 ,
278 1932 400 1975 etiamst
408 1942 481 1963 voce
488 1939 542 1972 pro
561 1938 665 1962 eratur
674 1949 684 1964 ,
692 1930 724 1961 &
733 1929 872 1970 Angelus
881 1931 914 1961 in
923 1928 1199 1969 cons-87.incipien.

199 1978 264 2010 Hic
270 1975 394 2017 punc‘ius
405 1995 415 2009 ,
426 1976 509 2006 circa
544 1973 647 2005 n.Nec
657 1972 816 2015 legitlator
825 1991 834 2006 ,
846 1971 952 2013 inquit
962 1992 972 2007 ,
982 1983 1036 2003 nec
1046 1973 1131 2004 Deus
1140 1969 1201 2011 ipse

196 2017 295 2062 potest
305 2018 404 2052 atium
413 2025 629 2057 repugnantem
638 2017 672 2048 in
682 2014 735 2056 effe
744 2013 918 2055 producere,
927 2014 1016 2055 cujus
1025 2014 1147 2046 dietum
1158 2014 1201 2044 se-

195 2063 304 2105 quitur
314 2061 434 2094 Decius
445 2063 478 2094 in
488 2061 510 2092 l.
521 2057 570 2092 ubi
578 2061 798 2099 repugnantia,
815 2055 851 2100 ff.
867 2056 904 2090 de
925 2058 1018 2097 regul.
1028 2058 1087 2096 jur.
1097 2058 1201 2098 Atque

200 2109 246 2140 ita
258 2115 324 2138 non
334 2105 414 2146 posse
424 2101 620 2137 intell'ee‘tum
629 2123 639 2138 ,
653 2101 774 2144 physice
784 2103 817 2133 &
828 2101 1012 2133 naturaliter
1023 2101 1181 2142 loquendo
1191 2119 1200 2134 2

200 2158 365 2190 utramque
375 2156 493 2189 partem
502 2144 765 2179 contradidiionis
782 2144 907 2186 opinari
917 2164 927 2179 ,
948 2153 1049 2184 neque
1069 2153 1106 2175 ex
1117 2145 1199 2183 prin-

200 2193 296 2235 cipiis
311 2189 678 2224 intrinsecisrationum,
700 2198 801 2230 neque
822 2197 859 2218 ex
870 2188 1032 2228 principiis
1053 2185 1202 2218 extrinse-

202 2238 249 2268 cis
259 2234 490 2268 authoritatum
500 2254 511 2269 ,
527 2234 720 2267 tradiderunt
732 2233 816 2263 idem
825 2231 997 2272 Gregorius
1006 2231 1043 2261 de
1054 2229 1202 2260 Arimino

202 2281 237 2312 in
247 2279 368 2318 Prolog.
378 2286 473 2310 arm.
482 2275 644 2318 quest.2.&
655 2275 825 2307 Durandus
836 2276 898 2305 loco
908 2275 1002 2305 citato
1012 2293 1022 2309 ,
1030 2274 1085 2313 qui
1095 2274 1132 2303 ad
1143 2270 1203 2302 hoc

202 2325 282 2354 citat
292 2324 390 2354 etiam
398 2321 596 2352 Aristotelem
606 2339 616 2354 ,
636 2321 670 2352 &
681 2318 711 2351 S.
720 2317 839 2350 Thom.
848 2319 882 2350 δέ
904 2318 938 2348 in
948 2316 1007 2348 hoc
1025 2317 1202 2357 aequivoca-

202 2374 276 2399 runt
284 2363 427 2405 Vasquez
438 2366 470 2395 in
484 2373 509 2395 1.
521 2375 548 2395 2.
558 2361 706 2404 quaest.19.
717 2370 779 2393 art.
788 2365 818 2393 6.
828 2359 958 2400 disp.6z.
968 2367 1063 2400 cap.3.
1075 2368 1158 2391 n.10.
1169 2358 1204 2389 &

205 2419 241 2440 ex
251 2409 306 2441 illo
316 2409 410 2439 Azor.
419 2404 521 2448 Instit.
533 2406 642 2438 moral.
653 2403 706 2437 lib.
720 2416 747 2438 2.
758 2416 782 2436 c.
798 2408 845 2436 16.
857 2401 981 2444 questo..
992 2401 1029 2435 Θ
1040 2412 1066 2443 3.
1077 2404 1109 2433 ὅτ.
1119 2412 1142 2433 c.
1157 2409 1204 2438 ¹7·

206 2449 331 2494 questa.
339 2452 395 2492 qui
404 2449 586 2491 scripserunt
595 2470 606 2484 ,
613 2451 693 2482 duos
701 2449 878 2480 contrarios
887 2446 1060 2488 probabiles
1071 2443 1201 2476 assensus

206 2496 291 2529 circa
300 2496 434 2526 eandem
442 2492 687 2535 propositionem
695 2491 847 2523 moralem
858 2491 965 2522 baberi
976 2492 993 2520 a
1003 2490 1094 2520 nobis
1105 2487 1185 2529 posse
1195 2506 1206 2521 2

208 2539 341 2571 alterum
354 2536 472 2569 scilicet
483 2546 531 2567 ex.
541 2535 704 2576 principiis
726 2532 905 2565 intrinsecis
927 2534 1088 2564 rationum
1100 2551 1109 2565 'J
1131 2531 1207 2561 alte·

208 2591 279 2614 tum
294 2579 368 2612 vero
378 2591 416 2613 ex
434 2578 597 2621 principiis
605 2577 784 2611 extrinsecis
799 2576 1030 2608 authoritatum
1041 2597 1048 2605 .
1073 2573 1110 2605 Et
1130 2573 1207 2604 San-

209 2624 287 2657 chez
296 2624 329 2655 in
339 2624 447 2656 Decal.
459 2620 513 2655 lib.
521 2632 546 2654 1.
554 2631 611 2659 c.9.
621 2631 704 2654 n.12.
714 2623 770 2661 qui
781 2618 977 2652 confutando
987 2617 1130 2658 Vasquez
1139 2626 1208 2648 am-

212 2667 293 2709 plius
304 2667 468 2699 affirmavit
478 2668 574 2698 etiam
585 2674 637 2706 per
646 2663 814 2696 intrinseca
831 2661 986 2703 principia
997 2661 1075 2702 posse
1085 2660 1208 2691 intelle-

211 2709 301 2743 etum
316 2718 478 2752 utramque
489 2719 610 2751 partem
627 2705 890 2740 contradictionis
913 2706 1058 2745 opinari,
1078 2704 1112 2735 ὃ(
1129 2703 1209 2734 urri-

213 2763 275 2795 que
287 2752 440 2787 assentiri,
462 2755 537 2795 quia
553 2761 620 2784 non
629 2758 781 2792 repugnat
801 2758 839 2779 ex
848 2747 964 2779 eisdem
980 2745 1142 2788 principiis
1160 2746 1210 2776 di-

215 2795 388 2830 versimode
397 2795 560 2828 'intellectis
568 2815 579 2832 ‚
601 2794 653 2827 seu
661 2793 824 2835 applicatis
832 2811 842 2826 ,
858 2792 1032 2823 contrarias
1040 2790 1209 2830 opiniones

214 2840 293 2872 otiri
302 2861 310 2869 .
326 2839 362 2870 In
372 2838 432 2870 hoc
441 2839 590 2880 ,inquam
597 2859 607 2874 ,
618 2839 854 2879 aequivocarunt
866 2854 877 2870 ,
888 2835 963 2875 quia
972 2843 1026 2874 pro
1036 2834 1148 2864 eodem
1157 2842 1210 2863 ac-

217 2891 367 2924 ceperunt
384 2881 461 2922 posse
470 2881 664 2914 intelledmm
685 2880 816 2922 praebere
837 2878 1039 2919 opinativum
1060 2875 1210 2908 assensum

214 2926 340 2967 utrique
357 2926 437 2965 parti
446 2925 707 2958 contradictionis
716 2943 727 2958 ,
749 2924 782 2955 &
799 2923 879 2963 posse
902 2928 1068 2961 utramque
1089 2927 1209 2960 partem

217 2967 483 3002 contradictionis
494 2967 627 3006 judicare
644 2966 857 3009 probabilem,
877 2964 951 2997 cum
961 2972 1066 2995 tamen
1075 2962 1137 2993 liaec
1147 2962 1211 2992 duo

219 3011 356 3045 multum
365 3010 510 3044 differant
520 3029 530 3046 ,
541 3019 574 3041 ut
584 3013 616 3041 in
626 3010 832 3052 superioribus
841 3006 1045 3039 monstratum
1053 3005 1094 3037 est
1102 3026 1110 3035 .
1122 3003 1210 3036 Nam

219 3057 358 3099 primum
373 3052 550 3086 intellestus
559 3054 644 3084 nullo
661 3055 757 3085 modo
776 3051 891 3093 potest,
912 3051 1011 3081 etiam
1027 3048 1210 3080 naturaliter

219 3102 253 3131 ὄε
277 3096 418 3140 physice·,
441 3096 538 3138 potest
558 3105 664 3127 autem
681 3097 849 3128 secundum
860 3114 870 3129 ,
891 3095 966 3135 quia
981 3113 992 3128 ‚
1014 3102 1047 3124 ut
1069 3091 1212 3133 praedixi-

223 3152 293 3175 mus
304 3162 313 3176 ,
335 3142 465 3182 praebere
487 3140 635 3171 assensum
655 3139 854 3178 opinativum
875 3137 931 3170 uni
950 3139 1029 3177 parti
1050 3136 1211 3167 contradi-

222 3185 358 3220 etionis,
380 3183 430 3216 seu
439 3193 535 3215 unam
552 3191 668 3222 partein
677 3184 817 3221 opinari,
840 3181 883 3213 est
900 3181 1036 3222 judicare
1058 3179 1144 3210 illam
1155 3177 1213 3209 esse

211 3237 331 3265 *veram
340 3248 350 3262 ,
365 3226 438 3259 licet
448 3236 521 3258 cum
539 3224 708 3257 formidine
720 3228 814 3264 partis
823 3226 948 3257 alterius
966 3235 973 3254 ι
997 3232 1072 3254 nam
1082 3220 1214 3254 assensus

222 3272 402 3311 opinativus
421 3270 460 3302 est
478 3270 633 3311 judicium
657 3268 811 3308 probabile
831 3267 954 3299 distans
974 3276 1041 3297 rem
1062 3266 1106 3297 ita
1127 3265 1183 3295 esse
1205 3285 1212 3293 .

224 3314 303 3346 Non
323 3314 530 3354 potestantem
547 3313 617 3353 quis
628 3309 714 3341 simul
723 3309 860 3350 judicare
879 3321 945 3342 rem
963 3309 1161 3351 probabiliter
1171 3306 1214 3338 es-

226 3357 254 3389 se
264 3377 273 3392 ,
294 3358 327 3388 8„-
346 3357 541 3397 probabiliter
553 3365 617 3387 non
639 3356 715 3389 clle3
737 3355 784 3383 icd
805 3352 878 3383 cum
889 3363 984 3385 unam
997 3361 1114 3393 partem
1137 3350 1215 3391 judi-

227 3409 279 3432 cat
294 3400 491 3441 probabiliter
501 3399 555 3431 esse
576 3407 699 3431 veram,
722 3395 904 3430 necessecst,
925 3405 958 3427 ut
969 3396 1035 3435 ejus
1056 3393 1216 3427 contradi-

228 3443 364 3475 Ctoririm
381 3442 493 3481 judicet
510 3441 707 3482 probabiliter
725 3439 781 3471 esse
799 3437 905 3470 falsam
928 3450 934 3468 :
956 3441 1029 3479 quia
1052 3438 1128 3470 sicut
1150 3438 1216 3469 dux

228 3485 481 3519 contradictor-ix
499 3494 577 3517 vcra:
597 3484 682 3516 simul
699 3484 755 3515 csse
775 3492 838 3515 non
857 3481 995 3523 possunt,
1019 3486 1061 3514 ita
1083 3491 1139 3514 nec
1165 3491 1217 3522 po-

537 75 720 149 Prosp.
737 73 974 145 Fagnan.
992 70 1051 127 in
1071 69 1318 126 Primum
1337 67 1566 126 Librum
1594 66 1875 124 Decretal.

1233 154 1287 185 tesi
1307 156 1364 185 init
1377 154 1483 183 ilc-ctus
1496 158 1630 192 ,udicare
1649 153 1710 182 iive
1721 161 1771 192 per
1789 149 1941 182 assensum
1961 152 2167 191 probabilem,
2190 154 2227 185 si-

1234 207 1272 229 ve
1283 206 1334 237 per
1355 194 1506 226 assensum
1517 194 1720 227 necessarium
1738 195 1805 226 illac
1815 204 1900 225 veras
1914 194 1991 232 esse3
2015 195 2062 226 sed
2075 196 2096 227 si
2118 197 2227 229 unias-

1235 239 1363 271 i'entitur
1375 247 1615 279 taiiquamverae
1625 258 1636 272 ,
1651 247 1774 279 oportet
1785 257 1796 272 ,
1817 247 1850 268 ut
1862 237 1950 268 alteri
1967 237 2145 270 assentiatur
2157 249 2227 271 tan—

1233 292 1327 323 quam
1345 280 1436 313 falsae.
1462 280 1590 313 Arvero
1609 281 1745 321 iudicare
1756 280 2000 322 propositionem
2019 282 2226 320 probabilem,

1235 335 1299 357 non
1316 324 1358 356 est
1367 325 1498 365 praebere
1516 323 1722 356 illiassensum
1738 326 1958 364 opinativum,
1979 323 2124 364 quiahoc
2148 324 2228 365 judi-

1233 370 1320 400 cium
1339 377 1403 399 non
1422 366 1507 399 estde
1524 369 1656 398 veritate
1673 366 1912 408 propositionis,
1940 365 1988 398 sed
2010 366 2141 398 deillius
2158 377 2228 408 pro-

1234 412 1410 446 babilitate·‚
1429 420 1498 451 quae
1513 420 1620 442 tamen
1629 408 1830 441 confundunt
1849 410 1990 451 Vasquez
2011 411 2043 441 &
2066 409 2227 446 Sancliez,

1235 465 1300 486 non
1323 454 1547 485 constituentes
1568 454 1651 484 inter
1672 452 1736 483 haec
1757 453 1822 484 duo
1839 453 1976 493 aliquam
1998 452 2207 484 differentiam
2217 474 2228 489 ,

1234 499 1272 531 ad
1293 496 1407 539 quodsi
1429 496 1647 530 advertissent,
1670 496 1703 527 in
1722 497 1983 536 praenominatam
2003 496 2229 537 aequivocatio-

1235 551 1307 573 nem
1324 550 1389 572 non
1399 540 1592 572 incidissent.
1616 537 1713 570 Unde
1732 538 1796 578 jure
1816 539 1942 577 optimo
1950 539 2075 570 illorum
2092 549 2228 570 errorem

1234 584 1411 625 redarguit,
1432 584 1465 616 &
1482 582 1541 614 late
1563 580 1708 614 confutat
1730 581 1826 612 Andr.
1837 580 1968 613 Blancus
1989 591 2027 613 ex
2046 583 2154 614 eadem
2172 582 2230 613 So-

1235 629 1349 659 cietate
1363 625 1450 667 Jesu,
1473 625 1525 658 sub
1542 625 1672 658 nomine
1689 622 1828 656 Candidi
1848 622 2033 660 Philalerhi,
2055 627 2089 657 in
2109 626 2229 661 libello,

1236 670 1287 702 seu
1296 668 1433 702 traCtatu
1440 667 1476 700 de
1486 671 1658 709 opinionum
1665 669 1761 707 praxi
1771 664 1864 707 quest.
1876 676 1902 705 3.
1910 675 1964 706 per
1972 676 2068 699 totam
2077 689 2088 703 ,
2110 670 2142 700 δε
2154 678 2230 710 prae-

1235 712 1454 755 cipuepag48.
1466 711 1734 753 verſsDicendum,
1743 711 1776 742 &
1787 707 1931 750 quast-57.
1939 717 2062 752 pag.77.
2073 711 2230 752 verfiAd-

1236 766 1324 789 verte
1333 757 1432 796 primo
1442 776 1452 791 ‚
1462 757 1494 787 δε
1503 763 1570 795 pag.
1581 757 1632 795 84.
1643 753 1724 796 verfi
1733 749 1824 795 Confi
1825 761 1945 784 rmatur
1954 772 1965 787 ‚
1984 756 2022 784 (9‘
2030 754 2109 795 verfi
2117 756 2231 787 Secun-

1236 801 1272 832 d'o
1281 821 1291 835 ,
1311 801 1387 831 &in
1411 809 1437 840 3.
1448 798 1643 833 Corollaria,
1663 805 1731 837 pag.
1744 805 1812 835 17¹·
1822 795 1903 837 verfi
1914 796 2004 827 Nam
2025 797 2120 834 quoad
2128 796 2211 829 illud
2220 820 2228 828 .

1236 843 1301 879 Cui
1322 842 1426 874 libello
1448 850 1555 883 praetei·
1576 841 1676 882 ipsum
1697 842 1855 872 Andream
1876 838 2132 880 subscripserunt,
2153 841 2232 880 ejus*

1236 898 1296 928 que
1314 884 1492 918 dostrinam
1515 885 1683 925 probarunt
1693 885 1748 915 alii
1768 882 1844 915 osto
1861 893 1927 914 non
1947 881 2068 914 obscuri
2090 886 2230 916 nominis

1237 932 1337 964 Sacrae
1358 928 1544 970 Theologiae
1565 926 1749 959 Professores
1766 946 1776 961 ,
1797 928 1830 958 ὃ(
1852 925 1997 967 Magistri
2006 946 2016 961 ,
2037 935 2073 958 ut
2095 935 2178 966 patet
2201 929 2234 958 in

1238 973 1338 1015 princ.
1350 972 1444 1005 libelli
1466 983 1474 1003 ε
1495 973 1611 1004 &ante
1627 980 1701 1002 eum
1711 968 1845 1012 idipsum
1862 970 1998 1001 advertit
2019 967 2130 1001 Castro
2141 968 2232 1001 Palao

1234 1025 1318 1057 part.
1331 1025 1356 1048 1-
1365 1015 1442 1057 disp.
1453 1026 1480 1046 2.
1491 1017 1518 1053 §.
1530 1027 1557 1048 2.
1568 1024 1648 1046 num.
1658 1025 1688 1053 4.
1698 1013 1752 1045 ubi
1761 1014 1978 1054 impugnando
1987 1011 2130 1044 Sancliez
2138 1032 2149 1047 ,
2171 1015 2231 1044 ait:

1238 1061 1348 1098 Neque
1354 1057 1392 1092 ab
1400 1057 1589 1100 intrinsecis,
1597 1067 1687 1095 neque
1696 1055 1734 1090 ab
1741 1056 1925 1097 extrinsecis
1933 1058 2063 1088 motivis
2068 1054 2234 1096 procedere

1237 1102 1351 1145 poffiant
1359 1105 1393 1135 in
1403 1100 1504 1134 eodem
1514 1101 1604 1134 intell
1607 1101 1668 1132 effla
1678 1098 1735 1132 duo
1744 1099 1872 1142 affensus
1885 1097 2056 1139 probabiles
2064 1101 2232 1134 contrarii,

1237 1148 1308 1185 quia
1316 1145 1487 1178 intellel‘ius
1496 1141 1650 1178 nonhabet
1659 1141 1834 1177 libertatem
1844 1163 1854 1178 ,
1874 1143 2026 1184 propofita
2037 1145 2173 1175 veritate
2184 1141 2233 1175 ob-

1237 1189 1309 1229 jem
1316 1210 1327 1225 ,
1336 1192 1369 1221 ni
1365 1190 1397 1232 fi
1405 1198 1438 1220 ut
1447 1186 1626 1229 affentiatur
1634 1190 1736 1227 parti,
1748 1197 1835 1225 quam
1846 1197 1953 1218 veram
1961 1184 2121 1228 existimat
2132 1207 2141 1221 ‚
2163 1196 2234 1224 qua«

1239 1234 1280 1265 lis
1291 1231 1332 1274 est
1341 1244 1401 1265 una
1407 1230 1531 1265 tantiam
1535 1240 1610 1272 pars
1619 1252 1629 1266 ,
1638 1230 1675 1264 &⁴
1684 1229 1811 1271 hasselt
1818 1227 2005 1270 probabilior
2015 1251 2023 1259 .
2034 1231 2064 1261 Ε
2069 1239 2082 1261 t
2090 1232 2116 1262 S
2117 1229 2234 1262 anchcz.

1238 1279 1441 1314 equivocavit
1450 1297 1460 1310 ,
1470 1273 1542 1308 dum
1545 1274 1626 1319 fecit
1635 1274 1799 1317 transttum
1809 1273 1829 1305 a*
1839 1270 1990 1313 probabili
1999 1270 2107 1311 objeiio
2116 1272 2157 1304 ad
2165 1281 2234 1312 pro-

1238 1318 1339 1353 babile
1347 1318 1493 1358 judicium
1508 1330 1518 1348 :
1535 1329 1607 1351 nam
1621 1316 1688 1360 stat
1697 1316 1814 1355 quidem
1824 1315 1860 1349 de
1875 1313 1983 1354 objesto
1994 1318 2166 1351 contrario,
2180 1315 2233 1357 seu

1239 1365 1272 1395 in
1281 1365 1469 1395 contrarium
1478 1371 1620 1394 movente
1621 1360 1762 1404 formari
1767 1359 1843 1401 poffe
1853 1358 1998 1398 iudicium
2006 1380 2016 1395 ,
2028 1359 2102 1398 quod
2112 1359 2176 1391 tale
2186 1358 2236 1391 ob-

1239 1407 1347 1445 jetium
1365 1406 1412 1448 fit
1420 1416 1460 1437 ex
1480 1414 1605 1443 utraque
1614 1413 1702 1444 parte
1715 1401 1889 1444 probabile‚·
1903 1402 1962 1444 sed
1981 1402 2034 1435 hoc
2043 1401 2084 1444 est
2092 1402 2236 1440 judicium

1240 1448 1368 1482 evidens
1377 1448 1414 1481 de
1418 1446 1637 1489 probabilitate
1646 1445 1809 1488 honestatis
1819 1467 1829 1482 ,
1851 1445 1926 1485 quod
1940 1445 1981 1488 est
1989 1445 2173 1488 insufficiens
2194 1445 2237 1477 ad

1239 1491 1356 1534 honeste
1364 1491 1513 1532 agendum
1521 1512 1532 1526 ,
1540 1489 1578 1524 (¹2²¹
1587 1502 1646 1522 non
1654 1488 1695 1532 est
1704 1490 1785 1522 illud
1792 1489 1934 1529 judicium
1939 1487 2097 1530 probabile
2104 1493 2142 1521 de
2150 1491 2236 1521 veri-

1240 1546 1304 1569 tate
1313 1534 1476 1578 honestatis
1484 1555 1493 1570 ,
1516 1532 1591 1573 quod
1600 1543 1756 1572 tamquam
1773 1533 1964 1574 waffarium
1971 1534 2012 1566 ad
2019 1531 2136 1575 honeste
2144 1543 2236 1572 agen-

1240 1580 1310 1613 dum
1327 1581 1493 1618 requiritur
1510 1576 1548 1610 ab
1567 1576 1725 1612 omnibus‚·
1745 1576 1819 1615 quod
1834 1578 1906 1610 ciam
1927 1575 2032 1609 haberi
2053 1588 2112 1608 non
2132 1577 2236 1618 poffit‚

1241 1623 1301 1667 nifi
1317 1622 1354 1655 de
1364 1634 1423 1654 una
1439 1630 1528 1663 parte
1546 1619 1796 1654 contradifflonis
1808 1641 1818 1655 ,
1839 1619 2031 1664 manifestum
2053 1618 2095 1661 est
2104 1619 2238 1651 nondum

1240 1669 1348 1699 inveni
1350 1664 1387 1707 ffi’
1396 1664 1552 1702 Sanchez,
1563 1664 1702 1705 quomodo
1711 1673 1870 1703 utramque
1876 1666 1963 1708 poffit
1973 1666 2038 1702 quis
2047 1664 2169 1703 opinari
2179 1682 2188 1697 ‚
2201 1661 2238 1694 (9·

1240 1713 1273 1742 in
1289 1719 1383 1751 praxi
1398 1710 1502 1752 sequi.
1525 1710 1602 1742 Haec
1624 1710 1694 1741 ille.
1720 1709 1758 1741 Et
1776 1711 1970 1741 concordant
1981 1708 2122 1749 Layman
2140 1703 2194 1738 lib.
2210 1714 2236 1737 ι.

1241 1753 1350 1787 Theol.
1360 1755 1470 1786 moral.
1482 1754 1572 1785 trabi.
1587 1763 1613 1785 1.
1625 1766 1649 1786 c.
1660 1762 1686 1792 5.
1697 1753 1848 1785 Bresserus
1869 1751 1921 1785 lib.
1934 1761 1960 1793 3.
1971 1750 2008 1783 de
2029 1750 2216 1790 conscientia
2227 1769 2238 1784 ,

1240 1799 1274 1831 δέ
1293 1797 1455 1830 novissime
1463 1797 1560 1839 Julius
1579 1797 1744 1829 Mercorus
1753 1798 1787 1828 in
1803 1797 1894 1828 tran.
1905 1795 1942 1827 de
1945 1791 2165 1836 probabilitate
2175 1794 2240 1833 opi-

1239 1844 1364 1874 nionum
1374 1862 1384 1877 ,
1405 1849 1485 1881 part.
1497 1852 1523 1872 2.
1534 1849 1595 1872 art.
1611 1849 1635 1871 i.
1647 1840 1700 1872 ubi
1711 1841 1847 1881 pluribus
1866 1839 2001 1871 ostendit
2010 1846 2182 1879 repugnare
2190 1846 2240 1867 ra-

1240 1887 1324 1917 tioni
1342 1906 1352 1920 ‚
1383 1895 1417 1917 ut
1439 1886 1523 1916 idem
1545 1883 1721 1915 intellectus
1743 1883 1831 1914 simul
1855 1882 1944 1924 possit
1965 1881 2102 1914 assentiri
2123 1879 2240 1911 assensu

1240 1928 1407 1970 opinativo
1428 1929 1552 1968 utrique
1564 1928 1644 1968 parti
1665 1925 1929 1959 contradictionis
1940 1948 1947 1956 .
1970 1925 2009 1957 Et
2029 1923 2153 1966 probae
2173 1921 2241 1953 sen·

1239 1972 1340 2004 tentia
1358 1971 1470 2013 allegat
1479 1973 1576 2002 etiam
1598 1969 1639 2001 D.
1650 1968 1744 2001 Card.
1755 1971 1793 2000 de
1815 1968 1906 2011 Lugo
1926 1967 2038 2010 disput.
2053 1976 2101 2011 ¹0:
2111 1964 2239 2009 deside,

1233 2015 1308 2058 fisi.
1322 2024 1334 2046 1
1341 2036 1348 2044 .
1359 2026 1388 2046 n.
1397 2023 1443 2054 14·
1453 2013 1663 2045 affirmantem
1672 2033 1682 2048 ,
1692 2015 1956 2051 aequivocationem
1965 2013 2048 2052 pati,
2059 2011 2108 2049 qui
2117 2007 2243 2053 confun-

1241 2058 1289 2090 dit
1296 2056 1352 2090 haec
1360 2056 1416 2090 duo
1426 2078 1436 2092 ,
1457 2055 1580 2089 credere
1590 2056 1805 2098 conclufionem
1819 2057 1911 2088 illam
1919 2055 1973 2096 eſje
1980 2051 2165 2095 probabilem
2173 2073 2183 2088 ,
2205 2051 2243 2084 (ῥ’

1241 2101 1362 2134 credere
1370 2097 1572 2140 probabiliter
1581 2100 1671 2131 illam
1681 2111 1691 2129 :
1702 2097 1837 2140 quaesunt
1847 2098 1943 2131 valde
1951 2098 2077 2140 diversa
2087 2108 2099 2134 ;
2110 2107 2183 2129 nam
2193 2097 2243 2134 qui

1242 2153 1348 2176 tenent
1356 2144 1491 2181 aliquam
1503 2143 1733 2185 propofitionem
1749 2139 1955 2181 probabilem,
1975 2140 2139 2173 concedunt
2148 2140 2244 2182 fimul

1242 2188 1432 2220 contrariam
1440 2182 1495 2225 effe
1502 2182 1687 2224 probabilem
1697 2205 1707 2219 ,
1716 2195 1774 2215 non
1783 2193 1886 2215 tamen
1895 2183 2022 2215 credunt
2031 2193 2139 2214 veram
2149 2186 2244 2214 etiam

1242 2229 1355 2271 affensu
1361 2226 1515 2269 probabili
1523 2247 1534 2262 ,
1555 2227 1691 2264 alioquin
1698 2224 1844 2258 haberent
1853 2225 1982 2266 affensus
1991 2225 2065 2257 duos
2072 2223 2240 2264 probabiles

1243 2272 1281 2305 de
1301 2271 1422 2311 objefiis
1438 2270 1703 2303 contradictoriis.
1726 2269 1802 2301 Haec
1819 2269 1880 2300 ibi.
1903 2268 1974 2301 Nec
1996 2271 2191 2301 admittenda
2201 2268 2241 2299 est
2288 2278 2300 2289 ⁹

1243 2315 1455 2348 consideratio
1471 2312 1613 2354 vasquez
1624 2333 1634 2348 ,
1655 2310 1825 2353 quodlicet
1844 2311 2022 2344 inrelleustus
2039 2311 2244 2352 speculativus

1243 2359 1393 2400 opinetur
1403 2368 1440 2390 ex
1451 2356 1628 2389 intrinsecis
1645 2357 1807 2397 principiis
1816 2365 1913 2387 unam
1929 2357 2116 2397 opinionem
2124 2355 2181 2386 esse
2193 2365 2246 2386 ve-

1244 2412 1332 2436 ram,
1353 2410 1461 2434 tamen
1478 2399 1656 2431 intelleetus
1666 2398 1822 2440 praebitus
1846 2397 1898 2430 bic
1918 2400 1952 2431 &
1975 2408 2059 2430 nunc
2084 2398 2179 2439 potest
2199 2397 2246 2429 as·

1246 2445 1354 2477 sentiri
1362 2442 1664 2485 opinionioppositae
1673 2462 1684 2476 ,
1705 2441 1782 2474 &in
1794 2444 1881 2483 praxi
1891 2442 1976 2474 illam
1986 2441 2069 2482 sequi
2077 2451 2114 2473 ex
2125 2441 2246 2483 princi-

1247 2490 1300 2530 pio
1310 2487 1485 2520 extrinseco
1495 2506 1504 2520 ,
1527 2485 1659 2526 eoquod
1671 2486 1793 2526 probati
1809 2485 1965 2517 Authores
1973 2495 2044 2516 eam
2062 2484 2247 2526 sequantur.

1246 2531 1417 2574 Qioniam
1427 2550 1437 2565 ,
1459 2539 1493 2561 ut
1509 2530 1614 2570 inquit
1632 2527 1662 2560 S.
1674 2527 1817 2560 Thomas
1841 2530 1874 2559 in
1888 2539 1913 2561 ι.
1921 2536 2005 2568 part.
2015 2526 2109 2570 quaest.
2121 2538 2172 2567 79.
2182 2537 2245 2561 art.

1251 2585 1298 2607 11.
1309 2573 1485 2606 Intellectus
1502 2572 1669 2612 prasticus,
1691 2570 1729 2603 Θ
1740 2571 1950 2612 speculativus
1963 2582 2022 2604 non
2034 2573 2111 2614 flent
2118 2571 2246 2613 diverſse

1243 2619 1403 2660 potentie,
1426 2618 1516 2654 quia,
1536 2613 1969 2655 utdicituri713·deAnima,
1990 2615 2162 2646 intelletius
2175 2615 2247 2656 spe-

1246 2661 1403 2694 culativus
1409 2667 1464 2700 per
1484 2659 1694 2702 extenfionem
1708 2656 1752 2700 fit
1758 2658 1910 2698 prafflcus
1925 2670 1935 2688 .·
1957 2669 2016 2690 una
2032 2667 2133 2690 autem
2141 2666 2246 2697 poten«

1247 2707 1295 2736 tia
1315 2714 1376 2735 non
1385 2711 1521 2735 mutatur
1542 2704 1574 2734 in
1583 2702 1700 2736 aliam,
1720 2700 1845 2733 &infra
1866 2713 1874 2733 :
1896 2699 2067 2734 Secundum
2083 2711 2183 2733 autem
2192 2700 2246 2733 hoc

1248 2743 1396 2790 differunt
1416 2745 1588 2778 intelleslus
1601 2744 1832 2786 speculativus,
1854 2744 1892 2777 (ᾗ
1905 2744 2057 2784 pratil-'cus
2078 2757 2088 2774 .·
2110 2756 2181 2776 nam
2199 2747 2248 2776 in·

1248 2790 1387 2823 teilestus
1401 2788 1611 2830 speculativus
1620 2787 1680 2830 est,
1702 2789 1771 2826 qui,
1792 2785 1869 2825 quod
1890 2785 2109 2828 apprehendit,
2129 2799 2188 2819 non
2197 2799 2247 2818 or-

1248 2833 1339 2866 dinat
1347 2832 1390 2865 ad
1398 2840 1467 2873 opus
1477 2852 1487 2867 ,
1498 2831 1557 2873 sed
1564 2832 1710 2872 adsolam
1721 2833 1869 2863 veritatis
1876 2831 2148 2874 confidcrationem
2156 2843 2166 2860 .·
2176 2840 2247 2871 pra-

1248 2877 1340 2909 &icus
1359 2877 1433 2908 vero
1443 2875 1615 2908 intelleHus
1625 2874 1760 2909 dicitur,
1782 2876 1831 2912 qui
1850 2872 1923 2909 hoc,
1945 2872 2020 2912 quod
2028 2873 2248 2914 apprehendit,

1252 2921 1378 2951 ordinat
1388 2917 1429 2950 ad
1439 2927 1507 2959 opus
1524 2931 1534 2948 :
1552 2918 1590 2950 6*
1597 2916 1649 2949 hoc
1658 2914 1699 2958 est
1708 2937 1718 2951 ,
1740 2916 1817 2955 quod
1824 2917 1901 2949 dicit
1911 2915 2122 2959 Philosophus,
2142 2915 2249 2958 ubisu·

1252 2962 1610 3005 pra,quodspeculativus
1619 2959 1653 2992 di
1678 2969 1725 2991 ert
1733 2961 1753 2991 a'
1760 2958 2080 3002 prasiicofinefflndea'
2086 2961 2150 3003 fine
2157 2961 2249 2992 deno·

1253 3009 1390 3039 minatur
1399 3002 1582 3043 uterque,h1c
1591 3006 1640 3042 qui
1665 3013 1710 3035 em
1713 3001 1936 3044 speculativas,
1945 3007 1969 3036 il
1973 3005 2002 3036 le
2012 3015 2084 3036 vero
2089 3004 2248 3044 praciicus.

1256 3049 1420 3082 Hactenus
1441 3049 1535 3080 verba
1551 3046 1593 3079 D.
1611 3046 1762 3079 Tliomae.
1785 3045 1871 3079 cum
1891 3057 1967 3089 ergo
1988 3047 2163 3080 intellestus
2186 3047 2250 3089 spe·

1253 3092 1410 3125 culativus
1428 3101 1464 3123 ex
1478 3090 1540 3122 sola
1560 3090 1703 3124 veritatis
1718 3089 1965 3122 consideratione
1988 3091 2156 3123 secundum
2179 3102 2250 3132 pro-

1255 3136 1320 3177 pria
1339 3137 1374 3168 &
1391 3134 1558 3167 intrinseca
1579 3136 1623 3166 rei
1639 3133 1793 3175 principia
1802 3134 2003 3174 apprehendit
2014 3145 2108 3167 unam
2119 3135 2245 3176 opinio-

1255 3190 1327 3210 nem
1345 3178 1607 3220 probabiliteresse
1627 3187 1754 3211 veram,
1779 3187 1843 3208 non
1868 3178 1962 3217 potest
1981 3177 2157 3210 intellectus
2181 3188 2248 3219 pra-

1257 3222 1358 3254 esicus
1379 3222 1467 3255 simul
1484 3221 1712 3262 apprchendere
1738 3221 1938 3260 probabiliter
1958 3222 2015 3253 esse
2038 3232 2145 3253 veram
2165 3221 2249 3253 illius

1255 3264 1557 3298 contradictoriam,
1579 3273 1708 3304 eamque
1731 3266 1768 3294 ad
1777 3273 1856 3304 opus
1877 3266 2022 3296 ordinare
2039 3275 2075 3296 ex
2094 3264 2250 3306 principio

1255 3308 1451 3342 extrinseco,
1473 3306 1512 3353 eo
1532 3306 1619 3348 quod
1641 3316 1711 3338 eam
1733 3305 1896 3347 sequantui·
1920 3309 2040 3348 probati
2061 3309 2218 3341 Autliores
2239 3327 2249 3341 J

1256 3362 1290 3384 ut
1312 3361 1399 3392 putat
1418 3351 1577 3391 Vasquez·‚
1599 3359 1666 3381 tum
1683 3349 1758 3389 quia
1782 3350 1839 3382 boc
1864 3353 1960 3383 modo
1980 3354 2088 3385 eadem
2109 3350 2251 3392 potentia

1256 3394 1432 3426 intellectus
1446 3394 1646 3435 speculativi,
1669 3394 1701 3424 ὅ(
1714 3392 1842 3433 praffici
1854 3395 2096 3435 apprehenderet
2107 3415 2116 3429 ,
2137 3395 2168 3425 ὃς
2179 3393 2249 3433 opi-

1258 3447 1384 3469 naretur
1405 3440 1470 3469 duo
1494 3435 1739 3468 contradictoria
1761 3437 1819 3468 eise
1849 3437 1937 3469 simul
1960 3449 2032 3470 vera
2049 3457 2059 3472 ,
2086 3439 2169 3478 quod
2193 3446 2251 3469 nec

1259 3481 1345 3514 Deus
1366 3481 1460 3513 etiam
1471 3489 1522 3521 per
1541 3481 1773 3512 diveiiaiiiedia
1791 3480 1890 3514 facere
1908 3482 2023 3524 potest,
2045 3490 2077 3513 ut
2101 3482 2250 3520 inquiunt

2140 3523 2208 3554 Du-

2261 930 2316 968 ¹3⁶
