2397 3664
715 55 815 120 De
834 59 1084 120 Constit.
1119 79 1167 122 c.
1201 60 1302 122 Ne
1336 62 1604 125 innitaris·
2029 89 2094 136 75

156 149 210 182 vel
218 145 315 190 officio
324 144 422 189 nostro
430 167 442 184 ,
449 146 501 179 vel
511 142 706 188 observantia
715 165 725 180 ‚
734 155 821 183 quam
830 147 881 178 Ill.
892 148 933 177 G.
943 148 979 179 V.
989 144 1123 178 debemus
1132 166 1142 181 ,

155 190 247 235 deesse
254 211 265 227 ‚
274 194 377 223 eadem
387 189 446 233 :sta
451 188 594 229 dogmata
602 186 719 222 attente
728 208 739 222 ‚
750 186 788 220 ὠ
795 190 919 223 iteratis
921 188 998 230 sepi·
1007 186 1124 222 vicibus
1132 210 1141 224 ‚

155 245 222 269 tam
229 235 432 274 collegialiter
440 253 451 270 ,
466 232 555 273 quam
564 230 695 273 seorfim
703 240 775 262 ante
782 239 836 273 pro
843 235 975 264 materie
981 234 1142 272 gravitate

152 277 364 320 perpendimus
371 298 382 313 ,
402 275 440 310 ω’·
455 276 701 307 examinavimus
707 284 720 309 ,·
739 284 776 305 ac
794 273 1042 314 deprehendimus
1062 276 1073 317 (
1096 277 1142 308 uti

149 319 263 364 schedae
270 319 347 363 hisce
354 320 453 359 junHae
461 314 639 350 indicabunt
647 316 658 356 )
668 315 743 354 quod
750 317 906 356 tantopere
915 316 954 351 ab
963 317 1141 351 orthodoxis

154 365 308 398 Dostrime
325 361 500 403 Christiane
505 361 669 399 principiis
688 357 864 393 exorbitent
872 380 882 396 ‚
903 370 1022 400 tamque
1043 362 1142 394 latam

154 416 275 448 portam
282 408 369 440 varii
373 405 493 444 generis
502 404 596 434 vitiis
604 404 747 441 aperiant
756 423 767 438 ‚
788 412 821 435 ut
831 414 930 436 omnes
939 405 973 436 in
990 416 1026 437 ea
1033 407 1142 437 unani—

153 453 247 484 miter
255 451 352 494 stmur
358 447 509 488 sententia
516 466 526 481 ³
547 446 709 487 Praefizlum
715 446 857 490 Ecclesiae
866 446 920 488 effe
927 448 987 480 illa
996 457 1142 486 tanquam

147 494 286 536 salutari
292 488 410 532 Christi
417 488 555 521 doflrinae
563 486 750 530 diffentanea
769 489 937 533 profligare
946 510 957 525 ²
978 490 1017 524 67⁴
1023 490 1043 523 a
1053 492 1142 525 Dioe—

154 535 266 580 cestbus
275 533 341 576 fitis
350 534 431 566 omni
440 533 678 565 convenientiori
687 551 698 567 ‚
719 541 774 570 quo
781 531 816 564 id
833 532 977 572 expedire
984 532 1142 571 judicave-

153 583 221 612 rint
229 599 240 614 ‚
259 577 344 609 modo
351 577 512 609 eliminare
520 587 533 612 ‚·
553 573 734 608 recurrendo
741 576 835 608 etiam
850 577 884 606 in
892 573 980 616 istum
995 574 1092 618 finem
1100 575 1142 608 ad

154 621 298 655 Sanctam
306 623 332 654 S
333 620 416 652 edem
424 640 434 654 ‚
444 622 526 658 eique
527 616 725 660 supplicando
735 638 745 653 ‚
765 627 799 650 ut
809 617 847 650 ω’·
853 619 919 660 ipsa
929 629 1051 652 manum
1054 620 1142 659 Jalu-

153 675 253 698 tarem
261 662 328 696 huic
336 673 402 695 tam
409 662 573 704 perniciofit
587 663 706 700 utrique
713 660 889 702 Reipublicae
910 663 994 694 malo*
999 660 1142 695 adhibere

152 707 296 746 dignetur
303 728 312 737 .
333 708 442 745 Neque
462 709 543 738 enim
553 702 693 738 dubitare
712 703 750 736 de
759 716 794 736 ea
804 702 950 747 postumus
958 726 969 741 ‚
989 707 1060 745 quin
1069 706 1141 746 ‘msa

152 752 335 783 enormitate
343 771 354 785 ‚
373 749 519 792 potestate
532 750 594 793 fibi
603 747 625 781 ιὶ
635 750 767 781 Domino
782 750 816 780 in
824 747 1057 791 edificationem
1072 760 1141 781 con-

153 793 227 834 ceffa
236 814 246 828 ,
255 793 392 836 ufitrafit
402 814 412 829 ,
422 792 460 826 ῥ’
468 805 504 825 ne
513 791 590 825 illud
598 789 805 833 pestilentifho
814 788 924 834 afflatu
932 790 1029 825 latius
1037 794 1070 824 in
1079 793 1142 825 Ec-

152 837 182 872 cl
185 837 244 880 esla
252 858 262 872 ,
269 837 398 879 pretioso
408 836 674 879 Chrzstisanguine
685 833 841 875 redempta
849 856 861 870 2
878 835 1037 876 proserpat
1046 855 1056 870 ‚
1077 835 1142 876 effi-

152 883 266 913 caciter
275 881 471 921 prepeditum
480 902 488 910 .
510 877 632 912 Interea*
638 885 743 918 preces
763 877 880 920 nostras
889 877 970 919 apud
976 880 1019 911 D.
1031 880 1075 910 D.
1086 881 1140 911 M-

152 922 245 956 enixe
254 926 473 964 interponemus
482 944 492 958 ‚
513 933 545 955 ut
554 923 605 954 Ill.
615 925 648 955 S.
659 923 698 953 G.
709 924 741 953 in
750 921 854 954 adulto
862 920 914 954 hoc
915 922 1002 964 senio
1010 932 1141 954 renova-

153 969 184 998 ri
194 965 300 1010 faciat
316 976 349 999 ut
363 967 468 1005 aquile
477 967 664 1005 juventutem
676 963 766 1004 fleam
776 986 789 999 2
805 975 926 1003 eamque
942 967 972 997 E
975 965 1034 997 cele
1030 965 1082 1008 βα
1104 969 1141 997 (7

154 1009 239 1043 nobis
248 1011 354 1042 multis
362 1009 457 1042 adhuc
466 1012 557 1041 annis
562 1008 704 1050 [ospitem
714 1008 869 1050 conservet
879 1029 888 1042 ,
898 1007 935 1040 (9¹⁸
944 1010 1121 1040 incolumem
1132 1030 1139 1038 .

152 1054 237 1086 Infra
245 1054 412 1089 habebatur
421 1064 428 1084 :
439 1052 640 1095 Illustriffimae
650 1062 685 1082 ac
694 1050 952 1092 Reverendiffimae
961 1053 1076 1083 Gratia»
1085 1052 1141 1100 Ve—

145 1095 218 1138 strae
238 1096 279 1128 ad
288 1107 372 1128 omne
392 1093 556 1136 obsequium
565 1095 749 1137 devotiffi'mi
762 1093 899 1137 famuli,
920 1096 1081 1127 Daunus,
1105 1100 1141 1126 (5¹

154 1140 300 1173 facultas
320 1142 354 1171 S.
366 1138 509 1178 Theolog.
520 1141 554 1170 in
570 1139 672 1170 Aona.
682 1138 802 1170 Lovan.
813 1137 962 1179 Signabat
984 1137 1141 1169 Gerardus

152 1186 304 1217 Vanuerm
319 1190 375 1222 pro
384 1191 515 1222 tempore
532 1184 688 1229 Decanus,
703 1179 806 1221 suo&
820 1182 912 1213 totius
920 1183 955 1213 S.
967 1181 1141 1214 facultatis

153 1228 273 1258 nomine
283 1247 290 1256 .
314 1227 451 1259 Lovanii
465 1235 491 1266 5.
503 1228 593 1265 Mali
607 1229 641 1258 16
645 1233 695 1265 57.

152 1312 342 1347 Assertiones
370 1314 512 1353 quaedam
539 1311 690 1344 dostrinae
719 1311 847 1343 moralis
879 1320 930 1352 per
950 1311 1142 1343 Facultatem

196 1356 425 1396 Theologicam
447 1355 668 1387 Lovaniensem
680 1356 716 1386 ad
739 1354 971 1395 requisitionem
983 1354 1141 1386 Reverem

197 1399 310 1431 diffimi
332 1399 466 1430 Domini
484 1398 627 1440 Episcopi
649 1397 863 1429 Gandavensis
884 1401 1089 1431 examinatae2
1109 1400 1141 1430 &c

195 1443 257 1475 suis
267 1442 426 1486 sigillatim
436 1442 571 1474 censuris
582 1441 743 1482 perstrictae
753 1461 762 1475 ‚
772 1441 822 1473 die
832 1451 861 1481 4.
872 1440 954 1482 Maji
965 1443 1041 1472 anni
1054 1445 1142 1481 1657.

557 1484 695 1526 Affertio
715 1484 740 1515 Ι.

195 1529 336 1563 Licitum
365 1528 408 1560 est
433 1538 569 1571 quaerere
596 1526 713 1560 dis-este
739 1527 938 1559 occasionem
969 1528 1145 1569 proximam

153 1574 306 1613 peccandi
320 1583 375 1614 pro
387 1574 473 1605 bono
493 1571 662 1614 spirituali,
683 1579 736 1603 aut
746 1571 929 1612 temporali,
950 1572 1074 1606 nostro,
1094 1571 1143 1603 vel

154 1617 289 1656 proximi
305 1637 312 1646 .

565 1657 703 1700 Censura
718 1679 726 1688 .

195 1701 299 1736 Falsa,
320 1701 503 1736 temeraria,
526 1700 716 1743 perniciosa,
733 1709 825 1744 atque
836 1701 875 1733 ab
884 1701 1144 1736 auditufidelium

154 1745 259 1786 procul
275 1748 410 1777 arcenda
426 1745 565 1777 assertio.
624 1787 661 1819 Π

193 1829 303 1863 Nemo
311 1840 434 1863 tenetur
442 1830 639 1867 occafionem
649 1831 822 1872 proximam
834 1833 952 1871 peccati
964 1833 1061 1863 vitare
1071 1841 1146 1863 cum

151 1883 270 1916 magno
278 1873 332 1906 suo
341 1876 549 1911 detrimento;
571 1876 652 1906 unde
663 1885 720 1906 nec
730 1877 972 1906 concubinarius
988 1875 1144 1906 tenebitur

151 1917 314 1950 dimittere
322 1919 555 1952 concubinam,
573 1928 641 1958 quae
651 1918 705 1958 ipsi
719 1918 813 1949 nimis
825 1919 909 1950 utilis
920 1919 959 1949 est
974 1920 1011 1949 ad
1023 1920 1145 1949 lucran-

132 2000 135 2003 Δ
151 1962 227 1991 dum
236 1961 317 1992 bona
325 1961 507 2001 temporalia
516 1960 620 1993 media
631 1961 848 2001 negotiatione
857 1981 868 1996 ‚
879 1961 925 1992 vel
936 1963 1033 1992 etiam
1041 1961 1079 1992 ad
1089 1962 1144 1993 ob-

152 2002 376 2036 leetmnentum
387 2005 624 2039 concubinarii,
646 2003 741 2044 vulgo
759 2005 861 2043 regalo
873 2025 882 2038 ,
903 2006 978 2035 dum
995 2004 1144 2036 deficien-

152 2047 262 2081 teilla‚
283 2046 380 2077 nimis
389 2046 467 2087 aegre
476 2056 582 2087 ageret
603 2047 721 2081 vitam,
741 2048 774 2078 &
785 2049 851 2078 aliae
869 2048 964 2088 epulae
974 2049 1067 2079 taedio
1078 2057 1144 2079 ma-

151 2099 216 2131 gno
225 2088 382 2121 afficerent
391 2091 672 2125 concubinarium,
697 2091 732 2123 δε
743 2091 804 2122 alia
814 2089 930 2123 famula
950 2092 989 2122 ad
998 2092 1029 2122 id
1048 2092 1144 2123 nimis

151 2132 277 2165 difficile
291 2134 485 2165 inveniretur
495 2154 504 2162 .

568 2174 706 2214 Cenfi4ra
715 2197 722 2205 .

191 2216 770 2252 Praecedentiaffertioniconsectaria,
790 2218 823 2250 &
835 2218 985 2251 similibus
1001 2221 1085 2251 notis
1096 2221 1144 2251 in-

149 2263 267 2294 urenda
276 2259 398 2292 assertio
407 2281 418 2295 ‚
439 2260 606 2292 continens
621 2261 762 2301 praeterea
772 2262 988 2296 corollarium,
1014 2265 1059 2294 uti
1071 2263 1144 2305 Epi-

149 2314 317 2337 cureorum
328 2304 449 2345 placitis
466 2304 658 2339 consonum,
679 2306 723 2335 ita
745 2303 997 2337 Christianorum
1010 2308 1122 2347 regulis
1134 2327 1143 2341 ,

149 2348 262 2389 quibus
274 2357 425 2381 manum,
449 2349 558 2389 pedem
567 2368 576 2382 ‚
584 2349 616 2379 δε
626 2348 756 2379 oculum
764 2358 889 2390 quoque
899 2350 1043 2382 dextrum
1057 2350 1065 2379 s
1068 2360 1142 2381 can-

150 2391 341 2423 dalizantem
349 2389 525 2423 abscindere
535 2411 545 2425 ,
566 2401 659 2433 atque
668 2390 684 2422 a
695 2392 785 2423 nobis
806 2392 938 2431 abjicere
949 2394 1143 2434 praecipimur

151 2434 314 2467 adversum
324 2456 331 2464 .

193 2519 355 2551 Probabile
364 2518 405 2550 est
414 2539 425 2554 ‚
445 2529 510 2551 non
521 2530 648 2561 peccare
663 2521 836 2553 mottaliter
846 2542 858 2556 2
877 2521 933 2564 qui
944 2522 1079 2563 imponit
1087 2523 1143 2555 fal-

151 2561 219 2595 sum
228 2564 349 2595 crimen
358 2563 454 2594 alicui
463 2582 474 2596 ‚
497 2572 531 2595 ut
547 2563 631 2595 suam
641 2563 791 2605 justitiam
799 2585 809 2599 ‚
830 2566 863 2597 &
875 2565 1027 2598 honorem
1036 2566 1143 2599 defen-

151 2608 223 2643 dat3
243 2607 277 2638 &
287 2605 307 2636 fi
319 2606 378 2637 hoc
390 2616 455 2637 non
463 2604 499 2638 fit
509 2606 680 2647 probabile,
703 2610 757 2640 vix
767 2608 829 2641 ulla
837 2609 897 2641 erit
911 2611 1025 2650 opinio
1032 2612 1143 2651 proba-

153 2650 222 2681 bilis
234 2650 269 2682 in
277 2648 456 2690 Theologia
465 2670 474 2679 .

573 2689 710 2731 Cenfiara
718 2713 729 2722 .

194 2734 248 2767 Ne
268 2735 409 2767 umbram
418 2734 546 2776 quidem
568 2733 687 2776 praefert
698 2736 922 2776 probabilitatis
930 2758 943 2773 ‚
962 2738 1012 2771 sed
1030 2749 1142 2772 cumu-

152 2779 219 2811 lum
235 2779 371 2819 complet
381 2778 569 2810 temeritatis
578 2799 588 2813 ,
612 2777 774 2819 spatiosam
789 2780 1066 2815 calumniatoribus
1076 2803 1086 2818 ‚
1108 2785 1144 2816 &

151 2822 372 2864 impostoribus
382 2831 507 2864 portam
516 2823 675 2897 aperiepsl.

196 2908 250 2940 Fas
257 2908 300 2941 est
309 2909 378 2940 viro
386 2908 690 2941 honoratooccidere
703 2907 878 2941 invasorem
887 2928 896 2944 ‚
912 2910 967 2950 qui
976 2909 1086 2944 fustem
1093 2913 1142 2944 vel

156 2950 276 2993 alapam
285 2953 397 2984 nititur
406 2952 580 2994 impingere
588 2972 598 2987 ‚
616 2953 663 2983 vel
673 2952 867 2984 calumniam
876 2952 990 2985 inferre
999 2974 1009 2988 ‚
1020 2954 1042 2987 si
1053 2956 1143 2987 aliter

155 2993 218 3025 haec
229 2995 407 3036 ignominia
416 2997 511 3027 vitari
519 2998 628 3037 nequit
639 3017 647 3025 .
671 2996 757 3028 Idem
764 3005 888 3039 quoque
897 2996 970 3029 licet
978 3017 989 3032 2
997 2999 1144 3039 quamvis

155 3036 218 3079 post
228 3037 348 3071 illatam
367 3038 466 3080 fugiat
475 3060 483 3069 .

573 3080 710 3123 Censura
717 3104 726 3112 .

198 3121 287 3155 Prior
307 3134 375 3166 pars
385 3124 437 3157 sub
458 3123 623 3157 indiscreta
635 3125 686 3157 sua
706 3125 908 3166 generalitate
919 3125 1072 3159 nefariam
1080 3148 1091 3164 ‚
1107 3129 1143 3162 δε

158 3166 301 3197 humanae
317 3169 389 3200 vitae
406 3167 588 3209 injuriosam
610 3170 753 3200 continet
775 3167 953 3201 dostrinam
961 3191 969 3199 .
992 3169 1144 3204 Posterior

154 3219 278 3250 quoque
287 3219 351 3241 non
361 3221 427 3243 tam
436 3212 548 3253 justam
557 3212 716 3245 violentiae
733 3211 938 3254 repulsionem
947 3233 960 3248 2
977 3213 1072 3255 quarn
1079 3217 1142 3256 pri-

156 3262 236 3284 vatae
246 3252 392 3284 vindictae
402 3256 621 3288 executionem
628 3254 722 3296 spirat
730 3277 738 3285 .

198 3337 336 3372 Licitum
351 3337 391 3370 est
399 3341 540 3374 occidere
560 3341 788 3374 calumniosum
797 3340 956 3377 actorem,
976 3342 1064 3376 testes
1075 3364 1085 3379 ‚
1106 3345 1143 3378 &

154 3381 445 3458 {nluffssmJUdi‘em
454 3402 466 3419 ,
485 3385 525 3416 ad
535 3383 717 3419 servandam
724 3386 826 3420 vitam
833 3405 844 3422 ‚
863 3385 1016 3420 honorem
1023 3407 1037 3424 2
1051 3389 1085 3421 &
1094 3397 1142 3421 res

169 3435 232 3459 aim
247 3436 324 3459 iares
333 3448 340 3456 .

1601 150 1666 181 Cen
1680 158 1752 181 ura.

1224 190 1445 224 Abominanda
1462 212 1471 223 2
1494 147 1726 234 execrandague
1745 191 1869 225 assertio
1886 213 1897 229 ‚
1920 193 2139 227 assassinatibus
2159 217 2170 231 ,

1181 232 1373 267 ficariatibus
1381 255 1391 269 ‚
1412 235 1539 276 aliisque
1562 235 1691 276 publicis
1702 236 1822 277 justitiae
1844 237 1995 269 ministris
2004 257 2014 272 ‚
2035 241 2113 278 quin
2135 240 2169 270 &

1180 276 1252 317 ipsis
1270 287 1393 319 quoque
1409 277 1604 320 Principibus
1620 279 1883 320 praesentissimum
1905 290 2072 322 procreans
2088 284 2169 323 peri—

1180 320 1288 353 culum
1299 342 1307 351 .

1641 365 1671 396 V
1682 365 1705 396 1.

1223 406 1358 438 Videtur
1374 407 1550 447 probabile,
1570 417 1699 441 omnem
1709 408 1840 445 fretum,
1861 412 2013 452 quamdiu
2030 413 2063 443 in
2079 420 2170 443 utero

1181 448 1222 479 est
1231 469 1241 483 ³
1262 459 1366 482 carere
1376 452 1482 481 anima
1492 451 1656 485 rationali,
1674 452 1708 483 δέ
1720 462 1794 485 tunc
1804 452 1940 494 primum
1949 454 2086 495 incipere
2093 465 2168 486 ean-

1181 493 1252 522 dem
1262 491 1391 526 habere‚
1401 491 1475 524 cum
1487 493 1619 534 paritum
1636 504 1672 525 ac
1681 495 1905 536 consequenter
1913 497 2081 532 dicendum
2090 499 2150 530 erit
2157 518 2167 532 ‚

1181 535 1217 567 in
1226 535 1311 566 nullo
1320 536 1430 567 abortu
1440 535 1648 567 homicidium
1658 538 1836 570 committi.

1414 582 1418 587 ’
1599 580 1733 620 Censura
1741 602 1749 609 .

1219 618 1324 654 falsa,
1344 623 1377 654 &
1388 619 1590 662 Philosophiae
1608 632 1645 653 ac
1654 621 1838 664 Theologiae
1854 626 2015 668 prIncipiis
2024 627 2169 661 dissenta-

1181 672 1240 695 nea
1261 665 1382 695 assertio
1389 684 1400 701 ‚f
1418 663 1590 704 perniciose
1600 675 1724 706 quoque
1746 667 1952 705 concludens;
1974 670 2124 711 siquidem
2134 681 2168 702 ur

1180 707 1215 736 in
1226 707 1422 745 Apologetico
1428 715 1484 747 pro
1494 706 1696 749 Christianis,
1706 716 1769 749 cap.
1780 720 1809 747 9.
1819 720 1926 743 monet
1936 711 2167 745 Tertullianus:

1180 748 1518 792 Homicidiifestinatio
1527 750 1568 792 est
1573 749 1730 791 prohibere
1738 752 1822 794 nasci
1831 773 1842 787 ‚
1862 765 1915 785 nec
1924 753 2021 797 refert
2029 777 2038 791 ‚
2059 766 2166 788 natam

1181 794 1246 830 quis
1255 794 1302 824 eri
1303 795 1369 833 piat
1378 796 1512 825 animam
1522 815 1531 829 ‚
1541 805 1593 826 aut
1602 794 1773 835 nascentem
1782 794 1928 837 disturbet
1937 798 2040 830 :homo
2049 798 2089 840 est
2098 820 2108 834 ‚
2130 799 2168 832 (ῥ’
2179 833 2182 839 ,

1182 838 1231 873 qui
1233 835 1359 879 futurus
1368 835 1408 877 est
1418 858 1427 872 ,
1437 836 1596 880 &frus-bus
1606 840 1702 870 omnis
1709 839 1773 877 iam
1783 841 1817 871 in
1819 840 1936 881 semine
1946 839 1987 882 est
1995 863 2002 871 .
2018 841 2167 884 Qlapro-

1183 888 1250 919 pter
1258 881 1297 911 ad
1307 879 1472 914 homicidii
1482 891 1601 913 reatum
1618 884 1701 922 quod
1711 883 1824 915 attinet
1833 903 1845 918 ‚
1865 883 2051 917 inculcanda
2063 883 2169 925 potius

1183 921 1275 953 fuerit
1282 923 1423 956 fidelibus
1430 924 1596 965 Augustini
1607 923 1758 958 sententia
1767 926 1821 957 isia
1827 929 2000 968 Sam-244.
2009 928 2047 960 de
2055 937 2167 968 tempo-

1182 974 1214 997 re
1236 977 1246 997 :
1268 966 1393 1000 Mulier
1412 977 1579 1006 quaecunque
1587 967 1701 1011 fecerit
1709 966 1778 1003 hoc,
1796 977 1850 1009 per
1858 969 1933 1008 quod
1946 979 2009 1009 jam
2019 982 2076 1002 non
2081 972 2168 1012 possit

1182 1011 1264 1039 conci
1263 1017 1335 1048 pere
1343 1030 1352 1043 ‚
1374 1010 1606 1049 quantoscunque
1613 1019 1721 1051 parer-e
1728 1020 1846 1056 poterat
1856 1033 1866 1048 ‚
1882 1022 2037 1047 tantorum
2045 1013 2167 1048 homici-

1182 1049 1301 1083 diorum
1309 1063 1391 1084 ream
1401 1053 1437 1094 se
1446 1053 1500 1095 effe
1508 1055 1662 1096 cognoscat
1671 1077 1679 1084 ·

1224 1135 1375 1172 Clarum,
1396 1139 1430 1170 ὃς
1447 1148 1568 1173 certum
1577 1139 1636 1174 est,
1655 1140 1796 1180 Judicem
1816 1151 1880 1173 non
1890 1142 1971 1183 posse
1992 1145 2101 1185 punire
2111 1144 2168 1179 ali-

1181 1190 1276 1221 quem
1285 1200 1296 1215 2
1315 1181 1371 1222 qui
1380 1180 1498 1214 securus
1510 1182 1548 1217 est
1559 1183 1744 1224 opinionem
1754 1185 1943 1227 probabilem
1953 1208 1961 1216 .

1600 1226 1738 1267 Cenfitra
1746 1248 1755 1256 .

1226 1266 1360 1299 Assertio
1367 1268 1462 1300 relata
1471 1270 1510 1301 ad
1519 1279 1588 1301 eam
1598 1270 1847 1310 probabili-tatem
1855 1290 1866 1305 ,
1886 1281 1982 1312 quam
1989 1273 2113 1306 assertio
2119 1276 2170 1307 26ι

1184 1308 1234 1342 seu
1242 1311 1351 1342 ultima
1359 1313 1501 1344 obtendit
1511 1333 1520 1347 ‚
1531 1313 1651 1354 prorsus
1662 1312 1734 1344 falsa
1745 1314 1783 1344 ell
1794 1334 1807 1349 2
1818 1315 1852 1345 δε
1863 1314 2030 1355 judiciariae
2040 1317 2168 1356 potesta-

1185 1355 1225 1384 tis
1234 1364 1389 1395 perperam
1400 1355 1558 1388 coardtiva
1567 1376 1580 1390 ,
1596 1356 1783 1390 seditionum
1793 1377 1802 1391 ‚
1823 1368 1858 1388 ac
1869 1358 2070 1390 rebellionum
2082 1362 2169 1392 inve-

1185 1397 1270 1427 ctiva
1279 1417 1289 1431 ‚
1308 1399 1436 1438 publicae
1446 1399 1680 1439 tranquillitatis
1689 1400 1842 1432 turbativa
1851 1421 1860 1436 ‚
1883 1403 1988 1433 necin
1996 1401 2170 1444 Republica

1184 1439 1266 1475 reike
1282 1442 1428 1473 ordinata
1438 1442 1591 1474 ullatenus
1607 1443 1768 1474 toleranda
1779 1464 1787 1472 .

1226 1525 1407 1558 Permissum
1423 1527 1464 1559 est
1473 1526 1568 1561 furari
1583 1528 1759 1563 nonsolum
1779 1529 1961 1566 inextrema
1979 1531 2175 1569 necestitate,

1185 1569 1341 1603 sedetiam
1353 1570 1386 1601 in
1408 1571 1514 1613 gravi.

1602 1615 1741 1658 Cenfhra
1749 1638 1761 1648 .

1228 1657 1333 1689 Furari
1345 1657 1431 1689 nullo
1439 1657 1510 1690 casu
1521 1658 1696 1700 permissum
1707 1659 1748 1691 est
1756 1680 1766 1694 ‚
1774 1660 1849 1701 quia
1858 1661 2025 1694 snm-insece
2034 1663 2172 1698 malum:

1186 1699 1334 1741 surripere
1344 1710 1448 1732 autem
1457 1702 1594 1733 alienum
1603 1723 1613 1736 ‚
1622 1702 1797 1742 permissum
1806 1706 1935 1745 quidem
1943 1705 2025 1737 estin
2034 1716 2173 1741 extrema

1185 1743 1380 1778 necessitate,
1400 1746 1525 1783 quando
1535 1746 1624 1777 aliter
1641 1746 1745 1777 baberi
1755 1756 1818 1778 non
1829 1748 1943 1788 potest3
1965 1748 2014 1780 sed
2031 1750 2106 1781 illud
2117 1760 2170 1781 ex-

1185 1790 1310 1818 tendere
1321 1787 1486 1818 indiffinite
1497 1790 1534 1820 ad
1545 1788 1755 1820 necessitatem
1764 1799 1892 1831 gravem
1901 1811 1911 1827 ‚
1926 1791 1968 1824 est
1977 1793 2049 1824 date
2065 1793 2174 1828 ansam

1186 1832 1368 1872 pauperibus
1378 1833 1414 1862 ad
1427 1831 1531 1871 passim
1544 1830 1710 1863 furandum
1720 1853 1728 1862 .

1228 1917 1347 1949 Famuli
1364 1916 1527 1950 &famulae
1548 1918 1723 1951 domestica:
1732 1918 1853 1966 possunt
1860 1920 1982 1953 occu-lte
1992 1921 2073 1953 lieris
2083 1921 2173 1957 sutri<

1186 1969 1256 2001 pere
1265 1962 1302 1992 ad
1312 1961 1575 2002 compensandam
1591 1963 1813 2002 operatnsuam
1822 1983 1833 1998 2
1852 1973 1950 2005 quam
1963 1965 2119 2006 majorem
2127 1967 2172 2005 ju-

1184 2005 1293 2036 dicant
1302 2004 1410 2036 salario
1419 2024 1429 2039 ‚
1448 2007 1533 2046 quod
1547 2007 1702 2046 recipiunt
1712 2027 1721 2035 .

1604 2048 1738 2090 Censura
1747 2070 1755 2078 .

1227 2090 1302 2122 Haec
1315 2090 1437 2123 assertio
1447 2089 1518 2122 falsa
1527 2091 1584 2125 est,
1607 2089 1752 2124 naturam
1761 2091 1900 2125 hominis
1910 2095 1949 2127 de
1958 2093 1985 2128 se
1995 2104 2124 2136 pronam
2135 2098 2175 2130 ad

1184 2135 1303 2166 malum
1312 2135 1506 2184 ptaecipitans
1516 2134 1550 2165 in
1563 2134 1644 2166 furta
1652 2155 1662 2170 ‚
1683 2146 1719 2166 ac
1727 2136 1932 2169 domesticam
1938 2147 2046 2178 pacem
2057 2149 2174 2179 pertur-

1185 2178 1279 2212 bans,
1299 2187 1338 2208 eo
1349 2177 1396 2208 vel
1406 2177 1616 2217 potissimum,
1640 2179 1722 2219 quod
1735 2179 1789 2210 illa
1806 2179 2019 2220 compensa-tio
2037 2181 2176 2223 ipsorum

1184 2219 1377 2253 famulorum
1397 2222 1429 2252 &
1441 2220 1629 2253 famularum
1636 2221 1760 2264 judicio*
1775 2222 1982 2265 relinquatur.

1227 2305 1299 2348 Qu
1309 2306 1392 2338 cessit
1403 2305 1492 2342 foro,
1514 2307 1611 2348 potest
1626 2307 1682 2340 sibi
1692 2310 1824 2340 retinere
1834 2310 1915 2342 bona
1925 2329 1936 2345 ‚
1957 2311 2068 2352 quibus
2090 2313 2172 2345 indi-

1184 2359 1236 2390 get
1246 2353 1286 2382 ad
1300 2350 1553 2382 sustentationem
1565 2350 1691 2383 familiae
1700 2372 1713 2388 „
1721 2362 1760 2383 ne
1768 2351 1914 2384 indecore
1924 2354 2009 2384 vivat
2018 2373 2028 2386 ,
2038 2353 2110 2385 lieet
2118 2356 2170 2385 de—

1185 2395 1249 2425 bita
1258 2413 1267 2428 ,
1280 2404 1335 2435 pro
1344 2394 1458 2435 quibus
1466 2395 1549 2426 cedit
1557 2414 1566 2430 ‚
1579 2393 1639 2427 fint
1648 2405 1684 2426 ex
1695 2395 1846 2443 injustitia
1853 2415 1864 2431 ,
1873 2397 1908 2428 &
1917 2395 2043 2427 notorio
2051 2396 2170 2429 delicio

1185 2436 1347 2469 contr-asta
1356 2458 1363 2467 .

1602 2479 1737 2520 Censura
1745 2500 1753 2508 .

1226 2522 1302 2554 Haec
1312 2522 1475 2554 assertioin
1487 2521 1537 2554 sua
1556 2523 1758 2563 generalitate
1768 2520 1840 2554 falsa
1857 2522 1899 2555 est
1908 2543 1918 2558 ‚
1938 2524 1972 2558 &
1992 2525 2170 2565 perniciosae

1184 2564 1311 2606 sequela:
1320 2585 1330 2598 ‚
1351 2564 1458 2605 utpote
1478 2564 1635 2605 plerosque
1656 2564 1737 2597 fures
1746 2585 1756 2599 ,
1777 2567 1811 2598 &
1821 2566 1995 2600 alienorum
2017 2569 2171 2603 bonorum

1183 2608 1376 2650 usurpatores
1386 2609 1519 2640 liberans
1531 2606 1549 2640 a
1557 2608 1750 2640 restitutione
1760 2630 1772 2640 r

1225 2695 1264 2727 In
1277 2693 1354 2727 caus
1351 2705 1369 2726 a
1377 2694 1486 2736 aequali
1503 2694 1598 2735 potest
1605 2694 1700 2735 Judex
1709 2694 1825 2735 aquuid
1839 2695 1879 2727 ab
1886 2704 1948 2728 una
1966 2697 2104 2737 partium
2115 2708 2168 2732 ac·

1182 2738 1285 2779 cipere
1294 2758 1304 2773 ‚
1325 2747 1358 2770 ut
1369 2738 1555 2770 sententiam
1563 2739 1596 2768 in
1618 2739 1682 2779 ejus
1694 2737 1833 2769 savorem
1841 2737 1918 2770 ferat
1929 2760 1937 2768 .

1599 2783 1626 2814 C
1628 2780 1734 2821 enfiara
1743 2802 1750 2809 .

1225 2823 1307 2857 falsa
1316 2823 1375 2858 est,
1397 2823 1518 2866 justitiae
1527 2823 1697 2866 perversiva
1707 2844 1716 2858 ‚
1737 2825 1771 2856 δέ
1780 2825 1968 2858 immanibus
1977 2845 1988 2862 ,
2008 2836 2045 2859 ac
2062 2830 2169 2870 quoti-

1182 2869 1286 2901 dianis
1293 2868 1477 2910 corruptelis
1493 2867 1578 2900 viam
1589 2868 1727 2942 steggtletlis
1735 2888 1743 2896 .

1225 2952 1297 2995 Qui
1318 2954 1415 2986 alium
1436 2963 1559 2988 movet,
1581 2962 1634 2984 aut
1656 2953 1778 2985 inducit
1796 2955 1836 2986 ad
1857 2953 2056 2988 inferendum
2074 2966 2166 2997 grave

1185 3000 1335 3030 damnum
1344 2998 1457 3032 tertio,
1478 3007 1544 3029 non
1559 3005 1681 3029 tenetur
1689 2998 1727 3028 ad
1744 2996 1973 3031 restitutionem
1980 2999 2065 3031 istius
2079 3003 2165 3031 dam-

1183 3043 1215 3073 ni
1238 3041 1318 3073 illati
1328 3061 1336 3070 .

1592 3085 1622 3116 C
1622 3082 1744 3124 enfhra.

1224 3124 1339 3167 Aperte
1360 3124 1433 3160 salsa
1452 3125 1512 3162 est,
1531 3126 1566 3159 ὃς
1585 3126 1796 3168 receptissimis
1816 3126 1938 3169 justitiae
1958 3127 2072 3169 regulis
2089 3137 2166 3160 con-

1183 3172 1278 3203 traria
1295 3191 1303 3199 .

1616 3211 1668 3244 XI
1681 3212 1693 3246 1
1704 3212 1728 3244 1.
2058 3235 2060 3238 .

1224 3254 1331 3289 Usura
1340 3264 1405 3287 non
1419 3254 1462 3286 est
1470 3274 1482 3290 ‚
1501 3255 1578 3287 dum
1585 3256 1665 3287 ultra
1680 3255 1793 3289 sortem
1801 3257 1919 3297 aliquid
1937 3257 2074 3298 exigitur
2094 3265 2165 3288 tan-

1181 3309 1277 3340 quam
1285 3309 1321 3331 ex
1333 3298 1566 3334 benevolentia,
1587 3299 1621 3331 &
1629 3301 1819 3340 gratitudine
1828 3300 1987 3337 debitum3
2006 3298 2056 3332 sed
2066 3299 2164 3333 solum

1182 3343 1205 3374 st
1214 3343 1356 3384 exigatur
1363 3349 1513 3382 tanquam
1521 3351 1558 3375 ex
1568 3341 1682 3382 justitia
1692 3344 1830 3374 debitum
1839 3363 1848 3371 .

1595 3384 1732 3425 Cenfitra
1741 3407 1749 3415 .

1223 3428 1298 3459 Haec
1310 3428 1429 3459 assertio
1437 3428 1605 3469 periculosa
1614 3428 1655 3460 est
1664 3447 1674 3462 ‚
1696 3429 1728 3459 &
1738 3426 1870 3459 serviens
1888 3429 1926 3461 ad
1937 3429 2163 3464 excusandum,

1182 3472 1213 3503 ἃ
1224 3471 1411 3512 palliandum
1420 3471 1522 3503 usuras
1533 3473 1569 3503 de
1581 3472 1644 3511 jure
1655 3469 1866 3511 pra-sumptas.
2038 3515 2113 3545 XIV
