<?xml version="1.0" encoding="UTF-8"?>
<!DOCTYPE html PUBLIC "-//W3C//DTD XHTML 1.0 Transitional//EN"
    "http://www.w3.org/TR/xhtml1/DTD/xhtml1-transitional.dtd">
<html xmlns="http://www.w3.org/1999/xhtml" xml:lang="en" lang="en">
 <head>
  <title>
</title>
<meta http-equiv="Content-Type" content="text/html;charset=utf-8" />
  <meta name='ocr-system' content='tesseract 3.04.00' />
  <meta name='ocr-capabilities' content='ocr_page ocr_carea ocr_par ocr_line ocrx_word'/>
</head>
<body>
  <div class='ocr_page' id='page_1' title='image "./commentariainpri01fagn_0354.png"; bbox 0 0 2397 3664; ppageno 0'>
   <div class='ocr_carea' id='block_1_1' title="bbox 241 132 1022 272">
    <p class='ocr_par' dir='ltr' id='par_1_1' title="bbox 241 132 1022 272">
     <span class='ocr_line' id='line_1_1' title="bbox 241 132 355 178; baseline 0.026 -3"><span class='ocrx_word' id='word_1_1' title='bbox 241 132 355 178; x_wconf 82' lang='lat'><em>-334</em></span> 
     </span>
     <span class='ocr_line' id='line_1_2' title="bbox 370 206 1022 272; baseline -0.021 1"><span class='ocrx_word' id='word_1_2' title='bbox 370 206 1022 272; x_wconf 25' lang='lat' dir='ltr'><em>s&#39;t&#39;JMMARJUJuu</em></span> 
     </span>
    </p>
   </div>
   <div class='ocr_carea' id='block_1_2' title="bbox 187 310 1204 3555">
    <p class='ocr_par' dir='ltr' id='par_1_2' title="bbox 244 310 1195 527">
     <span class='ocr_line' id='line_1_3' title="bbox 246 310 1194 361; baseline -0.005 -13"><span class='ocrx_word' id='word_1_3' title='bbox 246 335 259 361; x_wconf 61' lang='grc' dir='ltr'><em>ι</em></span> <span class='ocrx_word' id='word_1_4' title='bbox 374 319 488 350; x_wconf 75' lang='lat' dir='ltr'><em>Neonii</em></span> <span class='ocrx_word' id='word_1_5' title='bbox 501 315 536 348; x_wconf 86' lang='lat' dir='ltr'><em>de</em></span> <span class='ocrx_word' id='word_1_6' title='bbox 543 317 652 349; x_wconf 86' lang='lat' dir='ltr'><em>Butrio</em></span> <span class='ocrx_word' id='word_1_7' title='bbox 660 315 851 356; x_wconf 73' lang='lat' dir='ltr'><em>repetitiones</em></span> <span class='ocrx_word' id='word_1_8' title='bbox 861 312 959 346; x_wconf 71' lang='lat' dir='ltr'><em>mult-,e</em></span> <span class='ocrx_word' id='word_1_9' title='bbox 966 310 1088 345; x_wconf 66' lang='lat' dir='ltr'><em>incaute</em></span> <span class='ocrx_word' id='word_1_10' title='bbox 1098 313 1194 347; x_wconf 80' lang='lat' dir='ltr'><em>citan-</em></span> 
     </span>
     <span class='ocr_line' id='line_1_4' title="bbox 285 326 1195 401; baseline -0.007 -9"><span class='ocrx_word' id='word_1_11' title='bbox 285 326 357 401; x_wconf 79' lang='lat' dir='ltr'><strong>A</strong></span> <span class='ocrx_word' id='word_1_12' title='bbox 380 371 429 391; x_wconf 80' lang='lat' dir='ltr'><em>tur</em></span> <span class='ocrx_word' id='word_1_13' title='bbox 439 371 478 390; x_wconf 75' lang='lat' dir='ltr'><em>cx</em></span> <span class='ocrx_word' id='word_1_14' title='bbox 490 357 616 391; x_wconf 84' lang='lat' dir='ltr'><em>Abbate</em></span> <span class='ocrx_word' id='word_1_15' title='bbox 627 359 845 390; x_wconf 70' lang='lat' dir='ltr'><em>Panormitano</em></span> <span class='ocrx_word' id='word_1_16' title='bbox 853 377 863 392; x_wconf 91' lang='lat'>,</span> <span class='ocrx_word' id='word_1_17' title='bbox 882 357 916 387; x_wconf 85' lang='lat' dir='ltr'><em>in</em></span> <span class='ocrx_word' id='word_1_18' title='bbox 925 354 1006 395; x_wconf 82' lang='lat' dir='ltr'><em>cujus</em></span> <span class='ocrx_word' id='word_1_19' title='bbox 1012 364 1195 389; x_wconf 71' lang='lat' dir='ltr'><em>commenta-</em></span> 
     </span>
     <span class='ocr_line' id='line_1_5' title="bbox 323 400 724 448; baseline -0.005 -14"><span class='ocrx_word' id='word_1_20' title='bbox 323 416 349 434; x_wconf 75' lang='lat' dir='ltr'><em>ri</em></span> <span class='ocrx_word' id='word_1_21' title='bbox 357 415 384 434; x_wconf 70' lang='lat' dir='ltr'><em>ss</em></span> <span class='ocrx_word' id='word_1_22' title='bbox 393 404 581 448; x_wconf 78' lang='lat' dir='ltr'><em>reperiuntur</em></span> <span class='ocrx_word' id='word_1_23' title='bbox 591 400 706 442; x_wconf 67' lang='lat' dir='ltr'><em>inserte</em></span> <span class='ocrx_word' id='word_1_24' title='bbox 716 423 724 432; x_wconf 88' lang='lat'><em>.</em></span> 
     </span>
     <span class='ocr_line' id='line_1_6' title="bbox 244 438 1193 487; baseline -0.005 -10"><span class='ocrx_word' id='word_1_25' title='bbox 244 462 262 483; x_wconf 78' lang='lat'>2</span> <span class='ocrx_word' id='word_1_26' title='bbox 287 445 431 487; x_wconf 69' lang='lat' dir='ltr'><em>Epist-opo</em></span> <span class='ocrx_word' id='word_1_27' title='bbox 441 445 578 477; x_wconf 85' lang='lat' dir='ltr'><em>nonlicet</em></span> <span class='ocrx_word' id='word_1_28' title='bbox 590 443 789 485; x_wconf 66' lang='lat' dir='ltr'><em>Episcopatus*</em></span> <span class='ocrx_word' id='word_1_29' title='bbox 807 443 983 474; x_wconf 81' lang='lat' dir='ltr'><em>renuntiare</em></span> <span class='ocrx_word' id='word_1_30' title='bbox 1000 449 1119 485; x_wconf 84' lang='lat' dir='ltr'><em>propter</em></span> <span class='ocrx_word' id='word_1_31' title='bbox 1122 438 1193 484; x_wconf 78' lang='lat' dir='ltr'><em>fru-</em></span> 
     </span>
     <span class='ocr_line' id='line_1_7' title="bbox 325 489 637 527; baseline -0.003 -8"><span class='ocrx_word' id='word_1_32' title='bbox 325 499 391 527; x_wconf 81' lang='lat' dir='ltr'><em>gem</em></span> <span class='ocrx_word' id='word_1_33' title='bbox 405 489 540 519; x_wconf 83' lang='lat' dir='ltr'><em>melioris</em></span> <span class='ocrx_word' id='word_1_34' title='bbox 554 490 620 520; x_wconf 84' lang='lat' dir='ltr'><em>vitae</em></span> <span class='ocrx_word' id='word_1_35' title='bbox 630 510 637 518; x_wconf 89' lang='lat'><strong>.</strong></span> 
     </span>
    </p>

    <p class='ocr_par' dir='ltr' id='par_1_3' title="bbox 248 528 833 575">
     <span class='ocr_line' id='line_1_8' title="bbox 248 528 833 575; baseline -0.007 -11"><span class='ocrx_word' id='word_1_36' title='bbox 248 543 264 575; x_wconf 86' lang='lat'>3</span> <span class='ocrx_word' id='word_1_37' title='bbox 286 534 314 564; x_wconf 81' lang='lat' dir='ltr'><em>F</em></span> <span class='ocrx_word' id='word_1_38' title='bbox 315 533 397 570; x_wconf 82' lang='lat' dir='ltr'><em>rugis</em></span> <span class='ocrx_word' id='word_1_39' title='bbox 407 531 616 572; x_wconf 75' lang='lat' dir='ltr'><em>appellatione</em></span> <span class='ocrx_word' id='word_1_40' title='bbox 626 528 697 568; x_wconf 82' lang='lat' dir='ltr'><em>quid</em></span> <span class='ocrx_word' id='word_1_41' title='bbox 707 530 815 562; x_wconf 82' lang='lat' dir='ltr'><em>veniat</em></span> <span class='ocrx_word' id='word_1_42' title='bbox 824 551 833 561; x_wconf 90' lang='lat'>.</span> 
     </span>
    </p>

    <p class='ocr_par' dir='ltr' id='par_1_4' title="bbox 237 568 1192 653">
     <span class='ocr_line' id='line_1_9' title="bbox 237 568 1192 617; baseline -0.003 -11"><span class='ocrx_word' id='word_1_43' title='bbox 237 587 259 616; x_wconf 77' lang='lat'>4</span> <span class='ocrx_word' id='word_1_44' title='bbox 277 578 360 610; x_wconf 85' lang='lat' dir='ltr'><em>Cura</em></span> <span class='ocrx_word' id='word_1_45' title='bbox 367 583 396 606; x_wconf 89' lang='lat' dir='ltr'><em>to</em></span> <span class='ocrx_word' id='word_1_46' title='bbox 402 585 458 605; x_wconf 86' lang='lat' dir='ltr'><em>non</em></span> <span class='ocrx_word' id='word_1_47' title='bbox 467 575 539 606; x_wconf 87' lang='lat' dir='ltr'><em>licet</em></span> <span class='ocrx_word' id='word_1_48' title='bbox 550 574 723 617; x_wconf 81' lang='lat' dir='ltr'><em>Ecclefiam</em></span> <span class='ocrx_word' id='word_1_49' title='bbox 731 572 865 613; x_wconf 69' lang='lat' dir='ltr'><em>deserere</em></span> <span class='ocrx_word' id='word_1_50' title='bbox 874 593 884 608; x_wconf 86' lang='lat'>‚</span> <span class='ocrx_word' id='word_1_51' title='bbox 903 579 936 603; x_wconf 86' lang='lat' dir='ltr'><em>ut</em></span> <span class='ocrx_word' id='word_1_52' title='bbox 941 569 1083 613; x_wconf 81' lang='lat' dir='ltr'><em>transeat</em></span> <span class='ocrx_word' id='word_1_53' title='bbox 1092 568 1136 603; x_wconf 86' lang='lat' dir='ltr'><em>ad</em></span> <span class='ocrx_word' id='word_1_54' title='bbox 1142 571 1192 603; x_wconf 78' lang='lat' dir='ltr'><em>vi-</em></span> 
     </span>
     <span class='ocr_line' id='line_1_10' title="bbox 322 619 624 653; baseline 0.003 -5"><span class='ocrx_word' id='word_1_55' title='bbox 322 627 390 649; x_wconf 74' lang='lat' dir='ltr'><em>tam</em></span> <span class='ocrx_word' id='word_1_56' title='bbox 401 619 430 649; x_wconf 86' lang='grc' dir='ltr'><em>Ε</em></span> <span class='ocrx_word' id='word_1_57' title='bbox 432 619 605 653; x_wconf 78' lang='lat' dir='ltr'><em>remiticam</em></span> <span class='ocrx_word' id='word_1_58' title='bbox 615 641 624 652; x_wconf 84' lang='lat'><strong>.</strong></span> 
     </span>
    </p>

    <p class='ocr_par' dir='ltr' id='par_1_5' title="bbox 239 655 1193 779">
     <span class='ocr_line' id='line_1_11' title="bbox 239 655 1192 704; baseline -0.002 -13"><span class='ocrx_word' id='word_1_59' title='bbox 239 670 254 702; x_wconf 99' lang='grc'><strong><em>5</em></strong></span> <span class='ocrx_word' id='word_1_60' title='bbox 278 659 440 704; x_wconf 70' lang='lat' dir='ltr'><em>Episcopus</em></span> <span class='ocrx_word' id='word_1_61' title='bbox 468 672 524 693; x_wconf 89' lang='lat' dir='ltr'><em>non</em></span> <span class='ocrx_word' id='word_1_62' title='bbox 543 659 635 703; x_wconf 76' lang='lat' dir='ltr'><em>potest</em></span> <span class='ocrx_word' id='word_1_63' title='bbox 659 669 762 692; x_wconf 85' lang='lat' dir='ltr'><em>curam</em></span> <span class='ocrx_word' id='word_1_64' title='bbox 779 656 965 700; x_wconf 77' lang='lat' dir='ltr'><em>pastoralem</em></span> <span class='ocrx_word' id='word_1_65' title='bbox 986 655 1118 697; x_wconf 86' lang='lat' dir='ltr'><em>deserere</em></span> <span class='ocrx_word' id='word_1_66' title='bbox 1127 678 1138 692; x_wconf 83' lang='grc'><em>,</em></span> <span class='ocrx_word' id='word_1_67' title='bbox 1158 663 1192 689; x_wconf 82' lang='lat' dir='ltr'><em>ut</em></span> 
     </span>
     <span class='ocr_line' id='line_1_12' title="bbox 322 698 1193 743; baseline -0.003 -9"><span class='ocrx_word' id='word_1_68' title='bbox 322 702 462 743; x_wconf 75' lang='lat' dir='ltr'><em>transeat</em></span> <span class='ocrx_word' id='word_1_69' title='bbox 494 703 536 736; x_wconf 82' lang='lat' dir='ltr'><em>ad</em></span> <span class='ocrx_word' id='word_1_70' title='bbox 559 701 790 739; x_wconf 83' lang='lat' dir='ltr'><em>Monanhatum</em></span> <span class='ocrx_word' id='word_1_71' title='bbox 811 723 821 738; x_wconf 89' lang='lat'>‚</span> <span class='ocrx_word' id='word_1_72' title='bbox 849 700 887 736; x_wconf 56' lang='grc' dir='ltr'><em>Φ</em></span> <span class='ocrx_word' id='word_1_73' title='bbox 905 711 984 733; x_wconf 79' lang='lat' dir='ltr'><em>nunc,</em></span> <span class='ocrx_word' id='word_1_74' title='bbox 1000 699 1085 741; x_wconf 75' lang='lat' dir='ltr'><em>seqq.</em></span> <span class='ocrx_word' id='word_1_75' title='bbox 1106 698 1193 740; x_wconf 79' lang='lat' dir='ltr'><em>usque</em></span> 
     </span>
     <span class='ocr_line' id='line_1_13' title="bbox 322 746 524 779; baseline 0.005 -1"><span class='ocrx_word' id='word_1_76' title='bbox 322 746 363 778; x_wconf 83' lang='lat' dir='ltr'><em>ad</em></span> <span class='ocrx_word' id='word_1_77' title='bbox 383 757 462 778; x_wconf 87' lang='lat' dir='ltr'><em>num.</em></span> <span class='ocrx_word' id='word_1_78' title='bbox 477 756 488 779; x_wconf 91' lang='lat'>1</span> <span class='ocrx_word' id='word_1_79' title='bbox 500 757 524 779; x_wconf 90' lang='lat'><em>1.</em></span> 
     </span>
    </p>

    <p class='ocr_par' dir='ltr' id='par_1_6' title="bbox 238 783 1191 865">
     <span class='ocr_line' id='line_1_14' title="bbox 238 783 1191 834; baseline -0.006 -11"><span class='ocrx_word' id='word_1_80' title='bbox 238 796 257 823; x_wconf 83' lang='grc'>6</span> <span class='ocrx_word' id='word_1_81' title='bbox 280 790 447 834; x_wconf 73' lang='lat' dir='ltr'><em>Tranfitus</em></span> <span class='ocrx_word' id='word_1_82' title='bbox 469 790 489 821; x_wconf 67' lang='lat' dir='ltr'><em>a¹</em></span> <span class='ocrx_word' id='word_1_83' title='bbox 511 788 683 832; x_wconf 68' lang='lat' dir='ltr'><em>perseZZiori</em></span> <span class='ocrx_word' id='word_1_84' title='bbox 684 787 773 830; x_wconf 87' lang='lat' dir='ltr'><em>statu</em></span> <span class='ocrx_word' id='word_1_85' title='bbox 783 785 827 819; x_wconf 85' lang='lat' dir='ltr'><em>ad</em></span> <span class='ocrx_word' id='word_1_86' title='bbox 836 783 939 821; x_wconf 72' lang='lat' dir='ltr'><em>minist</em></span> <span class='ocrx_word' id='word_1_87' title='bbox 962 785 1123 830; x_wconf 70' lang='lat' dir='ltr'><em>persec&#39;lum</em></span> <span class='ocrx_word' id='word_1_88' title='bbox 1132 796 1191 819; x_wconf 79' lang='lat' dir='ltr'><em>non</em></span> 
     </span>
     <span class='ocr_line' id='line_1_15' title="bbox 326 834 498 865; baseline -0.006 0"><span class='ocrx_word' id='word_1_89' title='bbox 326 846 341 865; x_wconf 86' lang='grc' dir='ltr'><em>ι</em></span> <span class='ocrx_word' id='word_1_90' title='bbox 376 834 480 865; x_wconf 80' lang='lat' dir='ltr'><em>licitus</em></span> <span class='ocrx_word' id='word_1_91' title='bbox 490 856 498 864; x_wconf 92' lang='lat'><strong>.</strong></span> 
     </span>
    </p>

    <p class='ocr_par' dir='ltr' id='par_1_7' title="bbox 191 832 1191 918">
     <span class='ocr_line' id='line_1_16' title="bbox 191 832 1191 918; baseline -0.009 -7"><span class='ocrx_word' id='word_1_92' title='bbox 191 897 195 901; x_wconf 94' lang='lat'>·</span> <span class='ocrx_word' id='word_1_93' title='bbox 237 887 259 918; x_wconf 90' lang='lat'><strong><em>7</em></strong></span> <span class='ocrx_word' id='word_1_94' title='bbox 279 832 388 911; x_wconf 60' lang='lat' dir='ltr'><em>susim</em></span> <span class='ocrx_word' id='word_1_95' title='bbox 417 875 609 917; x_wconf 73' lang='lat' dir='ltr'><em>Episcopalis</em></span> <span class='ocrx_word' id='word_1_96' title='bbox 627 873 783 916; x_wconf 61' lang='lat' dir='ltr'><em>perfettior</em></span> <span class='ocrx_word' id='word_1_97' title='bbox 801 871 842 914; x_wconf 87' lang='lat' dir='ltr'><em>est</em></span> <span class='ocrx_word' id='word_1_98' title='bbox 852 873 872 914; x_wconf 29' lang='lat' dir='ltr'><em>g,</em></span> <span class='ocrx_word' id='word_1_99' title='bbox 900 870 988 912; x_wconf 70' lang='lat' dir='ltr'><em>quam</em></span> <span class='ocrx_word' id='word_1_100' title='bbox 1000 870 1104 914; x_wconf 84' lang='lat' dir='ltr'><em>status</em></span> <span class='ocrx_word' id='word_1_101' title='bbox 1120 872 1191 904; x_wconf 83' lang='lat' dir='ltr'><em>reli-</em></span> 
     </span>
    </p>

    <p class='ocr_par' dir='ltr' id='par_1_8' title="bbox 187 932 439 954">
     <span class='ocr_line' id='line_1_17' title="bbox 187 932 439 954; baseline 0 -2"><span class='ocrx_word' id='word_1_102' title='bbox 187 936 190 940; x_wconf 61' lang='lat'>*</span> <span class='ocrx_word' id='word_1_103' title='bbox 342 932 420 954; x_wconf 62' lang='grc' dir='ltr'><strong><em>1011ιῖ</em></strong></span> <span class='ocrx_word' id='word_1_104' title='bbox 431 942 439 952; x_wconf 70' lang='grc' dir='ltr'><strong>ο</strong></span> 
     </span>
    </p>

    <p class='ocr_par' dir='ltr' id='par_1_9' title="bbox 239 932 1194 1045">
     <span class='ocr_line' id='line_1_18' title="bbox 239 932 1194 1005; baseline -0.004 -11"><span class='ocrx_word' id='word_1_105' title='bbox 239 967 259 998; x_wconf 84' lang='lat'>8</span> <span class='ocrx_word' id='word_1_106' title='bbox 283 966 314 996; x_wconf 80' lang='grc' dir='ltr'><em>Ε</em></span> <span class='ocrx_word' id='word_1_107' title='bbox 316 932 396 1005; x_wconf 49' lang='lat' dir='ltr'><em>{isto</em></span> <span class='ocrx_word' id='word_1_108' title='bbox 397 972 451 1003; x_wconf 87' lang='lat' dir='ltr'><em>pus</em></span> <span class='ocrx_word' id='word_1_109' title='bbox 455 961 520 1001; x_wconf 89' lang='lat' dir='ltr'><em>sem</em></span> <span class='ocrx_word' id='word_1_110' title='bbox 525 962 552 992; x_wconf 89' lang='lat' dir='ltr'><em>el</em></span> <span class='ocrx_word' id='word_1_111' title='bbox 574 959 760 1000; x_wconf 83' lang='lat' dir='ltr'><em>consecratus</em></span> <span class='ocrx_word' id='word_1_112' title='bbox 771 981 781 996; x_wconf 84' lang='lat'>‚</span> <span class='ocrx_word' id='word_1_113' title='bbox 800 959 938 1001; x_wconf 81' lang='lat' dir='ltr'><em>perpetuo</em></span> <span class='ocrx_word' id='word_1_114' title='bbox 947 960 1059 990; x_wconf 82' lang='lat' dir='ltr'><em>retinet</em></span> <span class='ocrx_word' id='word_1_115' title='bbox 1065 957 1194 1000; x_wconf 85' lang='lat' dir='ltr'><em>potesta-</em></span> 
     </span>
     <span class='ocr_line' id='line_1_19' title="bbox 324 1005 648 1045; baseline -0.012 -7"><span class='ocrx_word' id='word_1_116' title='bbox 324 1015 384 1038; x_wconf 85' lang='lat' dir='ltr'><em>tem</em></span> <span class='ocrx_word' id='word_1_117' title='bbox 395 1005 612 1045; x_wconf 80' lang='lat' dir='ltr'><em>consecrationi</em></span> <span class='ocrx_word' id='word_1_118' title='bbox 616 1016 630 1034; x_wconf 95' lang='lat' dir='ltr'><em>s</em></span> <span class='ocrx_word' id='word_1_119' title='bbox 641 1027 648 1034; x_wconf 93' lang='lat'><strong><em>.</em></strong></span> 
     </span>
    </p>

    <p class='ocr_par' dir='ltr' id='par_1_10' title="bbox 239 1044 1003 1090">
     <span class='ocr_line' id='line_1_20' title="bbox 239 1044 1003 1090; baseline -0.005 -11"><span class='ocrx_word' id='word_1_120' title='bbox 239 1061 258 1088; x_wconf 87' lang='lat'>9</span> <span class='ocrx_word' id='word_1_121' title='bbox 282 1047 480 1090; x_wconf 77' lang='lat' dir='ltr'><em>Episcopatus</em></span> <span class='ocrx_word' id='word_1_122' title='bbox 488 1057 591 1079; x_wconf 85' lang='lat' dir='ltr'><em>nomen</em></span> <span class='ocrx_word' id='word_1_123' title='bbox 601 1044 643 1087; x_wconf 80' lang='lat' dir='ltr'><em>est</em></span> <span class='ocrx_word' id='word_1_124' title='bbox 663 1047 761 1078; x_wconf 87' lang='lat' dir='ltr'><em>oneris</em></span> <span class='ocrx_word' id='word_1_125' title='bbox 770 1067 781 1083; x_wconf 79' lang='lat'>‚</span> <span class='ocrx_word' id='word_1_126' title='bbox 800 1055 857 1076; x_wconf 83' lang='lat' dir='ltr'><em>non</em></span> <span class='ocrx_word' id='word_1_127' title='bbox 867 1044 985 1078; x_wconf 83' lang='lat' dir='ltr'><em>honoris</em></span> <span class='ocrx_word' id='word_1_128' title='bbox 995 1068 1003 1074; x_wconf 91' lang='lat'><em>.</em></span> 
     </span>
    </p>

    <p class='ocr_par' dir='ltr' id='par_1_11' title="bbox 223 1086 1043 1133">
     <span class='ocr_line' id='line_1_21' title="bbox 223 1086 1043 1133; baseline -0.007 -8"><span class='ocrx_word' id='word_1_129' title='bbox 223 1103 261 1125; x_wconf 80' lang='grc' dir='ltr'><em>ιο</em></span> <span class='ocrx_word' id='word_1_130' title='bbox 281 1095 357 1125; x_wconf 72' lang='lat' dir='ltr'><em>Vita</em></span> <span class='ocrx_word' id='word_1_131' title='bbox 367 1092 609 1131; x_wconf 85' lang='lat' dir='ltr'><em>contemplativa</em></span> <span class='ocrx_word' id='word_1_132' title='bbox 621 1100 662 1121; x_wconf 86' lang='lat' dir='ltr'><em>an</em></span> <span class='ocrx_word' id='word_1_133' title='bbox 665 1090 712 1133; x_wconf 86' lang='lat' dir='ltr'><em>fit</em></span> <span class='ocrx_word' id='word_1_134' title='bbox 721 1086 903 1131; x_wconf 69' lang='lat' dir='ltr'><em>preferenda</em></span> <span class='ocrx_word' id='word_1_135' title='bbox 915 1087 1024 1121; x_wconf 54' lang='lat' dir='ltr'><em>aliive</em></span> <span class='ocrx_word' id='word_1_136' title='bbox 1035 1110 1043 1119; x_wconf 84' lang='lat'><strong>.</strong></span> 
     </span>
    </p>

    <p class='ocr_par' dir='ltr' id='par_1_12' title="bbox 189 1130 1193 1390">
     <span class='ocr_line' id='line_1_22' title="bbox 194 1130 1193 1176; baseline -0.009 -6"><span class='ocrx_word' id='word_1_137' title='bbox 194 1166 198 1170; x_wconf 92' lang='lat'>.</span> <span class='ocrx_word' id='word_1_138' title='bbox 222 1145 234 1169; x_wconf 85' lang='lat'>1</span> <span class='ocrx_word' id='word_1_139' title='bbox 244 1145 256 1168; x_wconf 85' lang='lat'>1</span> <span class='ocrx_word' id='word_1_140' title='bbox 280 1133 461 1169; x_wconf 74' lang='lat' dir='ltr'><em>pradicatio</em></span> <span class='ocrx_word' id='word_1_141' title='bbox 471 1131 512 1173; x_wconf 81' lang='lat' dir='ltr'><em>cst</em></span> <span class='ocrx_word' id='word_1_142' title='bbox 522 1134 698 1174; x_wconf 73' lang='lat' dir='ltr'><em>precipuum</em></span> <span class='ocrx_word' id='word_1_143' title='bbox 716 1131 930 1176; x_wconf 77' lang='lat' dir='ltr'><em>Episcoporum</em></span> <span class='ocrx_word' id='word_1_144' title='bbox 948 1141 1052 1162; x_wconf 88' lang='lat' dir='ltr'><em>munus</em></span> <span class='ocrx_word' id='word_1_145' title='bbox 1061 1152 1072 1169; x_wconf 82' lang='lat'>‚</span> <span class='ocrx_word' id='word_1_146' title='bbox 1091 1141 1145 1163; x_wconf 89' lang='lat' dir='ltr'><em>nec</em></span> <span class='ocrx_word' id='word_1_147' title='bbox 1153 1130 1193 1163; x_wconf 81' lang='lat' dir='ltr'><em>li-</em></span> 
     </span>
     <span class='ocr_line' id='line_1_23' title="bbox 324 1173 1064 1223; baseline -0.007 -14"><span class='ocrx_word' id='word_1_148' title='bbox 324 1186 370 1213; x_wconf 87' lang='lat' dir='ltr'><em>cet</em></span> <span class='ocrx_word' id='word_1_149' title='bbox 382 1175 463 1209; x_wconf 89' lang='lat' dir='ltr'><em>illud</em></span> <span class='ocrx_word' id='word_1_150' title='bbox 470 1176 603 1216; x_wconf 81' lang='lat' dir='ltr'><em>deserere</em></span> <span class='ocrx_word' id='word_1_151' title='bbox 613 1173 647 1208; x_wconf 92' lang='lat' dir='ltr'><em>ob</em></span> <span class='ocrx_word' id='word_1_152' title='bbox 649 1176 709 1218; x_wconf 87' lang='lat' dir='ltr'><em>sua</em></span> <span class='ocrx_word' id='word_1_153' title='bbox 703 1176 820 1223; x_wconf 81' lang='lat' dir='ltr'><em>stonem</em></span> <span class='ocrx_word' id='word_1_154' title='bbox 831 1174 966 1207; x_wconf 85' lang='lat' dir='ltr'><em>melioris</em></span> <span class='ocrx_word' id='word_1_155' title='bbox 975 1175 1045 1207; x_wconf 68' lang='lat' dir='ltr'><em>vite</em></span> <span class='ocrx_word' id='word_1_156' title='bbox 1056 1196 1064 1205; x_wconf 89' lang='lat'><strong>.</strong></span> 
     </span>
     <span class='ocr_line' id='line_1_24' title="bbox 221 1215 1193 1296; baseline -0.007 -42"><span class='ocrx_word' id='word_1_157' title='bbox 221 1231 256 1254; x_wconf 83' lang='lat'><em>12</em></span> <span class='ocrx_word' id='word_1_158' title='bbox 278 1222 457 1296; x_wconf 60' lang='lat' dir='ltr'><em>Humillitas</em></span> <span class='ocrx_word' id='word_1_159' title='bbox 467 1242 477 1257; x_wconf 86' lang='lat'>,</span> <span class='ocrx_word' id='word_1_160' title='bbox 496 1229 554 1262; x_wconf 72' lang='lat' dir='ltr'><em>qua</em></span> <span class='ocrx_word' id='word_1_161' title='bbox 571 1228 676 1253; x_wconf 82' lang='lat' dir='ltr'><em>contra</em></span> <span class='ocrx_word' id='word_1_162' title='bbox 697 1217 900 1252; x_wconf 75' lang='lat' dir='ltr'><em>obedientiam</em></span> <span class='ocrx_word' id='word_1_163' title='bbox 920 1219 1049 1256; x_wconf 83' lang='lat' dir='ltr'><em>erigitur</em></span> <span class='ocrx_word' id='word_1_164' title='bbox 1058 1239 1068 1254; x_wconf 92' lang='lat'>,</span> <span class='ocrx_word' id='word_1_165' title='bbox 1087 1215 1129 1259; x_wconf 84' lang='lat' dir='ltr'><em>est</em></span> <span class='ocrx_word' id='word_1_166' title='bbox 1141 1215 1193 1257; x_wconf 86' lang='lat' dir='ltr'><em>su-</em></span> 
     </span>
     <span class='ocr_line' id='line_1_25' title="bbox 344 1275 446 1295; baseline -0.01 0"><span class='ocrx_word' id='word_1_167' title='bbox 344 1275 375 1295; x_wconf 91' lang='lat' dir='ltr'><em>er</em></span> <span class='ocrx_word' id='word_1_168' title='bbox 393 1275 427 1295; x_wconf 76' lang='lat' dir='ltr'><em>ca</em></span> <span class='ocrx_word' id='word_1_169' title='bbox 438 1286 446 1294; x_wconf 94' lang='lat'><strong>.</strong></span> 
     </span>
     <span class='ocr_line' id='line_1_26' title="bbox 189 1274 1193 1352; baseline -0.007 -11"><span class='ocrx_word' id='word_1_170' title='bbox 189 1313 200 1349; x_wconf 38' lang='lat'><em>&#39;-</em></span> <span class='ocrx_word' id='word_1_171' title='bbox 219 1317 258 1349; x_wconf 79' lang='lat'><em>13</em></span> <span class='ocrx_word' id='word_1_172' title='bbox 281 1274 506 1352; x_wconf 41' lang='lat' dir='ltr'><em>Reffignationis</em></span> <span class='ocrx_word' id='word_1_173' title='bbox 523 1304 613 1346; x_wconf 69' lang='lat' dir='ltr'><em>cansa</em></span> <span class='ocrx_word' id='word_1_174' title='bbox 629 1303 808 1338; x_wconf 83' lang='lat' dir='ltr'><em>reducuntur</em></span> <span class='ocrx_word' id='word_1_175' title='bbox 828 1300 977 1337; x_wconf 81' lang='lat' dir='ltr'><em>omnesad</em></span> <span class='ocrx_word' id='word_1_176' title='bbox 995 1301 1193 1345; x_wconf 81' lang='lat' dir='ltr'><em>impedimen-</em></span> 
     </span>
     <span class='ocr_line' id='line_1_27' title="bbox 325 1347 883 1390; baseline -0.002 -8"><span class='ocrx_word' id='word_1_177' title='bbox 325 1360 388 1382; x_wconf 88' lang='lat' dir='ltr'><em>tum</em></span> <span class='ocrx_word' id='word_1_178' title='bbox 399 1349 563 1388; x_wconf 75' lang='lat' dir='ltr'><em>exequendi</em></span> <span class='ocrx_word' id='word_1_179' title='bbox 574 1349 702 1390; x_wconf 89' lang='lat' dir='ltr'><em>officium</em></span> <span class='ocrx_word' id='word_1_180' title='bbox 712 1347 865 1390; x_wconf 83' lang='lat' dir='ltr'><em>pastorale</em></span> <span class='ocrx_word' id='word_1_181' title='bbox 874 1371 883 1380; x_wconf 86' lang='lat'><strong>.</strong></span> 
     </span>
    </p>

    <p class='ocr_par' dir='ltr' id='par_1_13' title="bbox 213 1387 1193 1521">
     <span class='ocr_line' id='line_1_28' title="bbox 213 1387 1193 1436; baseline -0.005 -8"><span class='ocrx_word' id='word_1_182' title='bbox 213 1403 264 1435; x_wconf 66' lang='lat'><em>⁴14</em></span> <span class='ocrx_word' id='word_1_183' title='bbox 282 1392 450 1436; x_wconf 79' lang='lat' dir='ltr'><em>Episcopus</em></span> <span class='ocrx_word' id='word_1_184' title='bbox 480 1391 601 1425; x_wconf 81' lang='lat' dir='ltr'><em>tamdiu</em></span> <span class='ocrx_word' id='word_1_185' title='bbox 628 1392 777 1431; x_wconf 81' lang='lat' dir='ltr'><em>obligatur</em></span> <span class='ocrx_word' id='word_1_186' title='bbox 794 1390 839 1425; x_wconf 89' lang='lat' dir='ltr'><em>ad</em></span> <span class='ocrx_word' id='word_1_187' title='bbox 866 1387 1059 1424; x_wconf 85' lang='lat' dir='ltr'><em>retinendam</em></span> <span class='ocrx_word' id='word_1_188' title='bbox 1088 1399 1193 1423; x_wconf 79' lang='lat' dir='ltr'><em>curam</em></span> 
     </span>
     <span class='ocr_line' id='line_1_29' title="bbox 327 1430 1193 1478; baseline -0.002 -10"><span class='ocrx_word' id='word_1_189' title='bbox 327 1434 510 1478; x_wconf 84' lang='lat' dir='ltr'><em>pastoralem</em></span> <span class='ocrx_word' id='word_1_190' title='bbox 522 1458 532 1473; x_wconf 91' lang='lat'>‚</span> <span class='ocrx_word' id='word_1_191' title='bbox 561 1437 703 1477; x_wconf 71' lang='lat' dir='ltr'><em>quamdiu</em></span> <span class='ocrx_word' id='word_1_192' title='bbox 725 1433 813 1476; x_wconf 78' lang='lat' dir='ltr'><em>potest</em></span> <span class='ocrx_word' id='word_1_193' title='bbox 835 1432 973 1476; x_wconf 87' lang='lat' dir='ltr'><em>subditis</em></span> <span class='ocrx_word' id='word_1_194' title='bbox 991 1431 1132 1476; x_wconf 88' lang='lat' dir='ltr'><em>proficere</em></span> <span class='ocrx_word' id='word_1_195' title='bbox 1150 1430 1193 1466; x_wconf 81' lang='lat' dir='ltr'><em>ad</em></span> 
     </span>
     <span class='ocr_line' id='line_1_30' title="bbox 321 1478 480 1521; baseline -0.006 -9"><span class='ocrx_word' id='word_1_196' title='bbox 321 1478 461 1521; x_wconf 85' lang='lat' dir='ltr'><em>salutem</em></span> <span class='ocrx_word' id='word_1_197' title='bbox 472 1502 480 1511; x_wconf 87' lang='lat'><strong>.</strong></span> 
     </span>
    </p>

    <p class='ocr_par' dir='ltr' id='par_1_14' title="bbox 217 1519 1195 1650">
     <span class='ocr_line' id='line_1_31' title="bbox 217 1519 1194 1564; baseline -0.008 -6"><span class='ocrx_word' id='word_1_198' title='bbox 217 1531 256 1563; x_wconf 75' lang='lat'><em>15</em></span> <span class='ocrx_word' id='word_1_199' title='bbox 279 1525 406 1557; x_wconf 77' lang='lat' dir='ltr'><em>Crimen</em></span> <span class='ocrx_word' id='word_1_200' title='bbox 434 1522 604 1563; x_wconf 82' lang='lat' dir='ltr'><em>impediens</em></span> <span class='ocrx_word' id='word_1_201' title='bbox 623 1520 755 1556; x_wconf 82' lang='lat' dir='ltr'><em>Ordinis</em></span> <span class='ocrx_word' id='word_1_202' title='bbox 772 1523 976 1555; x_wconf 78' lang='lat' dir='ltr'><em>executionem</em></span> <span class='ocrx_word' id='word_1_203' title='bbox 985 1543 996 1558; x_wconf 90' lang='lat'>‚</span> <span class='ocrx_word' id='word_1_204' title='bbox 1023 1519 1084 1564; x_wconf 70' lang='lat' dir='ltr'><em>post</em></span> <span class='ocrx_word' id='word_1_205' title='bbox 1103 1528 1194 1561; x_wconf 88' lang='lat' dir='ltr'><em>pera-</em></span> 
     </span>
     <span class='ocr_line' id='line_1_32' title="bbox 330 1562 1195 1608; baseline -0.005 -11"><span class='ocrx_word' id='word_1_206' title='bbox 330 1566 412 1600; x_wconf 63' lang='lat' dir='ltr'><em>c‘lam</em></span> <span class='ocrx_word' id='word_1_207' title='bbox 423 1568 636 1607; x_wconf 83' lang='lat' dir='ltr'><em>poenitentiam</em></span> <span class='ocrx_word' id='word_1_208' title='bbox 654 1564 695 1607; x_wconf 76' lang='lat' dir='ltr'><em>est</em></span> <span class='ocrx_word' id='word_1_209' title='bbox 711 1563 789 1608; x_wconf 76' lang='lat' dir='ltr'><em>justa</em></span> <span class='ocrx_word' id='word_1_210' title='bbox 811 1563 904 1606; x_wconf 87' lang='lat' dir='ltr'><em>causa</em></span> <span class='ocrx_word' id='word_1_211' title='bbox 924 1562 1051 1597; x_wconf 87' lang='lat' dir='ltr'><em>cedendi</em></span> <span class='ocrx_word' id='word_1_212' title='bbox 1072 1565 1102 1595; x_wconf 85' lang='lat' dir='ltr'><em>E</em></span> <span class='ocrx_word' id='word_1_213' title='bbox 1104 1562 1195 1607; x_wconf 77' lang='lat' dir='ltr'><em>pisco-</em></span> 
     </span>
     <span class='ocr_line' id='line_1_33' title="bbox 328 1618 436 1650; baseline -0.019 -8"><span class='ocrx_word' id='word_1_214' title='bbox 328 1618 416 1650; x_wconf 70' lang='lat' dir='ltr'><em>patus</em></span> <span class='ocrx_word' id='word_1_215' title='bbox 429 1632 436 1640; x_wconf 93' lang='lat'>.</span> 
     </span>
    </p>

    <p class='ocr_par' dir='ltr' id='par_1_15' title="bbox 203 1649 1124 1694">
     <span class='ocr_line' id='line_1_34' title="bbox 203 1649 1124 1694; baseline -0.004 -9"><span class='ocrx_word' id='word_1_216' title='bbox 203 1664 206 1667; x_wconf 89' lang='grc'><em>·</em></span> <span class='ocrx_word' id='word_1_217' title='bbox 219 1657 258 1690; x_wconf 72' lang='lat'><em>16</em></span> <span class='ocrx_word' id='word_1_218' title='bbox 281 1653 387 1685; x_wconf 69' lang='lat' dir='ltr'><em>Diflio</em></span> <span class='ocrx_word' id='word_1_219' title='bbox 397 1675 408 1690; x_wconf 92' lang='lat'>‚</span> <span class='ocrx_word' id='word_1_220' title='bbox 428 1651 557 1684; x_wconf 66' lang='lat' dir='ltr'><em>forsitan</em></span> <span class='ocrx_word' id='word_1_221' title='bbox 568 1674 578 1689; x_wconf 86' lang='lat'><strong>‚</strong></span> <span class='ocrx_word' id='word_1_222' title='bbox 601 1651 772 1690; x_wconf 75' lang='lat' dir='ltr'><em>quandoque</em></span> <span class='ocrx_word' id='word_1_223' title='bbox 781 1653 902 1694; x_wconf 81' lang='lat' dir='ltr'><em>ponitur</em></span> <span class='ocrx_word' id='word_1_224' title='bbox 913 1649 1108 1691; x_wconf 77' lang='lat' dir='ltr'><em>affirmative</em></span> <span class='ocrx_word' id='word_1_225' title='bbox 1117 1672 1124 1682; x_wconf 85' lang='lat'><strong>.</strong></span> 
     </span>
    </p>

    <p class='ocr_par' dir='ltr' id='par_1_16' title="bbox 225 1693 1195 1783">
     <span class='ocr_line' id='line_1_35' title="bbox 225 1693 1195 1737; baseline -0.005 -9"><span class='ocrx_word' id='word_1_226' title='bbox 225 1705 263 1735; x_wconf 93' lang='lat'><em>17</em></span> <span class='ocrx_word' id='word_1_227' title='bbox 282 1698 426 1728; x_wconf 80' lang='lat' dir='ltr'><em>Crimina</em></span> <span class='ocrx_word' id='word_1_228' title='bbox 436 1718 446 1732; x_wconf 93' lang='lat'>,</span> <span class='ocrx_word' id='word_1_229' title='bbox 467 1705 524 1734; x_wconf 77' lang='lat' dir='ltr'><em>qua</em></span> <span class='ocrx_word' id='word_1_230' title='bbox 543 1694 603 1737; x_wconf 78' lang='lat' dir='ltr'><em>post</em></span> <span class='ocrx_word' id='word_1_231' title='bbox 622 1696 776 1736; x_wconf 62' lang='lat' dir='ltr'><em>perustam</em></span> <span class='ocrx_word' id='word_1_232' title='bbox 794 1696 1007 1736; x_wconf 68' lang='lat' dir='ltr'><em>poenitentiam</em></span> <span class='ocrx_word' id='word_1_233' title='bbox 1025 1693 1195 1734; x_wconf 87' lang='lat' dir='ltr'><em>impediunt</em></span> 
     </span>
     <span class='ocr_line' id='line_1_36' title="bbox 328 1735 1009 1783; baseline -0.001 -13"><span class='ocrx_word' id='word_1_234' title='bbox 328 1739 420 1781; x_wconf 82' lang='lat' dir='ltr'><em>officii</em></span> <span class='ocrx_word' id='word_1_235' title='bbox 430 1741 631 1771; x_wconf 70' lang='lat' dir='ltr'><em>executionem</em></span> <span class='ocrx_word' id='word_1_236' title='bbox 643 1761 652 1775; x_wconf 94' lang='lat'>,</span> <span class='ocrx_word' id='word_1_237' title='bbox 672 1739 802 1783; x_wconf 78' lang='lat' dir='ltr'><em>quaeſsnt</em></span> <span class='ocrx_word' id='word_1_238' title='bbox 815 1761 825 1775; x_wconf 91' lang='lat'>,</span> <span class='ocrx_word' id='word_1_239' title='bbox 845 1736 882 1770; x_wconf 62' lang='grc' dir='ltr'><em>ὠ</em></span> <span class='ocrx_word' id='word_1_240' title='bbox 892 1749 920 1769; x_wconf 88' lang='lat' dir='ltr'><em>n.</em></span> <span class='ocrx_word' id='word_1_241' title='bbox 925 1735 1009 1777; x_wconf 78' lang='lat' dir='ltr'><em>seqq.</em></span> 
     </span>
    </p>

    <p class='ocr_par' dir='ltr' id='par_1_17' title="bbox 222 1780 1196 1867">
     <span class='ocr_line' id='line_1_37' title="bbox 222 1780 1196 1823; baseline -0.005 -8"><span class='ocrx_word' id='word_1_242' title='bbox 222 1792 236 1818; x_wconf 67' lang='grc'><em>’1</em></span> <span class='ocrx_word' id='word_1_243' title='bbox 244 1785 262 1815; x_wconf 91' lang='grc'>8</span> <span class='ocrx_word' id='word_1_244' title='bbox 283 1784 382 1823; x_wconf 81' lang='lat' dir='ltr'><em>Culpa</em></span> <span class='ocrx_word' id='word_1_245' title='bbox 392 1781 464 1815; x_wconf 78' lang='lat' dir='ltr'><em>licet</em></span> <span class='ocrx_word' id='word_1_246' title='bbox 474 1783 603 1814; x_wconf 80' lang='lat' dir='ltr'><em>tollatur</em></span> <span class='ocrx_word' id='word_1_247' title='bbox 622 1792 674 1823; x_wconf 86' lang='lat' dir='ltr'><em>per</em></span> <span class='ocrx_word' id='word_1_248' title='bbox 683 1784 897 1823; x_wconf 83' lang='lat' dir='ltr'><em>poenitentiam</em></span> <span class='ocrx_word' id='word_1_249' title='bbox 909 1803 919 1817; x_wconf 90' lang='lat'>,</span> <span class='ocrx_word' id='word_1_250' title='bbox 941 1790 1043 1812; x_wconf 86' lang='lat' dir='ltr'><em>tamen</em></span> <span class='ocrx_word' id='word_1_251' title='bbox 1060 1781 1094 1811; x_wconf 88' lang='lat' dir='ltr'><em>in</em></span> <span class='ocrx_word' id='word_1_252' title='bbox 1102 1780 1196 1811; x_wconf 76' lang='lat' dir='ltr'><em>omni-</em></span> 
     </span>
     <span class='ocr_line' id='line_1_38' title="bbox 328 1824 731 1867; baseline -0.002 -9"><span class='ocrx_word' id='word_1_253' title='bbox 328 1824 380 1858; x_wconf 87' lang='lat' dir='ltr'><em>bus</em></span> <span class='ocrx_word' id='word_1_254' title='bbox 389 1837 446 1859; x_wconf 88' lang='lat' dir='ltr'><em>non</em></span> <span class='ocrx_word' id='word_1_255' title='bbox 455 1825 570 1859; x_wconf 82' lang='lat' dir='ltr'><em>deletur</em></span> <span class='ocrx_word' id='word_1_256' title='bbox 579 1827 712 1867; x_wconf 75' lang='lat' dir='ltr'><em>infamia</em></span> <span class='ocrx_word' id='word_1_257' title='bbox 723 1848 731 1857; x_wconf 88' lang='lat'><strong>.</strong></span> 
     </span>
    </p>

    <p class='ocr_par' dir='ltr' id='par_1_18' title="bbox 212 1862 1197 1953">
     <span class='ocr_line' id='line_1_39' title="bbox 212 1862 1197 1910; baseline -0.005 -9"><span class='ocrx_word' id='word_1_258' title='bbox 212 1879 263 1907; x_wconf 83' lang='lat'><em>.19</em></span> <span class='ocrx_word' id='word_1_259' title='bbox 282 1868 474 1909; x_wconf 69' lang='lat' dir='ltr'><em>Conscientia</em></span> <span class='ocrx_word' id='word_1_260' title='bbox 485 1880 606 1900; x_wconf 84' lang='lat' dir='ltr'><em>erronea</em></span> <span class='ocrx_word' id='word_1_261' title='bbox 617 1866 788 1909; x_wconf 83' lang='lat' dir='ltr'><em>deponenda</em></span> <span class='ocrx_word' id='word_1_262' title='bbox 800 1866 842 1909; x_wconf 89' lang='lat' dir='ltr'><em>est</em></span> <span class='ocrx_word' id='word_1_263' title='bbox 850 1866 893 1899; x_wconf 81' lang='lat' dir='ltr'><em>ad</em></span> <span class='ocrx_word' id='word_1_264' title='bbox 902 1866 1058 1910; x_wconf 83' lang='lat' dir='ltr'><em>confilium</em></span> <span class='ocrx_word' id='word_1_265' title='bbox 1066 1889 1075 1897; x_wconf 89' lang='lat'>.</span> <span class='ocrx_word' id='word_1_266' title='bbox 1098 1862 1136 1900; x_wconf 52' lang='grc' dir='ltr'><em>ά</em></span> <span class='ocrx_word' id='word_1_267' title='bbox 1146 1864 1197 1897; x_wconf 85' lang='lat' dir='ltr'><em>de-</em></span> 
     </span>
     <span class='ocr_line' id='line_1_40' title="bbox 331 1910 897 1953; baseline -0.002 -10"><span class='ocrx_word' id='word_1_268' title='bbox 331 1915 574 1946; x_wconf 63' lang='lat' dir='ltr'><em>terminationem</em></span> <span class='ocrx_word' id='word_1_269' title='bbox 583 1914 711 1948; x_wconf 71' lang='lat' dir='ltr'><em>Rotmmi</em></span> <span class='ocrx_word' id='word_1_270' title='bbox 722 1910 882 1953; x_wconf 82' lang='lat' dir='ltr'><em>Pontificis</em></span> <span class='ocrx_word' id='word_1_271' title='bbox 889 1934 897 1942; x_wconf 93' lang='lat'>.</span> 
     </span>
    </p>

    <p class='ocr_par' dir='ltr' id='par_1_19' title="bbox 216 1953 1196 1999">
     <span class='ocr_line' id='line_1_41' title="bbox 216 1953 1196 1999; baseline -0.004 -11"><span class='ocrx_word' id='word_1_272' title='bbox 216 1964 263 1995; x_wconf 73' lang='lat' dir='ltr'><em>j20</em></span> <span class='ocrx_word' id='word_1_273' title='bbox 287 1955 451 1999; x_wconf 80' lang='lat' dir='ltr'><em>Episcopus</em></span> <span class='ocrx_word' id='word_1_274' title='bbox 463 1965 515 1996; x_wconf 85' lang='lat' dir='ltr'><em>pro</em></span> <span class='ocrx_word' id='word_1_275' title='bbox 525 1957 652 1986; x_wconf 79' lang='lat' dir='ltr'><em>crimine</em></span> <span class='ocrx_word' id='word_1_276' title='bbox 662 1955 1023 1994; x_wconf 61' lang='lat' dir='ltr'><em>quantumcumque-gravi</em></span> <span class='ocrx_word' id='word_1_277' title='bbox 1041 1953 1196 1987; x_wconf 77' lang='lat' dir='ltr'><em>renuntia-</em></span> 
     </span>
    </p>

    <p class='ocr_par' dir='ltr' id='par_1_20' title="bbox 201 1995 865 2043">
     <span class='ocr_line' id='line_1_42' title="bbox 201 1995 865 2043; baseline 0.002 -14"><span class='ocrx_word' id='word_1_278' title='bbox 201 2004 205 2008; x_wconf 85' lang='grc'><strong>”</strong></span> <span class='ocrx_word' id='word_1_279' title='bbox 331 2010 363 2029; x_wconf 89' lang='lat' dir='ltr'><em>re</em></span> <span class='ocrx_word' id='word_1_280' title='bbox 382 2009 438 2029; x_wconf 83' lang='lat' dir='ltr'><em>non</em></span> <span class='ocrx_word' id='word_1_281' title='bbox 450 1997 613 2043; x_wconf 71' lang='lat' dir='ltr'><em>potestfitle</em></span> <span class='ocrx_word' id='word_1_282' title='bbox 623 1995 748 2032; x_wconf 74' lang='lat' dir='ltr'><em>licentia</em></span> <span class='ocrx_word' id='word_1_283' title='bbox 759 2000 865 2039; x_wconf 69' lang='lat' dir='ltr'><em>Papae.</em></span> 
     </span>
    </p>

    <p class='ocr_par' dir='ltr' id='par_1_21' title="bbox 197 2039 1067 2083">
     <span class='ocr_line' id='line_1_43' title="bbox 197 2039 1067 2083; baseline -0.003 -9"><span class='ocrx_word' id='word_1_284' title='bbox 197 2050 199 2053; x_wconf 86' lang='grc'><strong>“</strong></span> <span class='ocrx_word' id='word_1_285' title='bbox 219 2053 238 2074; x_wconf 87' lang='lat'>2</span> <span class='ocrx_word' id='word_1_286' title='bbox 247 2052 259 2074; x_wconf 94' lang='lat'>1</span> <span class='ocrx_word' id='word_1_287' title='bbox 285 2043 455 2082; x_wconf 70' lang='lat' dir='ltr'><em>Spirituale</em></span> <span class='ocrx_word' id='word_1_288' title='bbox 467 2042 620 2073; x_wconf 75' lang='lat' dir='ltr'><em>vinculum</em></span> <span class='ocrx_word' id='word_1_289' title='bbox 625 2040 739 2083; x_wconf 69' lang='lat' dir='ltr'><em>fortius</em></span> <span class='ocrx_word' id='word_1_290' title='bbox 750 2039 788 2082; x_wconf 86' lang='lat' dir='ltr'><em>est</em></span> <span class='ocrx_word' id='word_1_291' title='bbox 798 2063 809 2078; x_wconf 87' lang='lat'>‚</span> <span class='ocrx_word' id='word_1_292' title='bbox 829 2039 915 2079; x_wconf 71' lang='lat' dir='ltr'><em>qua&#39;m</em></span> <span class='ocrx_word' id='word_1_293' title='bbox 925 2040 1049 2073; x_wconf 83' lang='lat' dir='ltr'><em>carnale</em></span> <span class='ocrx_word' id='word_1_294' title='bbox 1058 2062 1067 2071; x_wconf 85' lang='lat'><strong>.</strong></span> 
     </span>
    </p>

    <p class='ocr_par' dir='ltr' id='par_1_22' title="bbox 197 2080 1197 2212">
     <span class='ocr_line' id='line_1_44' title="bbox 197 2080 1197 2127; baseline -0.005 -10"><span class='ocrx_word' id='word_1_295' title='bbox 197 2097 205 2102; x_wconf 86' lang='lat'><em>·</em></span> <span class='ocrx_word' id='word_1_296' title='bbox 219 2093 263 2117; x_wconf 56' lang='grc' dir='ltr'><em>ἐι</em></span> <span class='ocrx_word' id='word_1_297' title='bbox 284 2083 631 2125; x_wconf 68' lang='lat' dir='ltr'><em>Conjugtumspzrituale</em></span> <span class='ocrx_word' id='word_1_298' title='bbox 640 2107 649 2121; x_wconf 86' lang='lat'>‚</span> <span class='ocrx_word' id='word_1_299' title='bbox 660 2086 735 2122; x_wconf 82' lang='lat' dir='ltr'><em>quod</em></span> <span class='ocrx_word' id='word_1_300' title='bbox 745 2087 825 2115; x_wconf 66' lang='lat' dir='ltr'><em>Inter</em></span> <span class='ocrx_word' id='word_1_301' title='bbox 836 2083 1012 2127; x_wconf 83' lang='lat' dir='ltr'><em>Episcopum</em></span> <span class='ocrx_word' id='word_1_302' title='bbox 1023 2106 1032 2119; x_wconf 86' lang='lat'>‚</span> <span class='ocrx_word' id='word_1_303' title='bbox 1045 2080 1082 2114; x_wconf 69' lang='lat'><em>&amp;⁰</em></span> <span class='ocrx_word' id='word_1_304' title='bbox 1092 2082 1197 2115; x_wconf 79' lang='lat' dir='ltr'><em>Eccle-</em></span> 
     </span>
     <span class='ocr_line' id='line_1_45' title="bbox 200 2123 1196 2172; baseline -0.003 -12"><span class='ocrx_word' id='word_1_305' title='bbox 200 2135 206 2140; x_wconf 89' lang='grc'><strong>”</strong></span> <span class='ocrx_word' id='word_1_306' title='bbox 324 2130 409 2172; x_wconf 78' lang='lat' dir='ltr'><em>stam</em></span> <span class='ocrx_word' id='word_1_307' title='bbox 427 2129 613 2159; x_wconf 69' lang='lat' dir='ltr'><em>contrahitur</em></span> <span class='ocrx_word' id='word_1_308' title='bbox 626 2150 636 2164; x_wconf 81' lang='grc'>,</span> <span class='ocrx_word' id='word_1_309' title='bbox 655 2139 711 2159; x_wconf 90' lang='lat' dir='ltr'><em>non</em></span> <span class='ocrx_word' id='word_1_310' title='bbox 726 2127 856 2158; x_wconf 85' lang='lat' dir='ltr'><em>humana</em></span> <span class='ocrx_word' id='word_1_311' title='bbox 867 2149 877 2165; x_wconf 88' lang='lat'>,</span> <span class='ocrx_word' id='word_1_312' title='bbox 891 2127 950 2168; x_wconf 86' lang='lat' dir='ltr'><em>sed</em></span> <span class='ocrx_word' id='word_1_313' title='bbox 967 2129 1078 2158; x_wconf 79' lang='lat' dir='ltr'><em>divina</em></span> <span class='ocrx_word' id='word_1_314' title='bbox 1094 2123 1196 2166; x_wconf 71' lang='lat' dir='ltr'><em>potins</em></span> 
     </span>
     <span class='ocr_line' id='line_1_46' title="bbox 201 2171 684 2212; baseline -0.002 -10"><span class='ocrx_word' id='word_1_315' title='bbox 201 2186 211 2207; x_wconf 67' lang='lat'><em>.‘</em></span> <span class='ocrx_word' id='word_1_316' title='bbox 331 2171 476 2212; x_wconf 81' lang='lat' dir='ltr'><em>potestate</em></span> <span class='ocrx_word' id='word_1_317' title='bbox 487 2172 666 2210; x_wconf 73' lang='lat' dir='ltr'><em>dissolvitur</em></span> <span class='ocrx_word' id='word_1_318' title='bbox 676 2193 684 2201; x_wconf 85' lang='lat'><strong>.</strong></span> 
     </span>
    </p>

    <p class='ocr_par' dir='ltr' id='par_1_23' title="bbox 202 2210 1197 2341">
     <span class='ocr_line' id='line_1_47' title="bbox 203 2210 1197 2257; baseline -0.002 -11"><span class='ocrx_word' id='word_1_319' title='bbox 203 2242 211 2246; x_wconf 93' lang='lat'><strong>-</strong></span> <span class='ocrx_word' id='word_1_320' title='bbox 221 2225 262 2257; x_wconf 84' lang='lat'><em>23</em></span> <span class='ocrx_word' id='word_1_321' title='bbox 286 2215 471 2249; x_wconf 74' lang='lat' dir='ltr'><em>Translatto</em></span> <span class='ocrx_word' id='word_1_322' title='bbox 480 2237 491 2257; x_wconf 66' lang='grc'>,</span> <span class='ocrx_word' id='word_1_323' title='bbox 512 2214 655 2255; x_wconf 73' lang='lat' dir='ltr'><em>depositio</em></span> <span class='ocrx_word' id='word_1_324' title='bbox 664 2236 674 2250; x_wconf 83' lang='lat'>‚</span> <span class='ocrx_word' id='word_1_325' title='bbox 694 2212 732 2245; x_wconf 53' lang='grc' dir='ltr'><em>Θ</em></span> <span class='ocrx_word' id='word_1_326' title='bbox 750 2214 831 2255; x_wconf 85' lang='lat' dir='ltr'><em>ceffio</em></span> <span class='ocrx_word' id='word_1_327' title='bbox 842 2210 1197 2254; x_wconf 79' lang='lat' dir='ltr'><em>Episcoporumsuntsoli</em></span> 
     </span>
     <span class='ocr_line' id='line_1_48' title="bbox 204 2254 1196 2298; baseline -0.002 -9"><span class='ocrx_word' id='word_1_328' title='bbox 204 2267 208 2269; x_wconf 86' lang='lat'>·</span> <span class='ocrx_word' id='word_1_329' title='bbox 331 2261 419 2298; x_wconf 69' lang='lat' dir='ltr'><em>Papa</em></span> <span class='ocrx_word' id='word_1_330' title='bbox 430 2260 589 2297; x_wconf 74' lang='lat' dir='ltr'><em>reservata</em></span> <span class='ocrx_word' id='word_1_331' title='bbox 602 2267 658 2287; x_wconf 88' lang='lat' dir='ltr'><em>non</em></span> <span class='ocrx_word' id='word_1_332' title='bbox 666 2256 730 2288; x_wconf 76' lang='lat' dir='ltr'><em>tam</em></span> <span class='ocrx_word' id='word_1_333' title='bbox 740 2256 944 2298; x_wconf 75' lang='lat' dir='ltr'><em>constitutione</em></span> <span class='ocrx_word' id='word_1_334' title='bbox 951 2254 1196 2293; x_wconf 67' lang='lat' dir='ltr'><em>cauonica‚quim</em></span> 
     </span>
     <span class='ocr_line' id='line_1_49' title="bbox 202 2301 659 2341; baseline -0.009 -7"><span class='ocrx_word' id='word_1_335' title='bbox 202 2340 206 2341; x_wconf 23' lang='lat'><em>⁷</em></span> <span class='ocrx_word' id='word_1_336' title='bbox 333 2301 521 2341; x_wconf 70' lang='lat' dir='ltr'><em>institutione</em></span> <span class='ocrx_word' id='word_1_337' title='bbox 530 2301 563 2331; x_wconf 78' lang='lat' dir='ltr'><em>ai</em></span> <span class='ocrx_word' id='word_1_338' title='bbox 569 2302 642 2333; x_wconf 72' lang='lat' dir='ltr'><em>vina</em></span> <span class='ocrx_word' id='word_1_339' title='bbox 651 2323 659 2333; x_wconf 76' lang='grc'>,</span> 
     </span>
    </p>

    <p class='ocr_par' dir='ltr' id='par_1_24' title="bbox 224 2340 1198 2420">
     <span class='ocr_line' id='line_1_50' title="bbox 224 2340 1198 2387; baseline -0.007 -9"><span class='ocrx_word' id='word_1_340' title='bbox 224 2354 269 2386; x_wconf 84' lang='lat'><em>24</em></span> <span class='ocrx_word' id='word_1_341' title='bbox 288 2346 435 2377; x_wconf 71' lang='lat' dir='ltr'><em>Prelatus</em></span> <span class='ocrx_word' id='word_1_342' title='bbox 439 2343 627 2387; x_wconf 81' lang='lat' dir='ltr'><em>suscipiendo</em></span> <span class='ocrx_word' id='word_1_343' title='bbox 638 2343 840 2377; x_wconf 77' lang='lat' dir='ltr'><em>Praelaturam</em></span> <span class='ocrx_word' id='word_1_344' title='bbox 850 2340 973 2375; x_wconf 83' lang='lat' dir='ltr'><em>videtur</em></span> <span class='ocrx_word' id='word_1_345' title='bbox 991 2352 1055 2373; x_wconf 86' lang='lat' dir='ltr'><em>cum</em></span> <span class='ocrx_word' id='word_1_346' title='bbox 1067 2351 1102 2372; x_wconf 84' lang='lat' dir='ltr'><em>ea</em></span> <span class='ocrx_word' id='word_1_347' title='bbox 1112 2340 1198 2384; x_wconf 76' lang='lat' dir='ltr'><em>quast</em></span> 
     </span>
     <span class='ocr_line' id='line_1_51' title="bbox 336 2387 529 2420; baseline 0 0"><span class='ocrx_word' id='word_1_348' title='bbox 336 2387 510 2420; x_wconf 76' lang='lat' dir='ltr'><em>contrahere</em></span> <span class='ocrx_word' id='word_1_349' title='bbox 521 2411 529 2420; x_wconf 83' lang='lat'>.</span> 
     </span>
    </p>

    <p class='ocr_par' dir='ltr' id='par_1_25' title="bbox 222 2428 1200 2516">
     <span class='ocr_line' id='line_1_52' title="bbox 222 2428 1200 2473; baseline -0.007 -9"><span class='ocrx_word' id='word_1_350' title='bbox 222 2443 242 2468; x_wconf 73' lang='lat'>2</span> <span class='ocrx_word' id='word_1_351' title='bbox 246 2440 262 2472; x_wconf 83' lang='grc'><strong><em>5</em></strong></span> <span class='ocrx_word' id='word_1_352' title='bbox 283 2429 450 2473; x_wconf 76' lang='lat' dir='ltr'><em>Episcopus</em></span> <span class='ocrx_word' id='word_1_353' title='bbox 477 2429 610 2470; x_wconf 80' lang='lat' dir='ltr'><em>intrusus</em></span> <span class='ocrx_word' id='word_1_354' title='bbox 627 2440 668 2461; x_wconf 87' lang='lat' dir='ltr'><em>an</em></span> <span class='ocrx_word' id='word_1_355' title='bbox 683 2429 767 2471; x_wconf 84' lang='lat' dir='ltr'><em>poffit</em></span> <span class='ocrx_word' id='word_1_356' title='bbox 798 2431 826 2461; x_wconf 88' lang='lat' dir='ltr'><em>E</em></span> <span class='ocrx_word' id='word_1_357' title='bbox 828 2429 997 2470; x_wconf 65' lang='lat' dir='ltr'><em>piscopatui</em></span> <span class='ocrx_word' id='word_1_358' title='bbox 1024 2428 1200 2458; x_wconf 85' lang='lat' dir='ltr'><em>renuntiare</em></span> 
     </span>
     <span class='ocr_line' id='line_1_53' title="bbox 335 2469 1196 2516; baseline -0.005 -11"><span class='ocrx_word' id='word_1_359' title='bbox 335 2475 398 2516; x_wconf 86' lang='lat' dir='ltr'><em>sine</em></span> <span class='ocrx_word' id='word_1_360' title='bbox 417 2474 543 2506; x_wconf 79' lang='lat' dir='ltr'><em>licentia</em></span> <span class='ocrx_word' id='word_1_361' title='bbox 565 2476 653 2515; x_wconf 73' lang='lat' dir='ltr'><em>Papa</em></span> <span class='ocrx_word' id='word_1_362' title='bbox 671 2495 680 2509; x_wconf 89' lang='lat'><em>,</em></span> <span class='ocrx_word' id='word_1_363' title='bbox 708 2473 746 2505; x_wconf 56' lang='grc' dir='ltr'><em>(θ’</em></span> <span class='ocrx_word' id='word_1_364' title='bbox 754 2483 835 2504; x_wconf 90' lang='lat' dir='ltr'><em>num.</em></span> <span class='ocrx_word' id='word_1_365' title='bbox 839 2472 924 2513; x_wconf 81' lang='lat' dir='ltr'><em>seqq.</em></span> <span class='ocrx_word' id='word_1_366' title='bbox 936 2471 1023 2512; x_wconf 77' lang='lat' dir='ltr'><em>usque</em></span> <span class='ocrx_word' id='word_1_367' title='bbox 1032 2469 1074 2503; x_wconf 87' lang='lat' dir='ltr'><em>ad</em></span> <span class='ocrx_word' id='word_1_368' title='bbox 1084 2481 1133 2502; x_wconf 85' lang='lat' dir='ltr'><em>nu.</em></span> <span class='ocrx_word' id='word_1_369' title='bbox 1144 2480 1196 2510; x_wconf 84' lang='lat'><em>49.</em></span> 
     </span>
    </p>

    <p class='ocr_par' dir='ltr' id='par_1_26' title="bbox 221 2514 941 2557">
     <span class='ocr_line' id='line_1_54' title="bbox 221 2514 941 2557; baseline -0.006 -6"><span class='ocrx_word' id='word_1_370' title='bbox 221 2520 264 2552; x_wconf 80' lang='lat'><em>26</em></span> <span class='ocrx_word' id='word_1_371' title='bbox 286 2519 370 2550; x_wconf 86' lang='lat' dir='ltr'><em>Intru</em></span> <span class='ocrx_word' id='word_1_372' title='bbox 387 2518 398 2549; x_wconf 77' lang='lat' dir='ltr'><em>i</em></span> <span class='ocrx_word' id='word_1_373' title='bbox 409 2519 442 2548; x_wconf 85' lang='lat' dir='ltr'><em>in</em></span> <span class='ocrx_word' id='word_1_374' title='bbox 450 2526 576 2555; x_wconf 82' lang='lat' dir='ltr'><em>quatuor</em></span> <span class='ocrx_word' id='word_1_375' title='bbox 577 2515 607 2557; x_wconf 93' lang='lat' dir='ltr'><em>s</em></span> <span class='ocrx_word' id='word_1_376' title='bbox 619 2518 693 2548; x_wconf 85' lang='lat' dir='ltr'><em>ecies</em></span> <span class='ocrx_word' id='word_1_377' title='bbox 701 2514 923 2557; x_wconf 72' lang='lat' dir='ltr'><em>distinguuntur</em></span> <span class='ocrx_word' id='word_1_378' title='bbox 933 2537 941 2547; x_wconf 82' lang='lat'><em>.</em></span> 
     </span>
    </p>

    <p class='ocr_par' dir='ltr' id='par_1_27' title="bbox 217 2525 1198 2689">
     <span class='ocr_line' id='line_1_55' title="bbox 217 2525 1198 2602; baseline -0.005 -10"><span class='ocrx_word' id='word_1_379' title='bbox 217 2569 263 2599; x_wconf 81' lang='lat'><em>27</em></span> <span class='ocrx_word' id='word_1_380' title='bbox 285 2562 351 2602; x_wconf 84' lang='lat' dir='ltr'><em>Epi</em></span> <span class='ocrx_word' id='word_1_381' title='bbox 367 2560 454 2601; x_wconf 83' lang='lat' dir='ltr'><em>copus</em></span> <span class='ocrx_word' id='word_1_382' title='bbox 463 2560 576 2591; x_wconf 83' lang='lat' dir='ltr'><em>nullum</em></span> <span class='ocrx_word' id='word_1_383' title='bbox 594 2525 704 2591; x_wconf 59' lang='lat' dir='ltr'><em>babens</em></span> <span class='ocrx_word' id='word_1_384' title='bbox 721 2559 845 2590; x_wconf 86' lang='lat' dir='ltr'><em>titulum</em></span> <span class='ocrx_word' id='word_1_385' title='bbox 863 2568 986 2594; x_wconf 82' lang='lat' dir='ltr'><em>verum,</em></span> <span class='ocrx_word' id='word_1_386' title='bbox 1007 2568 1058 2590; x_wconf 84' lang='lat' dir='ltr'><em>nec</em></span> <span class='ocrx_word' id='word_1_387' title='bbox 1078 2557 1198 2598; x_wconf 83' lang='lat' dir='ltr'><em>putati-</em></span> 
     </span>
     <span class='ocr_line' id='line_1_56' title="bbox 330 2597 1198 2644; baseline -0.007 -9"><span class='ocrx_word' id='word_1_388' title='bbox 330 2613 404 2636; x_wconf 79' lang='lat' dir='ltr'><em>vum</em></span> <span class='ocrx_word' id='word_1_389' title='bbox 414 2625 424 2639; x_wconf 86' lang='lat'><strong>,</strong></span> <span class='ocrx_word' id='word_1_390' title='bbox 443 2615 499 2634; x_wconf 85' lang='lat' dir='ltr'><em>non</em></span> <span class='ocrx_word' id='word_1_391' title='bbox 510 2602 613 2644; x_wconf 71' lang='lat' dir='ltr'><em>sotum</em></span> <span class='ocrx_word' id='word_1_392' title='bbox 630 2600 723 2644; x_wconf 85' lang='lat' dir='ltr'><em>potest</em></span> <span class='ocrx_word' id='word_1_393' title='bbox 732 2624 741 2639; x_wconf 87' lang='lat'>‚</span> <span class='ocrx_word' id='word_1_394' title='bbox 753 2600 812 2643; x_wconf 83' lang='lat' dir='ltr'><em>sed</em></span> <span class='ocrx_word' id='word_1_395' title='bbox 830 2603 926 2634; x_wconf 84' lang='lat' dir='ltr'><em>etiam</em></span> <span class='ocrx_word' id='word_1_396' title='bbox 944 2601 1031 2633; x_wconf 83' lang='lat' dir='ltr'><em>debet</em></span> <span class='ocrx_word' id='word_1_397' title='bbox 1048 2611 1089 2632; x_wconf 86' lang='lat' dir='ltr'><em>ex</em></span> <span class='ocrx_word' id='word_1_398' title='bbox 1099 2597 1198 2640; x_wconf 71' lang='lat' dir='ltr'><em>stipso</em></span> 
     </span>
     <span class='ocr_line' id='line_1_57' title="bbox 328 2645 728 2689; baseline -0.005 -11"><span class='ocrx_word' id='word_1_399' title='bbox 328 2645 547 2689; x_wconf 78' lang='lat' dir='ltr'><em>Episcupatum</em></span> <span class='ocrx_word' id='word_1_400' title='bbox 556 2645 712 2680; x_wconf 75' lang='lat' dir='ltr'><em>dimittere</em></span> <span class='ocrx_word' id='word_1_401' title='bbox 721 2668 728 2676; x_wconf 94' lang='lat'>.</span> 
     </span>
    </p>

    <p class='ocr_par' dir='ltr' id='par_1_28' title="bbox 208 2686 1198 2775">
     <span class='ocr_line' id='line_1_58' title="bbox 208 2686 1198 2732; baseline -0.005 -9"><span class='ocrx_word' id='word_1_402' title='bbox 208 2730 210 2732; x_wconf 26' lang='grc' dir='ltr'>Ι</span> <span class='ocrx_word' id='word_1_403' title='bbox 220 2692 262 2724; x_wconf 83' lang='lat'><em>28</em></span> <span class='ocrx_word' id='word_1_404' title='bbox 281 2691 377 2724; x_wconf 87' lang='lat' dir='ltr'><em>Fures</em></span> <span class='ocrx_word' id='word_1_405' title='bbox 388 2712 398 2726; x_wconf 90' lang='lat'>‚</span> <span class='ocrx_word' id='word_1_406' title='bbox 419 2688 621 2730; x_wconf 70' lang='lat' dir='ltr'><em>&amp;invasores</em></span> <span class='ocrx_word' id='word_1_407' title='bbox 632 2699 684 2728; x_wconf 82' lang='lat' dir='ltr'><em>quo</em></span> <span class='ocrx_word' id='word_1_408' title='bbox 694 2687 812 2721; x_wconf 70' lang='lat' dir='ltr'><em>diutius</em></span> <span class='ocrx_word' id='word_1_409' title='bbox 821 2698 884 2721; x_wconf 85' lang='lat' dir='ltr'><em>rem</em></span> <span class='ocrx_word' id='word_1_410' title='bbox 904 2686 1042 2720; x_wconf 83' lang='lat' dir='ltr'><em>detinent</em></span> <span class='ocrx_word' id='word_1_411' title='bbox 1050 2709 1062 2725; x_wconf 89' lang='lat'>‚</span> <span class='ocrx_word' id='word_1_412' title='bbox 1083 2686 1114 2719; x_wconf 76' lang='lat' dir='ltr'><em>eb</em></span> <span class='ocrx_word' id='word_1_413' title='bbox 1130 2696 1198 2719; x_wconf 85' lang='lat' dir='ltr'><em>ma·</em></span> 
     </span>
     <span class='ocr_line' id='line_1_59' title="bbox 326 2734 528 2775; baseline 0 -11"><span class='ocrx_word' id='word_1_414' title='bbox 326 2734 376 2775; x_wconf 78' lang='lat' dir='ltr'><em>gis</em></span> <span class='ocrx_word' id='word_1_415' title='bbox 385 2742 511 2774; x_wconf 87' lang='lat' dir='ltr'><em>peccant</em></span> <span class='ocrx_word' id='word_1_416' title='bbox 520 2756 528 2764; x_wconf 89' lang='lat'>.</span> 
     </span>
    </p>

    <p class='ocr_par' dir='ltr' id='par_1_29' title="bbox 220 2771 1036 2820">
     <span class='ocr_line' id='line_1_60' title="bbox 220 2771 1036 2820; baseline -0.001 -14"><span class='ocrx_word' id='word_1_417' title='bbox 220 2786 263 2813; x_wconf 83' lang='lat'><em>29</em></span> <span class='ocrx_word' id='word_1_418' title='bbox 286 2776 422 2816; x_wconf 87' lang='lat' dir='ltr'><em>Intrusus</em></span> <span class='ocrx_word' id='word_1_419' title='bbox 429 2776 547 2820; x_wconf 76' lang='lat' dir='ltr'><em>proprii·</em></span> <span class='ocrx_word' id='word_1_420' title='bbox 557 2777 622 2814; x_wconf 79' lang='lat' dir='ltr'><em>quis</em></span> <span class='ocrx_word' id='word_1_421' title='bbox 631 2774 753 2808; x_wconf 76' lang='lat' dir='ltr'><em>dicatur</em></span> <span class='ocrx_word' id='word_1_422' title='bbox 763 2797 772 2812; x_wconf 90' lang='lat'>,</span> <span class='ocrx_word' id='word_1_423' title='bbox 793 2773 830 2809; x_wconf 61' lang='grc' dir='ltr'><em>ὠ</em></span> <span class='ocrx_word' id='word_1_424' title='bbox 839 2784 924 2816; x_wconf 82' lang='lat' dir='ltr'><em>n.32.</em></span> <span class='ocrx_word' id='word_1_425' title='bbox 936 2771 973 2806; x_wconf 53' lang='grc' dir='ltr'><em>(ῥ’</em></span> <span class='ocrx_word' id='word_1_426' title='bbox 987 2776 1036 2816; x_wconf 85' lang='lat'><em>36.</em></span> 
     </span>
    </p>

    <p class='ocr_par' dir='ltr' id='par_1_30' title="bbox 221 2813 1199 2902">
     <span class='ocr_line' id='line_1_61' title="bbox 221 2813 1199 2864; baseline -0.004 -12"><span class='ocrx_word' id='word_1_427' title='bbox 221 2829 263 2863; x_wconf 85' lang='lat'><em>30</em></span> <span class='ocrx_word' id='word_1_428' title='bbox 284 2818 384 2852; x_wconf 77' lang='lat' dir='ltr'><em>I&#39;raedo</em></span> <span class='ocrx_word' id='word_1_429' title='bbox 394 2823 551 2852; x_wconf 84' lang='lat' dir='ltr'><em>maximus</em></span> <span class='ocrx_word' id='word_1_430' title='bbox 560 2817 601 2861; x_wconf 84' lang='lat' dir='ltr'><em>est</em></span> <span class='ocrx_word' id='word_1_431' title='bbox 610 2817 767 2851; x_wconf 89' lang='lat' dir='ltr'><em>intrudens</em></span> <span class='ocrx_word' id='word_1_432' title='bbox 771 2817 806 2858; x_wconf 93' lang='lat' dir='ltr'><em>se</em></span> <span class='ocrx_word' id='word_1_433' title='bbox 824 2820 857 2850; x_wconf 86' lang='lat' dir='ltr'><em>in</em></span> <span class='ocrx_word' id='word_1_434' title='bbox 875 2817 1047 2864; x_wconf 79' lang='lat' dir='ltr'><em>Ecclefiam</em></span> <span class='ocrx_word' id='word_1_435' title='bbox 1058 2837 1068 2852; x_wconf 86' lang='lat'>‚</span> <span class='ocrx_word' id='word_1_436' title='bbox 1088 2813 1199 2858; x_wconf 72' lang='lat' dir='ltr'><em>&amp;fal-</em></span> 
     </span>
     <span class='ocr_line' id='line_1_62' title="bbox 323 2861 552 2902; baseline 0.004 -9"><span class='ocrx_word' id='word_1_437' title='bbox 323 2861 378 2902; x_wconf 90' lang='lat' dir='ltr'><em>sus</em></span> <span class='ocrx_word' id='word_1_438' title='bbox 388 2863 535 2895; x_wconf 82' lang='lat' dir='ltr'><em>Praelatus</em></span> <span class='ocrx_word' id='word_1_439' title='bbox 544 2886 552 2894; x_wconf 89' lang='lat'><strong>.</strong></span> 
     </span>
    </p>

    <p class='ocr_par' dir='ltr' id='par_1_31' title="bbox 220 2899 1105 2948">
     <span class='ocr_line' id='line_1_63' title="bbox 220 2899 1105 2948; baseline -0.006 -11"><span class='ocrx_word' id='word_1_440' title='bbox 220 2914 239 2948; x_wconf 77' lang='lat'><em>3</em></span> <span class='ocrx_word' id='word_1_441' title='bbox 248 2914 260 2937; x_wconf 83' lang='lat'>1</span> <span class='ocrx_word' id='word_1_442' title='bbox 284 2904 419 2945; x_wconf 85' lang='lat' dir='ltr'><em>Intrusus</em></span> <span class='ocrx_word' id='word_1_443' title='bbox 428 2906 528 2946; x_wconf 77' lang='lat' dir='ltr'><em>potius</em></span> <span class='ocrx_word' id='word_1_444' title='bbox 537 2905 651 2938; x_wconf 84' lang='lat' dir='ltr'><em>dicitur</em></span> <span class='ocrx_word' id='word_1_445' title='bbox 660 2903 815 2938; x_wconf 88' lang='lat' dir='ltr'><em>incubator</em></span> <span class='ocrx_word' id='word_1_446' title='bbox 827 2926 837 2941; x_wconf 87' lang='lat'>‚</span> <span class='ocrx_word' id='word_1_447' title='bbox 857 2902 944 2942; x_wconf 73' lang='lat' dir='ltr'><em>qua&#39;m</em></span> <span class='ocrx_word' id='word_1_448' title='bbox 955 2899 1086 2945; x_wconf 83' lang='lat' dir='ltr'><em>poffeffor</em></span> <span class='ocrx_word' id='word_1_449' title='bbox 1097 2923 1105 2932; x_wconf 88' lang='lat'><strong>.</strong></span> 
     </span>
    </p>

    <p class='ocr_par' dir='ltr' id='par_1_32' title="bbox 224 2945 1199 3076">
     <span class='ocr_line' id='line_1_64' title="bbox 224 2945 1198 2993; baseline -0.005 -12"><span class='ocrx_word' id='word_1_450' title='bbox 224 2957 263 2993; x_wconf 79' lang='lat'><em>32</em></span> <span class='ocrx_word' id='word_1_451' title='bbox 283 2948 398 2991; x_wconf 70' lang='lat' dir='ltr'><em>lntrust</em></span> <span class='ocrx_word' id='word_1_452' title='bbox 407 2947 548 2981; x_wconf 84' lang='lat' dir='ltr'><em>habentes</em></span> <span class='ocrx_word' id='word_1_453' title='bbox 557 2950 679 2981; x_wconf 88' lang='lat' dir='ltr'><em>titulum</em></span> <span class='ocrx_word' id='word_1_454' title='bbox 692 2951 867 2989; x_wconf 82' lang='lat' dir='ltr'><em>putativum</em></span> <span class='ocrx_word' id='word_1_455' title='bbox 878 2969 888 2983; x_wconf 92' lang='lat'>‚</span> <span class='ocrx_word' id='word_1_456' title='bbox 901 2946 958 2987; x_wconf 87' lang='lat' dir='ltr'><em>sed</em></span> <span class='ocrx_word' id='word_1_457' title='bbox 967 2958 1023 2977; x_wconf 83' lang='lat' dir='ltr'><em>non</em></span> <span class='ocrx_word' id='word_1_458' title='bbox 1033 2945 1053 2977; x_wconf 77' lang='lat' dir='ltr'><em>a</em></span> <span class='ocrx_word' id='word_1_459' title='bbox 1064 2945 1198 2984; x_wconf 83' lang='lat' dir='ltr'><em>legitimo</em></span> 
     </span>
     <span class='ocr_line' id='line_1_65' title="bbox 333 2988 1199 3034; baseline -0.002 -12"><span class='ocrx_word' id='word_1_460' title='bbox 333 2994 358 3026; x_wconf 87' lang='lat' dir='ltr'><em>S</em></span> <span class='ocrx_word' id='word_1_461' title='bbox 359 2994 490 3032; x_wconf 87' lang='lat' dir='ltr'><em>uperiore</em></span> <span class='ocrx_word' id='word_1_462' title='bbox 500 3014 510 3030; x_wconf 86' lang='lat'>‚</span> <span class='ocrx_word' id='word_1_463' title='bbox 531 2992 633 3025; x_wconf 81' lang='lat' dir='ltr'><em>cedere</em></span> <span class='ocrx_word' id='word_1_464' title='bbox 642 2991 754 3034; x_wconf 85' lang='lat' dir='ltr'><em>poffunt</em></span> <span class='ocrx_word' id='word_1_465' title='bbox 762 3013 772 3028; x_wconf 90' lang='lat'>‚</span> <span class='ocrx_word' id='word_1_466' title='bbox 782 3003 820 3023; x_wconf 86' lang='lat' dir='ltr'><em>ac</em></span> <span class='ocrx_word' id='word_1_467' title='bbox 829 2989 935 3023; x_wconf 84' lang='lat' dir='ltr'><em>debent</em></span> <span class='ocrx_word' id='word_1_468' title='bbox 945 2988 1125 3030; x_wconf 78' lang='lat' dir='ltr'><em>absquealia</em></span> <span class='ocrx_word' id='word_1_469' title='bbox 1136 2991 1199 3022; x_wconf 80' lang='lat' dir='ltr'><em>Pa-</em></span> 
     </span>
     <span class='ocr_line' id='line_1_66' title="bbox 331 3036 1179 3076; baseline 0 -10"><span class='ocrx_word' id='word_1_470' title='bbox 331 3043 371 3076; x_wconf 85' lang='lat' dir='ltr'><em>pae</em></span> <span class='ocrx_word' id='word_1_471' title='bbox 380 3036 506 3067; x_wconf 90' lang='lat' dir='ltr'><em>licentia</em></span> <span class='ocrx_word' id='word_1_472' title='bbox 518 3058 526 3067; x_wconf 83' lang='lat'><strong>.</strong></span> <span class='ocrx_word' id='word_1_473' title='bbox 1177 3064 1179 3066; x_wconf 78' lang='grc'>,</span> 
     </span>
    </p>

    <p class='ocr_par' dir='ltr' id='par_1_33' title="bbox 229 3076 1201 3198">
     <span class='ocr_line' id='line_1_67' title="bbox 229 3076 1198 3121; baseline -0.005 -10"><span class='ocrx_word' id='word_1_474' title='bbox 229 3087 269 3121; x_wconf 70' lang='lat'><em>33</em></span> <span class='ocrx_word' id='word_1_475' title='bbox 291 3078 418 3111; x_wconf 83' lang='lat' dir='ltr'><em>Titulus</em></span> <span class='ocrx_word' id='word_1_476' title='bbox 428 3082 586 3119; x_wconf 81' lang='lat' dir='ltr'><em>putativus</em></span> <span class='ocrx_word' id='word_1_477' title='bbox 595 3080 628 3111; x_wconf 89' lang='lat' dir='ltr'><em>ni</em></span> <span class='ocrx_word' id='word_1_478' title='bbox 624 3079 655 3121; x_wconf 81' lang='lat' dir='ltr'><em>st</em></span> <span class='ocrx_word' id='word_1_479' title='bbox 663 3079 825 3119; x_wconf 86' lang='lat' dir='ltr'><em>proveniat</em></span> <span class='ocrx_word' id='word_1_480' title='bbox 834 3076 854 3108; x_wconf 60' lang='lat' dir='ltr'><em>a*</em></span> <span class='ocrx_word' id='word_1_481' title='bbox 864 3077 999 3116; x_wconf 82' lang='lat' dir='ltr'><em>legitimo</em></span> <span class='ocrx_word' id='word_1_482' title='bbox 1019 3078 1060 3107; x_wconf 88' lang='lat' dir='ltr'><em>Su</em></span> <span class='ocrx_word' id='word_1_483' title='bbox 1063 3078 1179 3116; x_wconf 83' lang='lat' dir='ltr'><em>periore</em></span> <span class='ocrx_word' id='word_1_484' title='bbox 1187 3097 1198 3112; x_wconf 92' lang='lat'>,</span> 
     </span>
     <span class='ocr_line' id='line_1_68' title="bbox 329 3117 1201 3162; baseline -0.005 -9"><span class='ocrx_word' id='word_1_485' title='bbox 329 3133 386 3154; x_wconf 89' lang='lat' dir='ltr'><em>non</em></span> <span class='ocrx_word' id='word_1_486' title='bbox 408 3122 521 3154; x_wconf 87' lang='lat' dir='ltr'><em>dicitur</em></span> <span class='ocrx_word' id='word_1_487' title='bbox 539 3123 686 3155; x_wconf 87' lang='lat' dir='ltr'><em>coloratus</em></span> <span class='ocrx_word' id='word_1_488' title='bbox 697 3145 707 3159; x_wconf 85' lang='lat'>,</span> <span class='ocrx_word' id='word_1_489' title='bbox 725 3133 776 3154; x_wconf 87' lang='lat' dir='ltr'><em>nec</em></span> <span class='ocrx_word' id='word_1_490' title='bbox 788 3117 953 3162; x_wconf 80' lang='lat' dir='ltr'><em>sustinetur</em></span> <span class='ocrx_word' id='word_1_491' title='bbox 972 3121 1105 3161; x_wconf 84' lang='lat' dir='ltr'><em>opinione</em></span> <span class='ocrx_word' id='word_1_492' title='bbox 1125 3128 1201 3150; x_wconf 86' lang='lat' dir='ltr'><em>com-</em></span> 
     </span>
     <span class='ocr_line' id='line_1_69' title="bbox 336 3176 437 3198; baseline 0 -3"><span class='ocrx_word' id='word_1_493' title='bbox 336 3176 417 3198; x_wconf 79' lang='lat' dir='ltr'><em>muni</em></span> <span class='ocrx_word' id='word_1_494' title='bbox 429 3189 437 3198; x_wconf 84' lang='lat'><strong>.</strong></span> 
     </span>
    </p>

    <p class='ocr_par' dir='ltr' id='par_1_34' title="bbox 228 3203 1200 3297">
     <span class='ocr_line' id='line_1_70' title="bbox 228 3203 1200 3251; baseline -0.003 -10"><span class='ocrx_word' id='word_1_495' title='bbox 228 3218 269 3251; x_wconf 84' lang='lat'><em>34</em></span> <span class='ocrx_word' id='word_1_496' title='bbox 288 3208 391 3241; x_wconf 64' lang='lat' dir='ltr'><em>Elem</em></span> <span class='ocrx_word' id='word_1_497' title='bbox 399 3211 431 3240; x_wconf 91' lang='lat' dir='ltr'><em>in</em></span> <span class='ocrx_word' id='word_1_498' title='bbox 436 3207 602 3249; x_wconf 79' lang='lat' dir='ltr'><em>schismate</em></span> <span class='ocrx_word' id='word_1_499' title='bbox 613 3205 751 3239; x_wconf 85' lang='lat' dir='ltr'><em>dicuntur</em></span> <span class='ocrx_word' id='word_1_500' title='bbox 761 3204 954 3250; x_wconf 71' lang='lat' dir='ltr'><em>haeresiarcha</em></span> <span class='ocrx_word' id='word_1_501' title='bbox 964 3229 973 3243; x_wconf 87' lang='lat'>‚</span> <span class='ocrx_word' id='word_1_502' title='bbox 996 3203 1033 3239; x_wconf 59' lang='grc' dir='ltr'><em>(θ’</em></span> <span class='ocrx_word' id='word_1_503' title='bbox 1041 3215 1139 3238; x_wconf 86' lang='lat' dir='ltr'><em>eorum</em></span> <span class='ocrx_word' id='word_1_504' title='bbox 1147 3215 1200 3245; x_wconf 75' lang='lat' dir='ltr'><em>ge-</em></span> 
     </span>
     <span class='ocr_line' id='line_1_71' title="bbox 329 3249 968 3297; baseline -0.003 -14"><span class='ocrx_word' id='word_1_505' title='bbox 329 3251 383 3297; x_wconf 88' lang='lat' dir='ltr'><em>sta</em></span> <span class='ocrx_word' id='word_1_506' title='bbox 391 3263 430 3284; x_wconf 86' lang='lat' dir='ltr'><em>ex</em></span> <span class='ocrx_word' id='word_1_507' title='bbox 442 3253 589 3284; x_wconf 85' lang='lat' dir='ltr'><em>communi</em></span> <span class='ocrx_word' id='word_1_508' title='bbox 599 3261 696 3282; x_wconf 82' lang='lat' dir='ltr'><em>errore</em></span> <span class='ocrx_word' id='word_1_509' title='bbox 705 3262 760 3281; x_wconf 85' lang='lat' dir='ltr'><em>non</em></span> <span class='ocrx_word' id='word_1_510' title='bbox 765 3249 949 3291; x_wconf 82' lang='lat' dir='ltr'><em>sustinentur</em></span> <span class='ocrx_word' id='word_1_511' title='bbox 961 3273 968 3281; x_wconf 92' lang='lat'><strong>.</strong></span> 
     </span>
    </p>

    <p class='ocr_par' dir='ltr' id='par_1_35' title="bbox 218 3292 1203 3337">
     <span class='ocr_line' id='line_1_72' title="bbox 218 3292 1203 3337; baseline -0.004 -9"><span class='ocrx_word' id='word_1_512' title='bbox 218 3307 222 3311; x_wconf 90' lang='lat'>·</span> <span class='ocrx_word' id='word_1_513' title='bbox 232 3302 269 3337; x_wconf 83' lang='lat'><em>35</em></span> <span class='ocrx_word' id='word_1_514' title='bbox 292 3296 441 3328; x_wconf 80' lang='lat' dir='ltr'><em>Praelatus</em></span> <span class='ocrx_word' id='word_1_515' title='bbox 451 3294 582 3336; x_wconf 81' lang='lat' dir='ltr'><em>intrusus</em></span> <span class='ocrx_word' id='word_1_516' title='bbox 591 3305 646 3325; x_wconf 85' lang='lat' dir='ltr'><em>non</em></span> <span class='ocrx_word' id='word_1_517' title='bbox 656 3293 747 3334; x_wconf 80' lang='lat' dir='ltr'><em>potest</em></span> <span class='ocrx_word' id='word_1_518' title='bbox 758 3292 889 3334; x_wconf 78' lang='lat' dir='ltr'><em>conferre</em></span> <span class='ocrx_word' id='word_1_519' title='bbox 899 3296 1100 3326; x_wconf 80' lang='lat' dir='ltr'><em>Sacramenta</em></span> <span class='ocrx_word' id='word_1_520' title='bbox 1110 3313 1120 3329; x_wconf 83' lang='lat'>‚</span> <span class='ocrx_word' id='word_1_521' title='bbox 1130 3292 1203 3335; x_wconf 78' lang='lat' dir='ltr'><em>acsi</em></span> 
     </span>
    </p>

    <p class='ocr_par' dir='ltr' id='par_1_36' title="bbox 218 3336 917 3381">
     <span class='ocr_line' id='line_1_73' title="bbox 218 3336 917 3381; baseline -0.006 -10"><span class='ocrx_word' id='word_1_522' title='bbox 218 3344 220 3347; x_wconf 89' lang='lat'>&#39;</span> <span class='ocrx_word' id='word_1_523' title='bbox 340 3338 474 3381; x_wconf 77' lang='lat' dir='ltr'><em>conferat</em></span> <span class='ocrx_word' id='word_1_524' title='bbox 483 3361 493 3376; x_wconf 80' lang='lat'><strong>‚</strong></span> <span class='ocrx_word' id='word_1_525' title='bbox 514 3339 715 3370; x_wconf 79' lang='lat' dir='ltr'><em>executionem</em></span> <span class='ocrx_word' id='word_1_526' title='bbox 723 3348 778 3366; x_wconf 87' lang='lat' dir='ltr'><em>non</em></span> <span class='ocrx_word' id='word_1_527' title='bbox 788 3336 898 3377; x_wconf 80' lang='lat' dir='ltr'><em>confert</em></span> <span class='ocrx_word' id='word_1_528' title='bbox 910 3359 917 3367; x_wconf 93' lang='lat'><strong>.</strong></span> 
     </span>
    </p>

    <p class='ocr_par' dir='ltr' id='par_1_37' title="bbox 235 3377 1203 3509">
     <span class='ocr_line' id='line_1_74' title="bbox 235 3377 1201 3422; baseline -0.003 -10"><span class='ocrx_word' id='word_1_529' title='bbox 235 3384 271 3422; x_wconf 84' lang='lat'><em>36</em></span> <span class='ocrx_word' id='word_1_530' title='bbox 294 3382 429 3422; x_wconf 87' lang='lat' dir='ltr'><em>Intrusus</em></span> <span class='ocrx_word' id='word_1_531' title='bbox 437 3381 551 3414; x_wconf 82' lang='lat' dir='ltr'><em>dicitur</em></span> <span class='ocrx_word' id='word_1_532' title='bbox 560 3392 615 3413; x_wconf 88' lang='lat' dir='ltr'><em>non</em></span> <span class='ocrx_word' id='word_1_533' title='bbox 619 3380 718 3422; x_wconf 69' lang='lat' dir='ltr'><em>filum</em></span> <span class='ocrx_word' id='word_1_534' title='bbox 730 3382 778 3417; x_wconf 73' lang='lat' dir='ltr'><em>qui</em></span> <span class='ocrx_word' id='word_1_535' title='bbox 793 3382 859 3421; x_wconf 74' lang='lat' dir='ltr'><em>sine</em></span> <span class='ocrx_word' id='word_1_536' title='bbox 868 3380 1007 3412; x_wconf 59' lang='lat' dir='ltr'><em>electione</em></span> <span class='ocrx_word' id='word_1_537' title='bbox 1017 3401 1027 3415; x_wconf 93' lang='lat'>,</span> <span class='ocrx_word' id='word_1_538' title='bbox 1042 3377 1098 3419; x_wconf 86' lang='lat' dir='ltr'><em>scd</em></span> <span class='ocrx_word' id='word_1_539' title='bbox 1108 3381 1201 3410; x_wconf 77' lang='lat' dir='ltr'><em>etiam</em></span> 
     </span>
     <span class='ocr_line' id='line_1_75' title="bbox 338 3424 1203 3463; baseline -0.001 -9"><span class='ocrx_word' id='word_1_540' title='bbox 338 3427 387 3462; x_wconf 80' lang='lat' dir='ltr'><em>qui</em></span> <span class='ocrx_word' id='word_1_541' title='bbox 399 3437 437 3456; x_wconf 78' lang='lat' dir='ltr'><em>cx</em></span> <span class='ocrx_word' id='word_1_542' title='bbox 450 3427 590 3457; x_wconf 66' lang='lat' dir='ltr'><em>eleffione</em></span> <span class='ocrx_word' id='word_1_543' title='bbox 596 3435 652 3456; x_wconf 85' lang='lat' dir='ltr'><em>non</em></span> <span class='ocrx_word' id='word_1_544' title='bbox 674 3426 835 3458; x_wconf 77' lang='lat' dir='ltr'><em>canonica,</em></span> <span class='ocrx_word' id='word_1_545' title='bbox 856 3431 927 3462; x_wconf 66' lang='lat' dir='ltr'><em>puta</em></span> <span class='ocrx_word' id='word_1_546' title='bbox 939 3425 1062 3455; x_wconf 77' lang='lat' dir='ltr'><em>minoris</em></span> <span class='ocrx_word' id='word_1_547' title='bbox 1081 3424 1182 3463; x_wconf 86' lang='lat' dir='ltr'><em>partis</em></span> <span class='ocrx_word' id='word_1_548' title='bbox 1193 3444 1203 3458; x_wconf 88' lang='lat'>,</span> 
     </span>
     <span class='ocr_line' id='line_1_76' title="bbox 338 3466 664 3509; baseline 0 -11"><span class='ocrx_word' id='word_1_549' title='bbox 338 3466 512 3507; x_wconf 81' lang='lat' dir='ltr'><em>beneficium</em></span> <span class='ocrx_word' id='word_1_550' title='bbox 523 3476 647 3509; x_wconf 80' lang='lat' dir='ltr'><em>occupat</em></span> <span class='ocrx_word' id='word_1_551' title='bbox 658 3490 664 3498; x_wconf 85' lang='lat'><strong>.</strong></span> 
     </span>
    </p>

    <p class='ocr_par' dir='ltr' id='par_1_38' title="bbox 231 3506 1204 3555">
     <span class='ocr_line' id='line_1_77' title="bbox 231 3506 1204 3555; baseline -0.003 -12"><span class='ocrx_word' id='word_1_552' title='bbox 231 3519 270 3552; x_wconf 81' lang='lat'><em>37</em></span> <span class='ocrx_word' id='word_1_553' title='bbox 291 3511 511 3554; x_wconf 63' lang='lat' dir='ltr'><em>Episcopatus„</em></span> <span class='ocrx_word' id='word_1_554' title='bbox 529 3513 681 3555; x_wconf 82' lang='lat' dir='ltr'><em>accipiens</em></span> <span class='ocrx_word' id='word_1_555' title='bbox 701 3511 794 3552; x_wconf 82' lang='lat' dir='ltr'><em>Regia</em></span> <span class='ocrx_word' id='word_1_556' title='bbox 813 3506 1001 3541; x_wconf 73' lang='lat' dir='ltr'><em>ordinatione</em></span> <span class='ocrx_word' id='word_1_557' title='bbox 1020 3516 1134 3541; x_wconf 80' lang='lat' dir='ltr'><em>tenetur</em></span> <span class='ocrx_word' id='word_1_558' title='bbox 1153 3509 1204 3542; x_wconf 82' lang='lat' dir='ltr'><em>illi</em></span> 
     </span>
    </p>
   </div>
   <div class='ocr_carea' id='block_1_3' title="bbox 608 97 1846 174">
    <p class='ocr_par' dir='ltr' id='par_1_39' title="bbox 608 97 1846 174">
     <span class='ocr_line' id='line_1_78' title="bbox 608 97 1846 174; baseline -0.007 -15"><span class='ocrx_word' id='word_1_559' title='bbox 608 104 776 174; x_wconf 84' lang='lat' dir='ltr'><em>Prosp.</em></span> <span class='ocrx_word' id='word_1_560' title='bbox 791 99 1011 171; x_wconf 70' lang='lat' dir='ltr'><em>Fagnau,</em></span> <span class='ocrx_word' id='word_1_561' title='bbox 1041 100 1095 155; x_wconf 81' lang='lat' dir='ltr'><em>in</em></span> <span class='ocrx_word' id='word_1_562' title='bbox 1113 99 1332 156; x_wconf 83' lang='lat' dir='ltr'><em>Primum</em></span> <span class='ocrx_word' id='word_1_563' title='bbox 1357 98 1561 154; x_wconf 79' lang='lat' dir='ltr'><em>Librum</em></span> <span class='ocrx_word' id='word_1_564' title='bbox 1580 97 1846 153; x_wconf 57' lang='lat' dir='ltr'><em>Decretali</em></span> 
     </span>
    </p>
   </div>
   <div class='ocr_carea' id='block_1_4' title="bbox 1237 183 2231 3580">
    <p class='ocr_par' dir='ltr' id='par_1_40' title="bbox 1349 183 1991 228">
     <span class='ocr_line' id='line_1_79' title="bbox 1349 183 1991 228; baseline 0.008 -14"><span class='ocrx_word' id='word_1_565' title='bbox 1349 183 1453 217; x_wconf 83' lang='lat' dir='ltr'><em>cedere</em></span> <span class='ocrx_word' id='word_1_566' title='bbox 1456 184 1524 226; x_wconf 81' lang='lat' dir='ltr'><em>fine</em></span> <span class='ocrx_word' id='word_1_567' title='bbox 1535 184 1546 215; x_wconf 85' lang='lat' dir='ltr'><em>l</em></span> <span class='ocrx_word' id='word_1_568' title='bbox 1549 185 1662 215; x_wconf 78' lang='lat' dir='ltr'><em>icentsa</em></span> <span class='ocrx_word' id='word_1_569' title='bbox 1681 187 1800 216; x_wconf 85' lang='lat' dir='ltr'><em>Summi</em></span> <span class='ocrx_word' id='word_1_570' title='bbox 1810 183 1991 228; x_wconf 54' lang='lat' dir='ltr'><em>pontificis}</em></span> 
     </span>
    </p>

    <p class='ocr_par' dir='ltr' id='par_1_41' title="bbox 1241 225 2134 270">
     <span class='ocr_line' id='line_1_80' title="bbox 1241 225 2134 270; baseline 0.008 -14"><span class='ocrx_word' id='word_1_571' title='bbox 1241 232 1280 270; x_wconf 78' lang='lat'><em>38</em></span> <span class='ocrx_word' id='word_1_572' title='bbox 1303 230 1378 260; x_wconf 81' lang='lat' dir='ltr'><em>leem</em></span> <span class='ocrx_word' id='word_1_573' title='bbox 1388 225 1527 268; x_wconf 76' lang='lat' dir='ltr'><em>provisus</em></span> <span class='ocrx_word' id='word_1_574' title='bbox 1535 225 1575 258; x_wconf 85' lang='lat' dir='ltr'><em>ab</em></span> <span class='ocrx_word' id='word_1_575' title='bbox 1586 227 1669 259; x_wconf 71' lang='lat' dir='ltr'><em>Ami</em></span> <span class='ocrx_word' id='word_1_576' title='bbox 1671 236 1711 268; x_wconf 87' lang='lat' dir='ltr'><em>pa</em></span> <span class='ocrx_word' id='word_1_577' title='bbox 1715 235 1755 267; x_wconf 90' lang='lat' dir='ltr'><em>pa</em></span> <span class='ocrx_word' id='word_1_578' title='bbox 1764 249 1776 264; x_wconf 83' lang='lat'><em>.,</em></span> <span class='ocrx_word' id='word_1_579' title='bbox 1796 228 1847 259; x_wconf 81' lang='lat' dir='ltr'><em>vel</em></span> <span class='ocrx_word' id='word_1_580' title='bbox 1856 228 1920 259; x_wconf 78' lang='lat' dir='ltr'><em>alio</em></span> <span class='ocrx_word' id='word_1_581' title='bbox 1919 227 2116 270; x_wconf 70' lang='lat' dir='ltr'><em>schismatico</em></span> <span class='ocrx_word' id='word_1_582' title='bbox 2126 256 2134 263; x_wconf 84' lang='lat'><em>.</em></span> 
     </span>
    </p>

    <p class='ocr_par' dir='ltr' id='par_1_42' title="bbox 1245 269 2214 354">
     <span class='ocr_line' id='line_1_81' title="bbox 1245 269 2214 313; baseline 0.002 -11"><span class='ocrx_word' id='word_1_583' title='bbox 1245 281 1284 313; x_wconf 88' lang='lat'><em>39</em></span> <span class='ocrx_word' id='word_1_584' title='bbox 1306 272 1335 303; x_wconf 82' lang='grc' dir='ltr'><em>Ε</em></span> <span class='ocrx_word' id='word_1_585' title='bbox 1337 271 1431 303; x_wconf 64' lang='lat' dir='ltr'><em>lellus</em></span> <span class='ocrx_word' id='word_1_586' title='bbox 1439 270 1460 303; x_wconf 75' lang='grc' dir='ltr'><em>ι’</em></span> <span class='ocrx_word' id='word_1_587' title='bbox 1469 270 1583 301; x_wconf 88' lang='lat' dir='ltr'><em>minore</em></span> <span class='ocrx_word' id='word_1_588' title='bbox 1590 279 1680 311; x_wconf 85' lang='lat' dir='ltr'><em>parte</em></span> <span class='ocrx_word' id='word_1_589' title='bbox 1687 279 1805 301; x_wconf 83' lang='lat' dir='ltr'><em>tenetur</em></span> <span class='ocrx_word' id='word_1_590' title='bbox 1816 269 1916 302; x_wconf 85' lang='lat' dir='ltr'><em>cedere</em></span> <span class='ocrx_word' id='word_1_591' title='bbox 1924 293 1934 308; x_wconf 85' lang='lat'>‚</span> <span class='ocrx_word' id='word_1_592' title='bbox 1945 270 2099 306; x_wconf 78' lang='lat' dir='ltr'><em>dummodo</em></span> <span class='ocrx_word' id='word_1_593' title='bbox 2109 273 2148 306; x_wconf 80' lang='lat' dir='ltr'><em>de</em></span> <span class='ocrx_word' id='word_1_594' title='bbox 2157 285 2214 307; x_wconf 80' lang='lat' dir='ltr'><em>non</em></span> 
     </span>
     <span class='ocr_line' id='line_1_82' title="bbox 1349 311 2043 354; baseline 0.003 -9"><span class='ocrx_word' id='word_1_595' title='bbox 1349 315 1493 345; x_wconf 84' lang='lat' dir='ltr'><em>canonica</em></span> <span class='ocrx_word' id='word_1_596' title='bbox 1502 312 1529 345; x_wconf 85' lang='lat' dir='ltr'><em>el</em></span> <span class='ocrx_word' id='word_1_597' title='bbox 1531 312 1642 346; x_wconf 66' lang='lat' dir='ltr'><em>emme</em></span> <span class='ocrx_word' id='word_1_598' title='bbox 1649 311 1756 354; x_wconf 88' lang='lat' dir='ltr'><em>constet</em></span> <span class='ocrx_word' id='word_1_599' title='bbox 1762 315 1799 345; x_wconf 81' lang='lat' dir='ltr'><em>in</em></span> <span class='ocrx_word' id='word_1_600' title='bbox 1808 311 1905 353; x_wconf 80' lang='lat' dir='ltr'><em>figura</em></span> <span class='ocrx_word' id='word_1_601' title='bbox 1916 312 2026 352; x_wconf 78' lang='lat' dir='ltr'><em>iudicii</em></span> <span class='ocrx_word' id='word_1_602' title='bbox 2034 337 2043 346; x_wconf 91' lang='lat'>.</span> 
     </span>
    </p>

    <p class='ocr_par' dir='ltr' id='par_1_43' title="bbox 1241 355 2216 443">
     <span class='ocr_line' id='line_1_83' title="bbox 1241 355 2216 400; baseline 0.002 -10"><span class='ocrx_word' id='word_1_603' title='bbox 1241 367 1285 400; x_wconf 82' lang='lat'><em>40</em></span> <span class='ocrx_word' id='word_1_604' title='bbox 1304 355 1439 396; x_wconf 69' lang='lat' dir='ltr'><em>Intrufits</em></span> <span class='ocrx_word' id='word_1_605' title='bbox 1449 355 1559 388; x_wconf 76' lang='lat' dir='ltr'><em>habens</em></span> <span class='ocrx_word' id='word_1_606' title='bbox 1568 365 1592 386; x_wconf 78' lang='grc' dir='ltr'><em>ιι</em></span> <span class='ocrx_word' id='word_1_607' title='bbox 1596 357 1690 388; x_wconf 89' lang='lat' dir='ltr'><em>tulum</em></span> <span class='ocrx_word' id='word_1_608' title='bbox 1698 358 1875 398; x_wconf 78' lang='lat' dir='ltr'><em>putativum</em></span> <span class='ocrx_word' id='word_1_609' title='bbox 1884 355 1905 389; x_wconf 64' lang='lat' dir='ltr'><em>a*</em></span> <span class='ocrx_word' id='word_1_610' title='bbox 1912 357 2050 396; x_wconf 85' lang='lat' dir='ltr'><em>legitimo</em></span> <span class='ocrx_word' id='word_1_611' title='bbox 2057 361 2216 400; x_wconf 72' lang='lat' dir='ltr'><em>Superiora</em></span> 
     </span>
     <span class='ocr_line' id='line_1_84' title="bbox 1349 397 1946 443; baseline 0.002 -12"><span class='ocrx_word' id='word_1_612' title='bbox 1349 398 1451 432; x_wconf 86' lang='lat' dir='ltr'><em>cedere</em></span> <span class='ocrx_word' id='word_1_613' title='bbox 1461 409 1518 430; x_wconf 88' lang='lat' dir='ltr'><em>non</em></span> <span class='ocrx_word' id='word_1_614' title='bbox 1525 397 1690 443; x_wconf 75' lang='lat' dir='ltr'><em>potestfine</em></span> <span class='ocrx_word' id='word_1_615' title='bbox 1699 399 1827 431; x_wconf 84' lang='lat' dir='ltr'><em>licentia</em></span> <span class='ocrx_word' id='word_1_616' title='bbox 1839 402 1928 441; x_wconf 81' lang='lat' dir='ltr'><em>Papa</em></span> <span class='ocrx_word' id='word_1_617' title='bbox 1936 423 1946 432; x_wconf 89' lang='lat'><strong>.</strong></span> 
     </span>
    </p>

    <p class='ocr_par' dir='ltr' id='par_1_44' title="bbox 1240 434 2217 528">
     <span class='ocr_line' id='line_1_85' title="bbox 1240 434 2217 487; baseline 0.004 -14"><span class='ocrx_word' id='word_1_618' title='bbox 1240 453 1279 484; x_wconf 76' lang='lat'><em>41</em></span> <span class='ocrx_word' id='word_1_619' title='bbox 1302 434 1650 486; x_wconf 73' lang='lat' dir='ltr'><em>Poffeffiofai‘lisuffulta</em></span> <span class='ocrx_word' id='word_1_620' title='bbox 1660 442 1761 480; x_wconf 72' lang='lat' dir='ltr'><em>aliquo</em></span> <span class='ocrx_word' id='word_1_621' title='bbox 1770 443 1864 475; x_wconf 91' lang='lat' dir='ltr'><em>colore</em></span> <span class='ocrx_word' id='word_1_622' title='bbox 1873 444 1960 476; x_wconf 83' lang='lat' dir='ltr'><em>tituli</em></span> <span class='ocrx_word' id='word_1_623' title='bbox 1971 442 2093 476; x_wconf 79' lang='lat' dir='ltr'><em>dimitti</em></span> <span class='ocrx_word' id='word_1_624' title='bbox 2101 455 2159 477; x_wconf 90' lang='lat' dir='ltr'><em>non</em></span> <span class='ocrx_word' id='word_1_625' title='bbox 2166 453 2217 487; x_wconf 89' lang='lat' dir='ltr'><em>po-</em></span> 
     </span>
     <span class='ocr_line' id='line_1_86' title="bbox 1348 485 1811 528; baseline 0 -11"><span class='ocrx_word' id='word_1_626' title='bbox 1348 485 1404 527; x_wconf 83' lang='lat' dir='ltr'><em>test</em></span> <span class='ocrx_word' id='word_1_627' title='bbox 1409 485 1476 528; x_wconf 85' lang='lat' dir='ltr'><em>fine</em></span> <span class='ocrx_word' id='word_1_628' title='bbox 1485 486 1658 527; x_wconf 72' lang='lat' dir='ltr'><em>Superioris</em></span> <span class='ocrx_word' id='word_1_629' title='bbox 1668 485 1794 517; x_wconf 84' lang='lat' dir='ltr'><em>licentia</em></span> <span class='ocrx_word' id='word_1_630' title='bbox 1803 508 1811 516; x_wconf 92' lang='lat'>.</span> 
     </span>
    </p>

    <p class='ocr_par' dir='ltr' id='par_1_45' title="bbox 1239 526 2214 611">
     <span class='ocr_line' id='line_1_87' title="bbox 1239 526 2214 574; baseline 0.001 -14"><span class='ocrx_word' id='word_1_631' title='bbox 1239 540 1280 570; x_wconf 82' lang='lat'><em>42</em></span> <span class='ocrx_word' id='word_1_632' title='bbox 1300 531 1369 562; x_wconf 86' lang='lat' dir='ltr'><em>Sim</em></span> <span class='ocrx_word' id='word_1_633' title='bbox 1374 539 1496 560; x_wconf 79' lang='lat' dir='ltr'><em>oniacus</em></span> <span class='ocrx_word' id='word_1_634' title='bbox 1506 538 1549 559; x_wconf 89' lang='lat' dir='ltr'><em>an</em></span> <span class='ocrx_word' id='word_1_635' title='bbox 1558 527 1641 568; x_wconf 84' lang='lat' dir='ltr'><em>poffit</em></span> <span class='ocrx_word' id='word_1_636' title='bbox 1650 528 1680 559; x_wconf 85' lang='lat' dir='ltr'><em>E</em></span> <span class='ocrx_word' id='word_1_637' title='bbox 1682 526 1761 568; x_wconf 73' lang='lat' dir='ltr'><em>pasco</em></span> <span class='ocrx_word' id='word_1_638' title='bbox 1761 536 1867 568; x_wconf 80' lang='lat' dir='ltr'><em>patum</em></span> <span class='ocrx_word' id='word_1_639' title='bbox 1876 530 2029 574; x_wconf 76' lang='lat' dir='ltr'><em>resignare</em></span> <span class='ocrx_word' id='word_1_640' title='bbox 2032 530 2101 574; x_wconf 85' lang='lat' dir='ltr'><em>fine</em></span> <span class='ocrx_word' id='word_1_641' title='bbox 2110 530 2214 563; x_wconf 87' lang='lat' dir='ltr'><em>autho-</em></span> 
     </span>
     <span class='ocr_line' id='line_1_88' title="bbox 1345 574 1641 611; baseline -0.007 -7"><span class='ocrx_word' id='word_1_642' title='bbox 1345 574 1443 604; x_wconf 82' lang='lat' dir='ltr'><em>ritate</em></span> <span class='ocrx_word' id='word_1_643' title='bbox 1453 574 1624 611; x_wconf 76' lang='lat' dir='ltr'><em>Superioris</em></span> <span class='ocrx_word' id='word_1_644' title='bbox 1631 592 1641 602; x_wconf 86' lang='lat'><strong>.</strong></span> 
     </span>
    </p>

    <p class='ocr_par' dir='ltr' id='par_1_46' title="bbox 1240 613 2217 734">
     <span class='ocr_line' id='line_1_89' title="bbox 1240 613 2215 658; baseline 0.001 -11"><span class='ocrx_word' id='word_1_645' title='bbox 1240 626 1281 658; x_wconf 85' lang='lat'><em>43</em></span> <span class='ocrx_word' id='word_1_646' title='bbox 1302 613 1439 656; x_wconf 76' lang='lat' dir='ltr'><em>Intrusm</em></span> <span class='ocrx_word' id='word_1_647' title='bbox 1449 624 1514 646; x_wconf 86' lang='lat' dir='ltr'><em>cum</em></span> <span class='ocrx_word' id='word_1_648' title='bbox 1531 614 1621 645; x_wconf 87' lang='lat' dir='ltr'><em>titulo</em></span> <span class='ocrx_word' id='word_1_649' title='bbox 1638 613 1787 651; x_wconf 85' lang='lat' dir='ltr'><em>colorato,</em></span> <span class='ocrx_word' id='word_1_650' title='bbox 1805 616 1841 647; x_wconf 78' lang='lat' dir='ltr'><em>in</em></span> <span class='ocrx_word' id='word_1_651' title='bbox 1858 616 1989 648; x_wconf 85' lang='lat' dir='ltr'><em>articulo</em></span> <span class='ocrx_word' id='word_1_652' title='bbox 2006 618 2115 649; x_wconf 81' lang='lat' dir='ltr'><em>mortis</em></span> <span class='ocrx_word' id='word_1_653' title='bbox 2122 614 2215 657; x_wconf 81' lang='lat' dir='ltr'><em>potest</em></span> 
     </span>
     <span class='ocr_line' id='line_1_90' title="bbox 1352 656 2217 701; baseline 0 -10"><span class='ocrx_word' id='word_1_654' title='bbox 1352 657 1528 699; x_wconf 81' lang='lat' dir='ltr'><em>beneficium</em></span> <span class='ocrx_word' id='word_1_655' title='bbox 1550 656 1707 689; x_wconf 84' lang='lat' dir='ltr'><em>dimittere</em></span> <span class='ocrx_word' id='word_1_656' title='bbox 1731 668 1789 689; x_wconf 88' lang='lat' dir='ltr'><em>non</em></span> <span class='ocrx_word' id='word_1_657' title='bbox 1805 660 1968 700; x_wconf 65' lang='lat' dir='ltr'><em>expe-tiata</em></span> <span class='ocrx_word' id='word_1_658' title='bbox 1984 662 2160 701; x_wconf 81' lang='lat' dir='ltr'><em>Superioris</em></span> <span class='ocrx_word' id='word_1_659' title='bbox 2178 660 2217 692; x_wconf 82' lang='lat' dir='ltr'><em>li-</em></span> 
     </span>
     <span class='ocr_line' id='line_1_91' title="bbox 1345 710 1466 734; baseline -0.017 0"><span class='ocrx_word' id='word_1_660' title='bbox 1345 710 1447 734; x_wconf 79' lang='lat' dir='ltr'><em>centia</em></span> <span class='ocrx_word' id='word_1_661' title='bbox 1457 723 1466 733; x_wconf 86' lang='grc'><strong><em>,</em></strong></span> 
     </span>
    </p>

    <p class='ocr_par' dir='ltr' id='par_1_47' title="bbox 1239 739 2216 827">
     <span class='ocr_line' id='line_1_92' title="bbox 1239 739 2216 827; baseline 0.003 -52"><span class='ocrx_word' id='word_1_662' title='bbox 1239 756 1284 787; x_wconf 77' lang='lat'><em>44</em></span> <span class='ocrx_word' id='word_1_663' title='bbox 1301 747 1430 819; x_wconf 33' lang='lat' dir='ltr'><em>Crimle&#39;n-</em></span> <span class='ocrx_word' id='word_1_664' title='bbox 1439 741 1552 827; x_wconf 43' lang='lat' dir='ltr'><em>hyerests</em></span> <span class='ocrx_word' id='word_1_665' title='bbox 1563 765 1573 780; x_wconf 92' lang='lat'>,</span> <span class='ocrx_word' id='word_1_666' title='bbox 1595 740 1633 775; x_wconf 67' lang='lat'><em>&amp;¹</em></span> <span class='ocrx_word' id='word_1_667' title='bbox 1640 739 1785 785; x_wconf 83' lang='lat' dir='ltr'><em>affaffinii</em></span> <span class='ocrx_word' id='word_1_668' title='bbox 1806 744 1950 777; x_wconf 78' lang='lat' dir='ltr'><em>inducunt</em></span> <span class='ocrx_word' id='word_1_669' title='bbox 1959 747 2167 786; x_wconf 83' lang='lat' dir='ltr'><em>privationem</em></span> <span class='ocrx_word' id='word_1_670' title='bbox 2176 747 2216 777; x_wconf 81' lang='lat' dir='ltr'><em>ti-</em></span> 
     </span>
     <span class='ocr_line' id='line_1_93' title="bbox 1349 795 1576 823; baseline -0.009 -5"><span class='ocrx_word' id='word_1_671' title='bbox 1349 797 1380 819; x_wconf 86' lang='lat' dir='ltr'><em>tu</em></span> <span class='ocrx_word' id='word_1_672' title='bbox 1395 800 1406 818; x_wconf 89' lang='grc' dir='ltr'><em>ι</em></span> <span class='ocrx_word' id='word_1_673' title='bbox 1419 800 1429 818; x_wconf 81' lang='grc' dir='ltr'><em>ι</em></span> <span class='ocrx_word' id='word_1_674' title='bbox 1469 797 1484 816; x_wconf 95' lang='lat' dir='ltr'><em>o</em></span> <span class='ocrx_word' id='word_1_675' title='bbox 1494 795 1558 823; x_wconf 68' lang='lat' dir='ltr'><em>pure</em></span> <span class='ocrx_word' id='word_1_676' title='bbox 1568 809 1576 816; x_wconf 94' lang='lat'><strong>.</strong></span> 
     </span>
    </p>

    <p class='ocr_par' dir='ltr' id='par_1_48' title="bbox 1239 795 2219 913">
     <span class='ocr_line' id='line_1_94' title="bbox 1239 795 2219 875; baseline 0.004 -14"><span class='ocrx_word' id='word_1_677' title='bbox 1239 842 1277 873; x_wconf 83' lang='lat'><em>45</em></span> <span class='ocrx_word' id='word_1_678' title='bbox 1299 832 1398 866; x_wconf 79' lang='lat' dir='ltr'><em>Paria</em></span> <span class='ocrx_word' id='word_1_679' title='bbox 1401 795 1475 870; x_wconf 46' lang='grc' dir='ltr'><em>βενε</em></span> <span class='ocrx_word' id='word_1_680' title='bbox 1484 827 1638 860; x_wconf 87' lang='lat' dir='ltr'><em>intrudere</em></span> <span class='ocrx_word' id='word_1_681' title='bbox 1640 825 1676 869; x_wconf 92' lang='lat' dir='ltr'><em>se</em></span> <span class='ocrx_word' id='word_1_682' title='bbox 1687 829 1720 859; x_wconf 85' lang='lat' dir='ltr'><em>in</em></span> <span class='ocrx_word' id='word_1_683' title='bbox 1727 826 1850 871; x_wconf 83' lang='lat' dir='ltr'><em>benefici</em></span> <span class='ocrx_word' id='word_1_684' title='bbox 1852 840 1867 859; x_wconf 90' lang='lat' dir='ltr'><em>o</em></span> <span class='ocrx_word' id='word_1_685' title='bbox 1875 851 1886 866; x_wconf 91' lang='lat'>,</span> <span class='ocrx_word' id='word_1_686' title='bbox 1911 831 1965 862; x_wconf 82' lang='lat' dir='ltr'><em>vel</em></span> <span class='ocrx_word' id='word_1_687' title='bbox 1973 832 2103 864; x_wconf 81' lang='lat' dir='ltr'><em>retinere</em></span> <span class='ocrx_word' id='word_1_688' title='bbox 2111 829 2219 875; x_wconf 84' lang='lat' dir='ltr'><em>benefi-</em></span> 
     </span>
     <span class='ocr_line' id='line_1_95' title="bbox 1349 871 2023 913; baseline -0.001 -8"><span class='ocrx_word' id='word_1_689' title='bbox 1349 875 1427 906; x_wconf 75' lang='lat' dir='ltr'><em>cium</em></span> <span class='ocrx_word' id='word_1_690' title='bbox 1439 894 1449 909; x_wconf 82' lang='lat'>,</span> <span class='ocrx_word' id='word_1_691' title='bbox 1469 882 1523 910; x_wconf 79' lang='lat' dir='ltr'><em>quo</em></span> <span class='ocrx_word' id='word_1_692' title='bbox 1533 872 1648 909; x_wconf 77' lang='lat' dir='ltr'><em>aliquis</em></span> <span class='ocrx_word' id='word_1_693' title='bbox 1657 872 1799 904; x_wconf 80' lang='lat' dir='ltr'><em>canonice</em></span> <span class='ocrx_word' id='word_1_694' title='bbox 1809 871 1851 913; x_wconf 91' lang='lat' dir='ltr'><em>est</em></span> <span class='ocrx_word' id='word_1_695' title='bbox 1859 874 2005 913; x_wconf 85' lang='lat' dir='ltr'><em>privatus</em></span> <span class='ocrx_word' id='word_1_696' title='bbox 2015 896 2023 904; x_wconf 92' lang='lat'>.</span> 
     </span>
    </p>

    <p class='ocr_par' dir='ltr' id='par_1_49' title="bbox 1237 913 2219 1035">
     <span class='ocr_line' id='line_1_96' title="bbox 1237 913 2219 960; baseline 0.003 -14"><span class='ocrx_word' id='word_1_697' title='bbox 1237 921 1279 960; x_wconf 79' lang='lat'><em>46</em></span> <span class='ocrx_word' id='word_1_698' title='bbox 1303 914 1467 959; x_wconf 75' lang='lat' dir='ltr'><em>Episcopus</em></span> <span class='ocrx_word' id='word_1_699' title='bbox 1486 917 1630 956; x_wconf 86' lang='lat' dir='ltr'><em>privatus</em></span> <span class='ocrx_word' id='word_1_700' title='bbox 1638 913 1672 946; x_wconf 86' lang='lat' dir='ltr'><em>ob</em></span> <span class='ocrx_word' id='word_1_701' title='bbox 1691 917 1805 947; x_wconf 86' lang='lat' dir='ltr'><em>crimen</em></span> <span class='ocrx_word' id='word_1_702' title='bbox 1824 918 1971 947; x_wconf 85' lang='lat' dir='ltr'><em>notorium</em></span> <span class='ocrx_word' id='word_1_703' title='bbox 1982 938 1992 953; x_wconf 97' lang='lat'>,</span> <span class='ocrx_word' id='word_1_704' title='bbox 2011 916 2064 948; x_wconf 86' lang='lat' dir='ltr'><em>vel</em></span> <span class='ocrx_word' id='word_1_705' title='bbox 2081 914 2219 950; x_wconf 83' lang='lat' dir='ltr'><em>declara-</em></span> 
     </span>
     <span class='ocr_line' id='line_1_97' title="bbox 1347 956 2218 1002; baseline 0.001 -11"><span class='ocrx_word' id='word_1_706' title='bbox 1347 969 1411 992; x_wconf 82' lang='lat' dir='ltr'><em>tum</em></span> <span class='ocrx_word' id='word_1_707' title='bbox 1420 969 1473 1000; x_wconf 87' lang='lat' dir='ltr'><em>per</em></span> <span class='ocrx_word' id='word_1_708' title='bbox 1484 959 1672 999; x_wconf 75' lang='lat' dir='ltr'><em>fitttentiam</em></span> <span class='ocrx_word' id='word_1_709' title='bbox 1681 979 1692 994; x_wconf 91' lang='lat'>,</span> <span class='ocrx_word' id='word_1_710' title='bbox 1713 956 1816 990; x_wconf 84' lang='lat' dir='ltr'><em>cedere</em></span> <span class='ocrx_word' id='word_1_711' title='bbox 1824 958 1917 1001; x_wconf 80' lang='lat' dir='ltr'><em>potest</em></span> <span class='ocrx_word' id='word_1_712' title='bbox 1931 958 2040 1001; x_wconf 80' lang='lat' dir='ltr'><em>absque</em></span> <span class='ocrx_word' id='word_1_713' title='bbox 2047 962 2218 1002; x_wconf 78' lang='lat' dir='ltr'><em>Superioris</em></span> 
     </span>
     <span class='ocr_line' id='line_1_98' title="bbox 1351 1004 1559 1035; baseline -0.01 0"><span class='ocrx_word' id='word_1_714' title='bbox 1351 1015 1370 1035; x_wconf 89' lang='lat' dir='ltr'><em>a</em></span> <span class='ocrx_word' id='word_1_715' title='bbox 1377 1004 1542 1034; x_wconf 86' lang='lat' dir='ltr'><em>uthoritate</em></span> <span class='ocrx_word' id='word_1_716' title='bbox 1551 1024 1559 1032; x_wconf 90' lang='lat'><strong>.</strong></span> 
     </span>
    </p>

    <p class='ocr_par' dir='ltr' id='par_1_50' title="bbox 1305 1044 2176 1089">
     <span class='ocr_line' id='line_1_99' title="bbox 1305 1044 2176 1089; baseline -0.001 -10"><span class='ocrx_word' id='word_1_717' title='bbox 1305 1046 1432 1089; x_wconf 83' lang='lat' dir='ltr'><em>Secusst</em></span> <span class='ocrx_word' id='word_1_718' title='bbox 1441 1048 1553 1078; x_wconf 87' lang='lat' dir='ltr'><em>crimen</em></span> <span class='ocrx_word' id='word_1_719' title='bbox 1576 1053 1602 1076; x_wconf 77' lang='lat' dir='ltr'><em>it</em></span> <span class='ocrx_word' id='word_1_720' title='bbox 1613 1044 1757 1076; x_wconf 86' lang='lat' dir='ltr'><em>occultum</em></span> <span class='ocrx_word' id='word_1_721' title='bbox 1767 1067 1777 1082; x_wconf 92' lang='lat'>‚</span> <span class='ocrx_word' id='word_1_722' title='bbox 1796 1045 1962 1086; x_wconf 75' lang='lat' dir='ltr'><em>n.48.verſs</em></span> <span class='ocrx_word' id='word_1_723' title='bbox 1969 1047 2034 1077; x_wconf 85' lang='lat' dir='ltr'><em>Aut</em></span> <span class='ocrx_word' id='word_1_724' title='bbox 2041 1048 2157 1078; x_wconf 83' lang='lat' dir='ltr'><em>crimen</em></span> <span class='ocrx_word' id='word_1_725' title='bbox 2167 1069 2176 1079; x_wconf 92' lang='lat'><em>.</em></span> 
     </span>
    </p>

    <p class='ocr_par' dir='ltr' id='par_1_51' title="bbox 1239 1087 2219 1166">
     <span class='ocr_line' id='line_1_100' title="bbox 1239 1087 2219 1133; baseline 0 -12"><span class='ocrx_word' id='word_1_726' title='bbox 1239 1101 1282 1133; x_wconf 83' lang='lat'><em>47</em></span> <span class='ocrx_word' id='word_1_727' title='bbox 1305 1087 1461 1130; x_wconf 77' lang='lat' dir='ltr'><em>Extrusus</em></span> <span class='ocrx_word' id='word_1_728' title='bbox 1479 1098 1530 1132; x_wconf 88' lang='lat' dir='ltr'><em>per</em></span> <span class='ocrx_word' id='word_1_729' title='bbox 1563 1090 1730 1120; x_wconf 78' lang='lat' dir='ltr'><em>ententiam</em></span> <span class='ocrx_word' id='word_1_730' title='bbox 1745 1099 1803 1120; x_wconf 88' lang='lat' dir='ltr'><em>non</em></span> <span class='ocrx_word' id='word_1_731' title='bbox 1820 1088 1936 1121; x_wconf 85' lang='lat' dir='ltr'><em>dicitur</em></span> <span class='ocrx_word' id='word_1_732' title='bbox 1959 1088 2063 1122; x_wconf 85' lang='lat' dir='ltr'><em>cedere</em></span> <span class='ocrx_word' id='word_1_733' title='bbox 2071 1111 2082 1127; x_wconf 92' lang='lat'><strong>,</strong></span> <span class='ocrx_word' id='word_1_734' title='bbox 2102 1088 2159 1132; x_wconf 84' lang='lat' dir='ltr'><em>sed</em></span> <span class='ocrx_word' id='word_1_735' title='bbox 2175 1100 2219 1121; x_wconf 82' lang='lat' dir='ltr'><em>re·</em></span> 
     </span>
     <span class='ocr_line' id='line_1_101' title="bbox 1349 1136 1469 1166; baseline -0.025 -1"><span class='ocrx_word' id='word_1_736' title='bbox 1349 1136 1449 1166; x_wconf 81' lang='lat' dir='ltr'><em>cedere</em></span> <span class='ocrx_word' id='word_1_737' title='bbox 1461 1155 1469 1163; x_wconf 92' lang='lat'><em>.</em></span> 
     </span>
    </p>

    <p class='ocr_par' dir='ltr' id='par_1_52' title="bbox 1246 1172 2219 1252">
     <span class='ocr_line' id='line_1_102' title="bbox 1246 1172 2219 1252; baseline -0.004 -40"><span class='ocrx_word' id='word_1_738' title='bbox 1246 1180 1288 1219; x_wconf 82' lang='lat'><em>48</em></span> <span class='ocrx_word' id='word_1_739' title='bbox 1309 1174 1445 1252; x_wconf 49' lang='lat' dir='ltr'><em>Intgusus</em></span> <span class='ocrx_word' id='word_1_740' title='bbox 1456 1172 1517 1217; x_wconf 88' lang='lat' dir='ltr'><em>post</em></span> <span class='ocrx_word' id='word_1_741' title='bbox 1526 1184 1588 1207; x_wconf 91' lang='lat' dir='ltr'><em>rem</em></span> <span class='ocrx_word' id='word_1_742' title='bbox 1606 1172 1777 1214; x_wconf 79' lang='lat' dir='ltr'><em>judicatam</em></span> <span class='ocrx_word' id='word_1_743' title='bbox 1787 1196 1796 1212; x_wconf 91' lang='lat'>,</span> <span class='ocrx_word' id='word_1_744' title='bbox 1816 1173 1853 1207; x_wconf 69' lang='grc' dir='ltr'><em>ό·</em></span> <span class='ocrx_word' id='word_1_745' title='bbox 1864 1176 2082 1208; x_wconf 79' lang='lat' dir='ltr'><em>executoriales</em></span> <span class='ocrx_word' id='word_1_746' title='bbox 2100 1186 2157 1208; x_wconf 89' lang='lat' dir='ltr'><em>non</em></span> <span class='ocrx_word' id='word_1_747' title='bbox 2166 1187 2219 1208; x_wconf 89' lang='lat' dir='ltr'><em>au-</em></span> 
     </span>
    </p>

    <p class='ocr_par' dir='ltr' id='par_1_53' title="bbox 1374 1229 1458 1252">
     <span class='ocr_line' id='line_1_103' title="bbox 1374 1229 1458 1252; baseline -0.012 -1"><span class='ocrx_word' id='word_1_748' title='bbox 1374 1229 1439 1252; x_wconf 76' lang='lat' dir='ltr'><em>itur</em></span> <span class='ocrx_word' id='word_1_749' title='bbox 1450 1242 1458 1250; x_wconf 92' lang='lat'><em>.</em></span> 
     </span>
    </p>

    <p class='ocr_par' dir='ltr' id='par_1_54' title="bbox 1242 1260 2220 1349">
     <span class='ocr_line' id='line_1_104' title="bbox 1242 1260 2220 1308; baseline -0.004 -10"><span class='ocrx_word' id='word_1_750' title='bbox 1242 1275 1284 1308; x_wconf 85' lang='lat'><em>49</em></span> <span class='ocrx_word' id='word_1_751' title='bbox 1304 1261 1464 1298; x_wconf 85' lang='lat' dir='ltr'><em>Debilitas</em></span> <span class='ocrx_word' id='word_1_752' title='bbox 1477 1261 1616 1303; x_wconf 76' lang='lat' dir='ltr'><em>corporis</em></span> <span class='ocrx_word' id='word_1_753' title='bbox 1645 1260 1810 1301; x_wconf 81' lang='lat' dir='ltr'><em>impediens</em></span> <span class='ocrx_word' id='word_1_754' title='bbox 1834 1263 2036 1295; x_wconf 84' lang='lat' dir='ltr'><em>executionem</em></span> <span class='ocrx_word' id='word_1_755' title='bbox 2055 1262 2220 1307; x_wconf 82' lang='lat' dir='ltr'><em>pastoralis</em></span> 
     </span>
     <span class='ocr_line' id='line_1_105' title="bbox 1351 1303 1835 1349; baseline -0.002 -12"><span class='ocrx_word' id='word_1_756' title='bbox 1351 1306 1444 1349; x_wconf 64' lang='lat' dir='ltr'><em>officii</em></span> <span class='ocrx_word' id='word_1_757' title='bbox 1453 1304 1493 1346; x_wconf 85' lang='lat' dir='ltr'><em>est</em></span> <span class='ocrx_word' id='word_1_758' title='bbox 1502 1303 1580 1346; x_wconf 75' lang='lat' dir='ltr'><em>justa</em></span> <span class='ocrx_word' id='word_1_759' title='bbox 1591 1303 1681 1344; x_wconf 79' lang='lat' dir='ltr'><em>causa</em></span> <span class='ocrx_word' id='word_1_760' title='bbox 1691 1303 1817 1336; x_wconf 85' lang='lat' dir='ltr'><em>cedendi</em></span> <span class='ocrx_word' id='word_1_761' title='bbox 1827 1328 1835 1336; x_wconf 93' lang='lat'>.</span> 
     </span>
    </p>

    <p class='ocr_par' dir='ltr' id='par_1_55' title="bbox 1244 1346 1799 1393">
     <span class='ocr_line' id='line_1_106' title="bbox 1244 1346 1799 1393; baseline -0.004 -11"><span class='ocrx_word' id='word_1_762' title='bbox 1244 1361 1283 1393; x_wconf 83' lang='lat'><em>50</em></span> <span class='ocrx_word' id='word_1_763' title='bbox 1304 1346 1437 1384; x_wconf 82' lang='lat' dir='ltr'><em>Morbus</em></span> <span class='ocrx_word' id='word_1_764' title='bbox 1439 1349 1575 1389; x_wconf 85' lang='lat' dir='ltr'><em>sonticus</em></span> <span class='ocrx_word' id='word_1_765' title='bbox 1584 1349 1650 1385; x_wconf 79' lang='lat' dir='ltr'><em>quis</em></span> <span class='ocrx_word' id='word_1_766' title='bbox 1661 1346 1799 1380; x_wconf 85' lang='lat' dir='ltr'><em>dicatur.</em></span> 
     </span>
    </p>

    <p class='ocr_par' dir='ltr' id='par_1_56' title="bbox 1242 1388 2221 1477">
     <span class='ocr_line' id='line_1_107' title="bbox 1242 1388 2221 1436; baseline -0.002 -12"><span class='ocrx_word' id='word_1_767' title='bbox 1242 1403 1279 1436; x_wconf 81' lang='lat'><em>51</em></span> <span class='ocrx_word' id='word_1_768' title='bbox 1305 1391 1447 1432; x_wconf 79' lang='lat' dir='ltr'><em>Podagra</em></span> <span class='ocrx_word' id='word_1_769' title='bbox 1476 1402 1517 1423; x_wconf 88' lang='lat' dir='ltr'><em>an</em></span> <span class='ocrx_word' id='word_1_770' title='bbox 1543 1388 1673 1432; x_wconf 73' lang='lat' dir='ltr'><em>prebeat</em></span> <span class='ocrx_word' id='word_1_771' title='bbox 1690 1392 1863 1431; x_wconf 84' lang='lat' dir='ltr'><em>legitimam</em></span> <span class='ocrx_word' id='word_1_772' title='bbox 1882 1391 2006 1433; x_wconf 86' lang='lat' dir='ltr'><em>causam</em></span> <span class='ocrx_word' id='word_1_773' title='bbox 2023 1390 2221 1424; x_wconf 83' lang='lat' dir='ltr'><em>renuntiandi</em></span> 
     </span>
     <span class='ocr_line' id='line_1_108' title="bbox 1351 1435 1587 1477; baseline -0.013 -9"><span class='ocrx_word' id='word_1_774' title='bbox 1351 1438 1380 1468; x_wconf 86' lang='lat' dir='ltr'><em>E</em></span> <span class='ocrx_word' id='word_1_775' title='bbox 1382 1435 1568 1477; x_wconf 86' lang='lat' dir='ltr'><em>piscopatum</em></span> <span class='ocrx_word' id='word_1_776' title='bbox 1578 1457 1587 1466; x_wconf 87' lang='lat'><strong>.</strong></span> 
     </span>
    </p>

    <p class='ocr_par' dir='ltr' id='par_1_57' title="bbox 1244 1474 2216 1552">
     <span class='ocr_line' id='line_1_109' title="bbox 1244 1474 2216 1552; baseline -0.002 -40"><span class='ocrx_word' id='word_1_777' title='bbox 1244 1489 1283 1523; x_wconf 80' lang='lat'><em>52</em></span> <span class='ocrx_word' id='word_1_778' title='bbox 1303 1478 1478 1528; x_wconf 71' lang='lat' dir='ltr'><em>Infirmitas</em></span> <span class='ocrx_word' id='word_1_779' title='bbox 1489 1474 1615 1552; x_wconf 70' lang='lat' dir='ltr'><em>estljusta</em></span> <span class='ocrx_word' id='word_1_780' title='bbox 1627 1476 1718 1519; x_wconf 71' lang='lat' dir='ltr'><em>causa</em></span> <span class='ocrx_word' id='word_1_781' title='bbox 1729 1476 1874 1515; x_wconf 83' lang='lat' dir='ltr'><em>cedendi,</em></span> <span class='ocrx_word' id='word_1_782' title='bbox 1896 1478 2020 1512; x_wconf 68' lang='lat' dir='ltr'><em>etiamst</em></span> <span class='ocrx_word' id='word_1_783' title='bbox 2027 1480 2191 1519; x_wconf 85' lang='lat' dir='ltr'><em>proveniat</em></span> <span class='ocrx_word' id='word_1_784' title='bbox 2199 1477 2216 1510; x_wconf 84' lang='grc' dir='ltr'><strong><em>ὲ</em></strong></span> 
     </span>
    </p>

    <p class='ocr_par' dir='ltr' id='par_1_58' title="bbox 1395 1531 1596 1554">
     <span class='ocr_line' id='line_1_110' title="bbox 1395 1531 1596 1554; baseline -0.01 0"><span class='ocrx_word' id='word_1_785' title='bbox 1395 1534 1410 1554; x_wconf 93' lang='lat' dir='ltr'><em>o</em></span> <span class='ocrx_word' id='word_1_786' title='bbox 1430 1532 1480 1553; x_wconf 81' lang='lat' dir='ltr'><em>ria</em></span> <span class='ocrx_word' id='word_1_787' title='bbox 1490 1532 1522 1553; x_wconf 92' lang='lat' dir='ltr'><em>cu</em></span> <span class='ocrx_word' id='word_1_788' title='bbox 1557 1531 1576 1552; x_wconf 90' lang='lat' dir='ltr'><em>a</em></span> <span class='ocrx_word' id='word_1_789' title='bbox 1588 1543 1596 1552; x_wconf 87' lang='lat'><strong>.</strong></span> 
     </span>
    </p>

    <p class='ocr_par' dir='ltr' id='par_1_59' title="bbox 1246 1530 2231 1651">
     <span class='ocr_line' id='line_1_111' title="bbox 1246 1530 2223 1610; baseline -0.001 -13"><span class='ocrx_word' id='word_1_790' title='bbox 1246 1576 1282 1610; x_wconf 84' lang='lat'><em>53</em></span> <span class='ocrx_word' id='word_1_791' title='bbox 1305 1530 1556 1607; x_wconf 56' lang='lat' dir='ltr'><em>Disirributionesp</em></span> <span class='ocrx_word' id='word_1_792' title='bbox 1563 1560 1744 1602; x_wconf 78' lang='lat' dir='ltr'><em>quotidiana</em></span> <span class='ocrx_word' id='word_1_793' title='bbox 1766 1560 1908 1596; x_wconf 85' lang='lat' dir='ltr'><em>debentur</em></span> <span class='ocrx_word' id='word_1_794' title='bbox 1918 1563 2006 1605; x_wconf 88' lang='lat' dir='ltr'><em>senio</em></span> <span class='ocrx_word' id='word_1_795' title='bbox 2014 1563 2156 1608; x_wconf 71' lang='lat' dir='ltr'><em>confeHis</em></span> <span class='ocrx_word' id='word_1_796' title='bbox 2166 1586 2178 1602; x_wconf 90' lang='lat'>‚</span> <span class='ocrx_word' id='word_1_797' title='bbox 2188 1564 2223 1608; x_wconf 78' lang='lat' dir='ltr'><strong><em>fi</em></strong></span> 
     </span>
     <span class='ocr_line' id='line_1_112' title="bbox 1352 1604 2231 1651; baseline -0.008 -11"><span class='ocrx_word' id='word_1_798' title='bbox 1352 1610 1447 1642; x_wconf 83' lang='lat' dir='ltr'><em>aliter</em></span> <span class='ocrx_word' id='word_1_799' title='bbox 1457 1604 1762 1651; x_wconf 83' lang='lat' dir='ltr'><em>refideresolitisunt</em></span> <span class='ocrx_word' id='word_1_800' title='bbox 1770 1629 1778 1637; x_wconf 89' lang='lat'><strong><em>.</em></strong></span> <span class='ocrx_word' id='word_1_801' title='bbox 2227 1613 2231 1617; x_wconf 90' lang='lat'>·</span> 
     </span>
    </p>

    <p class='ocr_par' dir='ltr' id='par_1_60' title="bbox 1247 1649 2041 1695">
     <span class='ocr_line' id='line_1_113' title="bbox 1247 1649 2041 1695; baseline -0.003 -10"><span class='ocrx_word' id='word_1_802' title='bbox 1247 1662 1288 1695; x_wconf 83' lang='lat'><em>54</em></span> <span class='ocrx_word' id='word_1_803' title='bbox 1309 1655 1385 1687; x_wconf 83' lang='lat' dir='ltr'><em>Item</em></span> <span class='ocrx_word' id='word_1_804' title='bbox 1394 1650 1529 1694; x_wconf 85' lang='lat' dir='ltr'><em>infirmis</em></span> <span class='ocrx_word' id='word_1_805' title='bbox 1539 1661 1579 1682; x_wconf 88' lang='lat' dir='ltr'><em>ex</em></span> <span class='ocrx_word' id='word_1_806' title='bbox 1590 1654 1715 1693; x_wconf 72' lang='lat' dir='ltr'><em>propria</em></span> <span class='ocrx_word' id='word_1_807' title='bbox 1727 1650 1813 1691; x_wconf 84' lang='lat' dir='ltr'><em>culpa</em></span> <span class='ocrx_word' id='word_1_808' title='bbox 1824 1672 1834 1687; x_wconf 82' lang='lat'>‚</span> <span class='ocrx_word' id='word_1_809' title='bbox 1857 1649 1894 1683; x_wconf 50' lang='grc' dir='ltr'><em>ὠ</em></span> <span class='ocrx_word' id='word_1_810' title='bbox 1903 1660 2024 1691; x_wconf 86' lang='lat' dir='ltr'><em>peccato</em></span> <span class='ocrx_word' id='word_1_811' title='bbox 2033 1675 2041 1683; x_wconf 92' lang='lat'>.</span> 
     </span>
    </p>

    <p class='ocr_par' dir='ltr' id='par_1_61' title="bbox 1247 1692 2224 1777">
     <span class='ocr_line' id='line_1_114' title="bbox 1247 1692 2224 1738; baseline -0.002 -10"><span class='ocrx_word' id='word_1_812' title='bbox 1247 1707 1262 1738; x_wconf 84' lang='grc'><strong><em>5</em></strong></span> <span class='ocrx_word' id='word_1_813' title='bbox 1269 1707 1283 1738; x_wconf 85' lang='grc'><strong><em>5</em></strong></span> <span class='ocrx_word' id='word_1_814' title='bbox 1307 1693 1514 1730; x_wconf 84' lang='lat' dir='ltr'><em>Debilitatem</em></span> <span class='ocrx_word' id='word_1_815' title='bbox 1524 1695 1655 1734; x_wconf 89' lang='lat' dir='ltr'><em>corporis</em></span> <span class='ocrx_word' id='word_1_816' title='bbox 1664 1704 1720 1725; x_wconf 82' lang='lat' dir='ltr'><em>non</em></span> <span class='ocrx_word' id='word_1_817' title='bbox 1723 1693 1760 1736; x_wconf 80' lang='lat' dir='ltr'><em>se</em></span> <span class='ocrx_word' id='word_1_818' title='bbox 1769 1703 1869 1732; x_wconf 70' lang='lat' dir='ltr'><em>quitur</em></span> <span class='ocrx_word' id='word_1_819' title='bbox 1880 1692 2027 1727; x_wconf 84' lang='lat' dir='ltr'><em>debilitas</em></span> <span class='ocrx_word' id='word_1_820' title='bbox 2038 1693 2138 1728; x_wconf 90' lang='lat' dir='ltr'><em>cordis</em></span> <span class='ocrx_word' id='word_1_821' title='bbox 2148 1715 2159 1732; x_wconf 83' lang='lat'>‚</span> <span class='ocrx_word' id='word_1_822' title='bbox 2177 1694 2224 1726; x_wconf 80' lang='lat' dir='ltr'><em>in-</em></span> 
     </span>
     <span class='ocr_line' id='line_1_115' title="bbox 1353 1736 1715 1777; baseline -0.008 -7"><span class='ocrx_word' id='word_1_823' title='bbox 1353 1739 1506 1774; x_wconf 60' lang='lat' dir='ltr'><em>nileffus,</em></span> <span class='ocrx_word' id='word_1_824' title='bbox 1527 1736 1564 1770; x_wconf 55' lang='grc' dir='ltr'><strong><em>ά</em></strong></span> <span class='ocrx_word' id='word_1_825' title='bbox 1566 1736 1715 1777; x_wconf 81' lang='lat' dir='ltr'><em>spiritus.</em></span> 
     </span>
    </p>

    <p class='ocr_par' dir='ltr' id='par_1_62' title="bbox 1244 1777 2225 1909">
     <span class='ocr_line' id='line_1_116' title="bbox 1244 1777 2222 1825; baseline -0.003 -12"><span class='ocrx_word' id='word_1_826' title='bbox 1244 1788 1282 1825; x_wconf 84' lang='lat'><em>56</em></span> <span class='ocrx_word' id='word_1_827' title='bbox 1305 1781 1470 1824; x_wconf 83' lang='lat' dir='ltr'><em>Episcopus</em></span> <span class='ocrx_word' id='word_1_828' title='bbox 1483 1780 1516 1824; x_wconf 87' lang='lat' dir='ltr'><em>si</em></span> <span class='ocrx_word' id='word_1_829' title='bbox 1526 1789 1645 1822; x_wconf 86' lang='lat' dir='ltr'><em>propter</em></span> <span class='ocrx_word' id='word_1_830' title='bbox 1658 1777 1850 1812; x_wconf 83' lang='lat' dir='ltr'><em>debilitatem</em></span> <span class='ocrx_word' id='word_1_831' title='bbox 1866 1781 1995 1821; x_wconf 86' lang='lat' dir='ltr'><em>corporis</em></span> <span class='ocrx_word' id='word_1_832' title='bbox 2009 1781 2053 1825; x_wconf 86' lang='lat' dir='ltr'><em>fit</em></span> <span class='ocrx_word' id='word_1_833' title='bbox 2072 1777 2222 1812; x_wconf 82' lang='lat' dir='ltr'><em>inhabilis</em></span> 
     </span>
     <span class='ocr_line' id='line_1_117' title="bbox 1353 1823 2225 1866; baseline -0.003 -9"><span class='ocrx_word' id='word_1_834' title='bbox 1353 1825 1394 1857; x_wconf 83' lang='lat' dir='ltr'><em>ad</em></span> <span class='ocrx_word' id='word_1_835' title='bbox 1398 1825 1580 1866; x_wconf 80' lang='lat' dir='ltr'><em>spiritualia</em></span> <span class='ocrx_word' id='word_1_836' title='bbox 1591 1845 1601 1859; x_wconf 90' lang='lat'>,</span> <span class='ocrx_word' id='word_1_837' title='bbox 1616 1823 1670 1864; x_wconf 86' lang='lat' dir='ltr'><em>seu</em></span> <span class='ocrx_word' id='word_1_838' title='bbox 1690 1824 1874 1864; x_wconf 78' lang='lat' dir='ltr'><em>temporalia</em></span> <span class='ocrx_word' id='word_1_839' title='bbox 1884 1846 1894 1860; x_wconf 90' lang='lat'>‚</span> <span class='ocrx_word' id='word_1_840' title='bbox 1915 1823 2005 1865; x_wconf 71' lang='lat' dir='ltr'><em>potest</em></span> <span class='ocrx_word' id='word_1_841' title='bbox 2014 1847 2024 1861; x_wconf 86' lang='lat'><strong>‚</strong></span> <span class='ocrx_word' id='word_1_842' title='bbox 2039 1823 2095 1865; x_wconf 86' lang='lat' dir='ltr'><em>sed</em></span> <span class='ocrx_word' id='word_1_843' title='bbox 2113 1834 2170 1856; x_wconf 89' lang='lat' dir='ltr'><em>non</em></span> <span class='ocrx_word' id='word_1_844' title='bbox 2178 1834 2225 1855; x_wconf 86' lang='lat' dir='ltr'><em>co·</em></span> 
     </span>
     <span class='ocr_line' id='line_1_118' title="bbox 1350 1865 2209 1909; baseline -0.002 -9"><span class='ocrx_word' id='word_1_845' title='bbox 1350 1872 1434 1909; x_wconf 85' lang='lat' dir='ltr'><em>gitur</em></span> <span class='ocrx_word' id='word_1_846' title='bbox 1442 1869 1615 1899; x_wconf 85' lang='lat' dir='ltr'><em>renuntiare</em></span> <span class='ocrx_word' id='word_1_847' title='bbox 1625 1888 1634 1903; x_wconf 88' lang='lat'><strong>‚</strong></span> <span class='ocrx_word' id='word_1_848' title='bbox 1647 1865 1706 1907; x_wconf 89' lang='lat' dir='ltr'><em>sed</em></span> <span class='ocrx_word' id='word_1_849' title='bbox 1716 1867 1807 1899; x_wconf 83' lang='lat' dir='ltr'><em>datur</em></span> <span class='ocrx_word' id='word_1_850' title='bbox 1817 1867 1867 1898; x_wconf 78' lang='lat' dir='ltr'><em>illi</em></span> <span class='ocrx_word' id='word_1_851' title='bbox 1878 1868 2032 1905; x_wconf 72' lang='lat' dir='ltr'><em>coadjutor</em></span> <span class='ocrx_word' id='word_1_852' title='bbox 2042 1891 2050 1898; x_wconf 86' lang='lat'>.</span> <span class='ocrx_word' id='word_1_853' title='bbox 2206 1877 2209 1880; x_wconf 58' lang='lat'><strong>⁴</strong></span> 
     </span>
    </p>

    <p class='ocr_par' dir='ltr' id='par_1_63' title="bbox 1248 1908 2225 1997">
     <span class='ocr_line' id='line_1_119' title="bbox 1248 1908 2225 1956; baseline -0.004 -11"><span class='ocrx_word' id='word_1_854' title='bbox 1248 1922 1288 1956; x_wconf 84' lang='lat'><em>57</em></span> <span class='ocrx_word' id='word_1_855' title='bbox 1309 1911 1532 1945; x_wconf 78' lang='lat' dir='ltr'><em>cardinalium</em></span> <span class='ocrx_word' id='word_1_856' title='bbox 1543 1912 1572 1942; x_wconf 86' lang='lat' dir='ltr'><em>E</em></span> <span class='ocrx_word' id='word_1_857' title='bbox 1574 1909 1652 1950; x_wconf 80' lang='lat' dir='ltr'><em>pisco</em></span> <span class='ocrx_word' id='word_1_858' title='bbox 1653 1920 1757 1951; x_wconf 82' lang='lat' dir='ltr'><em>porum</em></span> <span class='ocrx_word' id='word_1_859' title='bbox 1765 1912 1981 1954; x_wconf 70' lang='lat' dir='ltr'><em>resignationes</em></span> <span class='ocrx_word' id='word_1_860' title='bbox 1992 1910 2122 1943; x_wconf 84' lang='lat' dir='ltr'><em>admitti</em></span> <span class='ocrx_word' id='word_1_861' title='bbox 2124 1908 2225 1951; x_wconf 76' lang='lat' dir='ltr'><em>solent</em></span> 
     </span>
     <span class='ocr_line' id='line_1_120' title="bbox 1353 1951 2008 1997; baseline -0.008 -9"><span class='ocrx_word' id='word_1_862' title='bbox 1353 1957 1448 1988; x_wconf 82' lang='lat' dir='ltr'><em>etiam</em></span> <span class='ocrx_word' id='word_1_863' title='bbox 1458 1965 1514 1987; x_wconf 90' lang='lat' dir='ltr'><em>non</em></span> <span class='ocrx_word' id='word_1_864' title='bbox 1524 1951 1659 1997; x_wconf 85' lang='lat' dir='ltr'><em>probatis</em></span> <span class='ocrx_word' id='word_1_865' title='bbox 1673 1954 1771 1995; x_wconf 76' lang='lat' dir='ltr'><em>causis</em></span> <span class='ocrx_word' id='word_1_866' title='bbox 1790 1953 1839 1985; x_wconf 74' lang='lat' dir='ltr'><em>hic</em></span> <span class='ocrx_word' id='word_1_867' title='bbox 1849 1954 2008 1995; x_wconf 82' lang='lat' dir='ltr'><em>expreffis.</em></span> 
     </span>
    </p>

    <p class='ocr_par' dir='ltr' id='par_1_64' title="bbox 1250 1994 2223 2080">
     <span class='ocr_line' id='line_1_121' title="bbox 1250 1994 2223 2043; baseline -0.006 -9"><span class='ocrx_word' id='word_1_868' title='bbox 1250 2002 1288 2043; x_wconf 86' lang='lat'><em>58</em></span> <span class='ocrx_word' id='word_1_869' title='bbox 1309 2002 1335 2033; x_wconf 93' lang='lat' dir='ltr'><em>S</em></span> <span class='ocrx_word' id='word_1_870' title='bbox 1336 2000 1448 2032; x_wconf 85' lang='lat' dir='ltr'><em>cientia</em></span> <span class='ocrx_word' id='word_1_871' title='bbox 1468 1999 1501 2029; x_wconf 87' lang='lat' dir='ltr'><em>in</em></span> <span class='ocrx_word' id='word_1_872' title='bbox 1524 1996 1670 2040; x_wconf 78' lang='lat' dir='ltr'><em>Episcopo</em></span> <span class='ocrx_word' id='word_1_873' title='bbox 1691 1996 1731 2042; x_wconf 85' lang='lat' dir='ltr'><em>est</em></span> <span class='ocrx_word' id='word_1_874' title='bbox 1741 1994 1902 2039; x_wconf 83' lang='lat' dir='ltr'><em>neceffaria</em></span> <span class='ocrx_word' id='word_1_875' title='bbox 1920 1998 1984 2030; x_wconf 72' lang='lat' dir='ltr'><em>ta&#39;m</em></span> <span class='ocrx_word' id='word_1_876' title='bbox 2002 2000 2035 2030; x_wconf 87' lang='lat' dir='ltr'><em>in</em></span> <span class='ocrx_word' id='word_1_877' title='bbox 2047 1995 2223 2038; x_wconf 76' lang='lat' dir='ltr'><em>spirituali-</em></span> 
     </span>
     <span class='ocr_line' id='line_1_122' title="bbox 1354 2037 1828 2080; baseline -0.004 -7"><span class='ocrx_word' id='word_1_878' title='bbox 1354 2040 1407 2076; x_wconf 89' lang='lat' dir='ltr'><em>bus</em></span> <span class='ocrx_word' id='word_1_879' title='bbox 1417 2064 1427 2078; x_wconf 90' lang='lat'>,</span> <span class='ocrx_word' id='word_1_880' title='bbox 1447 2042 1535 2079; x_wconf 74' lang='lat' dir='ltr'><em>quam</em></span> <span class='ocrx_word' id='word_1_881' title='bbox 1547 2051 1580 2071; x_wconf 72' lang='lat' dir='ltr'><em>in</em></span> <span class='ocrx_word' id='word_1_882' title='bbox 1591 2037 1810 2080; x_wconf 75' lang='lat' dir='ltr'><em>temporalibus</em></span> <span class='ocrx_word' id='word_1_883' title='bbox 1820 2062 1828 2071; x_wconf 85' lang='lat'>.</span> 
     </span>
    </p>

    <p class='ocr_par' dir='ltr' id='par_1_65' title="bbox 1252 2081 2051 2128">
     <span class='ocr_line' id='line_1_123' title="bbox 1252 2081 2051 2128; baseline -0.005 -9"><span class='ocrx_word' id='word_1_884' title='bbox 1252 2095 1291 2128; x_wconf 83' lang='lat'><em>59</em></span> <span class='ocrx_word' id='word_1_885' title='bbox 1311 2087 1451 2120; x_wconf 78' lang='lat' dir='ltr'><em>Scientia</em></span> <span class='ocrx_word' id='word_1_886' title='bbox 1462 2082 1593 2126; x_wconf 69' lang='lat' dir='ltr'><em>defec‘ius</em></span> <span class='ocrx_word' id='word_1_887' title='bbox 1605 2091 1770 2125; x_wconf 79' lang='lat' dir='ltr'><em>promotum</em></span> <span class='ocrx_word' id='word_1_888' title='bbox 1782 2081 2032 2122; x_wconf 82' lang='lat' dir='ltr'><em>dejicitinvitum</em></span> <span class='ocrx_word' id='word_1_889' title='bbox 2043 2107 2051 2115; x_wconf 95' lang='lat'><strong><em>.</em></strong></span> 
     </span>
    </p>

    <p class='ocr_par' dir='ltr' id='par_1_66' title="bbox 1249 2124 2224 2255">
     <span class='ocr_line' id='line_1_124' title="bbox 1249 2124 2224 2170; baseline -0.006 -7"><span class='ocrx_word' id='word_1_890' title='bbox 1249 2135 1290 2163; x_wconf 81' lang='lat'><em>60</em></span> <span class='ocrx_word' id='word_1_891' title='bbox 1309 2131 1449 2164; x_wconf 84' lang='lat' dir='ltr'><em>Scientia</em></span> <span class='ocrx_word' id='word_1_892' title='bbox 1460 2129 1593 2158; x_wconf 86' lang='lat' dir='ltr'><em>eminens</em></span> <span class='ocrx_word' id='word_1_893' title='bbox 1604 2124 1794 2170; x_wconf 81' lang='lat' dir='ltr'><em>defideratur</em></span> <span class='ocrx_word' id='word_1_894' title='bbox 1802 2129 1836 2159; x_wconf 86' lang='lat' dir='ltr'><em>in</em></span> <span class='ocrx_word' id='word_1_895' title='bbox 1848 2126 1990 2168; x_wconf 76' lang='lat' dir='ltr'><em>Pastore3</em></span> <span class='ocrx_word' id='word_1_896' title='bbox 2001 2135 2166 2167; x_wconf 85' lang='lat' dir='ltr'><em>competens</em></span> <span class='ocrx_word' id='word_1_897' title='bbox 2174 2134 2224 2158; x_wconf 85' lang='lat' dir='ltr'><em>ta-</em></span> 
     </span>
     <span class='ocr_line' id='line_1_125' title="bbox 1352 2167 2224 2213; baseline -0.005 -9"><span class='ocrx_word' id='word_1_898' title='bbox 1352 2183 1419 2204; x_wconf 87' lang='lat' dir='ltr'><em>men</em></span> <span class='ocrx_word' id='word_1_899' title='bbox 1438 2170 1549 2212; x_wconf 81' lang='lat' dir='ltr'><em>sufficit</em></span> <span class='ocrx_word' id='word_1_900' title='bbox 1568 2192 1578 2206; x_wconf 92' lang='lat'>‚</span> <span class='ocrx_word' id='word_1_901' title='bbox 1597 2181 1650 2202; x_wconf 91' lang='lat' dir='ltr'><em>nec</em></span> <span class='ocrx_word' id='word_1_902' title='bbox 1670 2169 1799 2213; x_wconf 69' lang='lat' dir='ltr'><em>defeHus</em></span> <span class='ocrx_word' id='word_1_903' title='bbox 1817 2172 1976 2202; x_wconf 85' lang='lat' dir='ltr'><em>eminentis</em></span> <span class='ocrx_word' id='word_1_904' title='bbox 1992 2168 2096 2212; x_wconf 71' lang='lat' dir='ltr'><em>prebet</em></span> <span class='ocrx_word' id='word_1_905' title='bbox 2114 2167 2224 2211; x_wconf 75' lang='lat' dir='ltr'><em>iustam</em></span> 
     </span>
     <span class='ocr_line' id='line_1_126' title="bbox 1354 2211 1631 2255; baseline -0.011 -8"><span class='ocrx_word' id='word_1_906' title='bbox 1354 2215 1477 2255; x_wconf 73' lang='lat' dir='ltr'><em>caufizm</em></span> <span class='ocrx_word' id='word_1_907' title='bbox 1490 2211 1631 2244; x_wconf 86' lang='lat' dir='ltr'><em>cedendi.</em></span> 
     </span>
    </p>

    <p class='ocr_par' dir='ltr' id='par_1_67' title="bbox 1246 2251 2222 2339">
     <span class='ocr_line' id='line_1_127' title="bbox 1246 2251 2222 2298; baseline -0.007 -5"><span class='ocrx_word' id='word_1_908' title='bbox 1246 2264 1265 2293; x_wconf 90' lang='lat'>6</span> <span class='ocrx_word' id='word_1_909' title='bbox 1272 2271 1284 2293; x_wconf 87' lang='lat'>1</span> <span class='ocrx_word' id='word_1_910' title='bbox 1308 2259 1506 2298; x_wconf 81' lang='lat' dir='ltr'><em>Congregatio</em></span> <span class='ocrx_word' id='word_1_911' title='bbox 1516 2258 1672 2288; x_wconf 83' lang='lat' dir='ltr'><em>examinis</em></span> <span class='ocrx_word' id='word_1_912' title='bbox 1682 2257 1712 2287; x_wconf 84' lang='lat' dir='ltr'><em>E</em></span> <span class='ocrx_word' id='word_1_913' title='bbox 1714 2254 1794 2297; x_wconf 73' lang='lat' dir='ltr'><em>pasco</em></span> <span class='ocrx_word' id='word_1_914' title='bbox 1794 2264 1898 2296; x_wconf 85' lang='lat' dir='ltr'><em>porum</em></span> <span class='ocrx_word' id='word_1_915' title='bbox 1908 2265 2010 2288; x_wconf 84' lang='lat' dir='ltr'><em>coram</em></span> <span class='ocrx_word' id='word_1_916' title='bbox 2025 2258 2116 2296; x_wconf 83' lang='lat' dir='ltr'><em>Papa</em></span> <span class='ocrx_word' id='word_1_917' title='bbox 2124 2254 2145 2287; x_wconf 69' lang='grc' dir='ltr'><em>ὲ</em></span> <span class='ocrx_word' id='word_1_918' title='bbox 2153 2251 2222 2287; x_wconf 86' lang='lat' dir='ltr'><em>Cle-</em></span> 
     </span>
     <span class='ocr_line' id='line_1_128' title="bbox 1352 2297 1723 2339; baseline -0.008 -6"><span class='ocrx_word' id='word_1_919' title='bbox 1352 2310 1450 2334; x_wconf 85' lang='lat' dir='ltr'><em>mente</em></span> <span class='ocrx_word' id='word_1_920' title='bbox 1460 2301 1551 2332; x_wconf 86' lang='lat' dir='ltr'><em>VIII.</em></span> <span class='ocrx_word' id='word_1_921' title='bbox 1563 2297 1703 2339; x_wconf 80' lang='lat' dir='ltr'><em>instituta</em></span> <span class='ocrx_word' id='word_1_922' title='bbox 1716 2322 1723 2330; x_wconf 88' lang='lat'><strong>.</strong></span> 
     </span>
    </p>

    <p class='ocr_par' dir='ltr' id='par_1_68' title="bbox 1245 2339 2223 2433">
     <span class='ocr_line' id='line_1_129' title="bbox 1245 2339 2223 2380; baseline -0.005 -4"><span class='ocrx_word' id='word_1_923' title='bbox 1245 2350 1285 2380; x_wconf 84' lang='lat'><em>62</em></span> <span class='ocrx_word' id='word_1_924' title='bbox 1309 2347 1416 2379; x_wconf 83' lang='lat' dir='ltr'><em>Promo</em></span> <span class='ocrx_word' id='word_1_925' title='bbox 1422 2344 1510 2375; x_wconf 77' lang='lat' dir='ltr'><em>vendi</em></span> <span class='ocrx_word' id='word_1_926' title='bbox 1522 2342 1564 2374; x_wconf 76' lang='lat' dir='ltr'><em>aa</em></span> <span class='ocrx_word' id='word_1_927' title='bbox 1574 2341 1779 2376; x_wconf 84' lang='lat' dir='ltr'><em>Cathedrales</em></span> <span class='ocrx_word' id='word_1_928' title='bbox 1792 2364 1802 2379; x_wconf 83' lang='lat'>‚</span> <span class='ocrx_word' id='word_1_929' title='bbox 1821 2339 1859 2374; x_wconf 67' lang='grc' dir='ltr'><em>ὠ·</em></span> <span class='ocrx_word' id='word_1_930' title='bbox 1868 2344 1952 2375; x_wconf 81' lang='lat' dir='ltr'><em>alias</em></span> <span class='ocrx_word' id='word_1_931' title='bbox 1970 2339 2100 2378; x_wconf 75' lang='lat' dir='ltr'><em>maiores</em></span> <span class='ocrx_word' id='word_1_932' title='bbox 2117 2340 2223 2373; x_wconf 85' lang='lat' dir='ltr'><em>Eccle-</em></span> 
     </span>
     <span class='ocr_line' id='line_1_130' title="bbox 1348 2382 2221 2433; baseline -0.005 -15"><span class='ocrx_word' id='word_1_933' title='bbox 1348 2388 1416 2433; x_wconf 85' lang='lat' dir='ltr'><em>fias</em></span> <span class='ocrx_word' id='word_1_934' title='bbox 1436 2387 1531 2418; x_wconf 80' lang='lat' dir='ltr'><em>etiam</em></span> <span class='ocrx_word' id='word_1_935' title='bbox 1547 2385 1674 2427; x_wconf 79' lang='lat' dir='ltr'><em>infignis</em></span> <span class='ocrx_word' id='word_1_936' title='bbox 1699 2385 1877 2419; x_wconf 75' lang='lat' dir='ltr'><em>litteratura</em></span> <span class='ocrx_word' id='word_1_937' title='bbox 1888 2408 1899 2423; x_wconf 87' lang='lat'>‚</span> <span class='ocrx_word' id='word_1_938' title='bbox 1913 2382 2116 2427; x_wconf 73' lang='lat' dir='ltr'><em>fisbjiciuntur</em></span> <span class='ocrx_word' id='word_1_939' title='bbox 2143 2394 2221 2414; x_wconf 85' lang='lat' dir='ltr'><em>exa-</em></span> 
     </span>
    </p>

    <p class='ocr_par' dir='ltr' id='par_1_69' title="bbox 1367 2441 1466 2461">
     <span class='ocr_line' id='line_1_131' title="bbox 1367 2441 1466 2461; baseline -0.01 0"><span class='ocrx_word' id='word_1_940' title='bbox 1367 2441 1444 2461; x_wconf 74' lang='lat' dir='ltr'><em>mini</em></span> <span class='ocrx_word' id='word_1_941' title='bbox 1458 2451 1466 2461; x_wconf 88' lang='lat'><em>.</em></span> 
     </span>
    </p>

    <p class='ocr_par' dir='ltr' id='par_1_70' title="bbox 1246 2468 2222 2557">
     <span class='ocr_line' id='line_1_132' title="bbox 1246 2468 2222 2557; baseline -0.005 -50"><span class='ocrx_word' id='word_1_942' title='bbox 1246 2479 1286 2518; x_wconf 86' lang='lat'><em>63</em></span> <span class='ocrx_word' id='word_1_943' title='bbox 1309 2471 1498 2557; x_wconf 48' lang='lat' dir='ltr'><em>Cardinfll&#39;es</em></span> <span class='ocrx_word' id='word_1_944' title='bbox 1517 2469 1562 2503; x_wconf 86' lang='lat' dir='ltr'><em>ad</em></span> <span class='ocrx_word' id='word_1_945' title='bbox 1575 2473 1605 2504; x_wconf 83' lang='lat' dir='ltr'><em>E</em></span> <span class='ocrx_word' id='word_1_946' title='bbox 1606 2469 1789 2513; x_wconf 77' lang='lat' dir='ltr'><em>piscopatum</em></span> <span class='ocrx_word' id='word_1_947' title='bbox 1809 2468 2004 2513; x_wconf 82' lang='lat' dir='ltr'><em>promovendi</em></span> <span class='ocrx_word' id='word_1_948' title='bbox 2022 2481 2074 2503; x_wconf 87' lang='lat' dir='ltr'><em>cur</em></span> <span class='ocrx_word' id='word_1_949' title='bbox 2091 2479 2222 2502; x_wconf 79' lang='lat' dir='ltr'><em>examen</em></span> 
     </span>
     <span class='ocr_line' id='line_1_133' title="bbox 1355 2523 1564 2548; baseline -0.005 -1"><span class='ocrx_word' id='word_1_950' title='bbox 1355 2527 1413 2548; x_wconf 87' lang='lat' dir='ltr'><em>non</em></span> <span class='ocrx_word' id='word_1_951' title='bbox 1439 2527 1455 2546; x_wconf 89' lang='lat' dir='ltr'><em>u</em></span> <span class='ocrx_word' id='word_1_952' title='bbox 1476 2523 1547 2546; x_wconf 82' lang='lat' dir='ltr'><em>eant</em></span> <span class='ocrx_word' id='word_1_953' title='bbox 1557 2537 1564 2546; x_wconf 90' lang='lat'><strong>.</strong></span> 
     </span>
    </p>

    <p class='ocr_par' dir='ltr' id='par_1_71' title="bbox 1250 2555 2223 2641">
     <span class='ocr_line' id='line_1_134' title="bbox 1250 2555 2223 2601; baseline -0.006 -9"><span class='ocrx_word' id='word_1_954' title='bbox 1250 2564 1294 2601; x_wconf 82' lang='lat'><em>64</em></span> <span class='ocrx_word' id='word_1_955' title='bbox 1314 2557 1481 2601; x_wconf 75' lang='lat' dir='ltr'><em>Episcopi,</em></span> <span class='ocrx_word' id='word_1_956' title='bbox 1502 2561 1551 2595; x_wconf 79' lang='lat' dir='ltr'><em>qui</em></span> <span class='ocrx_word' id='word_1_957' title='bbox 1562 2556 1604 2589; x_wconf 90' lang='lat' dir='ltr'><em>ad</em></span> <span class='ocrx_word' id='word_1_958' title='bbox 1614 2558 1714 2590; x_wconf 77' lang='lat' dir='ltr'><em>altam</em></span> <span class='ocrx_word' id='word_1_959' title='bbox 1726 2558 1899 2601; x_wconf 76' lang='lat' dir='ltr'><em>Ecclesiam</em></span> <span class='ocrx_word' id='word_1_960' title='bbox 1910 2555 2135 2599; x_wconf 72' lang='lat' dir='ltr'><em>transferuntur</em></span> <span class='ocrx_word' id='word_1_961' title='bbox 2143 2577 2153 2593; x_wconf 84' lang='lat'>‚</span> <span class='ocrx_word' id='word_1_962' title='bbox 2173 2565 2223 2587; x_wconf 89' lang='lat' dir='ltr'><em>no-</em></span> 
     </span>
     <span class='ocr_line' id='line_1_135' title="bbox 1355 2599 1831 2641; baseline 0 -8"><span class='ocrx_word' id='word_1_963' title='bbox 1355 2613 1394 2634; x_wconf 75' lang='lat' dir='ltr'><em>vo</em></span> <span class='ocrx_word' id='word_1_964' title='bbox 1403 2604 1541 2633; x_wconf 80' lang='lat' dir='ltr'><em>examini</em></span> <span class='ocrx_word' id='word_1_965' title='bbox 1552 2613 1609 2632; x_wconf 89' lang='lat' dir='ltr'><em>non</em></span> <span class='ocrx_word' id='word_1_966' title='bbox 1611 2599 1667 2641; x_wconf 86' lang='lat' dir='ltr'><em>sub</em></span> <span class='ocrx_word' id='word_1_967' title='bbox 1669 2601 1813 2640; x_wconf 80' lang='lat' dir='ltr'><em>jiciuntur</em></span> <span class='ocrx_word' id='word_1_968' title='bbox 1823 2625 1831 2633; x_wconf 84' lang='lat'><strong>.</strong></span> 
     </span>
    </p>

    <p class='ocr_par' dir='ltr' id='par_1_72' title="bbox 1247 2640 2221 2729">
     <span class='ocr_line' id='line_1_136' title="bbox 1247 2640 2221 2688; baseline -0.005 -11"><span class='ocrx_word' id='word_1_969' title='bbox 1247 2651 1286 2688; x_wconf 83' lang='lat'><em>65</em></span> <span class='ocrx_word' id='word_1_970' title='bbox 1307 2644 1509 2680; x_wconf 85' lang='lat' dir='ltr'><em>Promovendi</em></span> <span class='ocrx_word' id='word_1_971' title='bbox 1536 2643 1579 2676; x_wconf 87' lang='lat' dir='ltr'><em>ad</em></span> <span class='ocrx_word' id='word_1_972' title='bbox 1598 2643 1801 2677; x_wconf 75' lang='lat' dir='ltr'><em>cathedrales</em></span> <span class='ocrx_word' id='word_1_973' title='bbox 1819 2648 1851 2676; x_wconf 80' lang='lat' dir='ltr'><em>in</em></span> <span class='ocrx_word' id='word_1_974' title='bbox 1871 2642 2010 2685; x_wconf 83' lang='lat' dir='ltr'><em>partibus</em></span> <span class='ocrx_word' id='word_1_975' title='bbox 2028 2640 2199 2685; x_wconf 76' lang='lat' dir='ltr'><em>infidelium</em></span> <span class='ocrx_word' id='word_1_976' title='bbox 2210 2663 2221 2678; x_wconf 89' lang='lat'>‚</span> 
     </span>
     <span class='ocr_line' id='line_1_137' title="bbox 1357 2686 1974 2729; baseline -0.003 -9"><span class='ocrx_word' id='word_1_977' title='bbox 1357 2699 1398 2721; x_wconf 88' lang='lat' dir='ltr'><em>an</em></span> <span class='ocrx_word' id='word_1_978' title='bbox 1408 2710 1418 2726; x_wconf 80' lang='lat'>‚</span> <span class='ocrx_word' id='word_1_979' title='bbox 1439 2693 1476 2720; x_wconf 68' lang='grc' dir='ltr'><em>Θ*</em></span> <span class='ocrx_word' id='word_1_980' title='bbox 1486 2688 1601 2726; x_wconf 75' lang='lat' dir='ltr'><em>quando</em></span> <span class='ocrx_word' id='word_1_981' title='bbox 1603 2686 1808 2729; x_wconf 66' lang='lat' dir='ltr'><em>subjiciantur</em></span> <span class='ocrx_word' id='word_1_982' title='bbox 1818 2689 1958 2719; x_wconf 66' lang='lat' dir='ltr'><em>eramini</em></span> <span class='ocrx_word' id='word_1_983' title='bbox 1966 2709 1974 2718; x_wconf 90' lang='lat'><strong>.</strong></span> 
     </span>
    </p>

    <p class='ocr_par' dir='ltr' id='par_1_73' title="bbox 1250 2725 2220 2816">
     <span class='ocr_line' id='line_1_138' title="bbox 1250 2725 2220 2772; baseline -0.008 -6"><span class='ocrx_word' id='word_1_984' title='bbox 1250 2736 1290 2768; x_wconf 84' lang='lat'><em>66</em></span> <span class='ocrx_word' id='word_1_985' title='bbox 1313 2734 1553 2765; x_wconf 81' lang='lat' dir='ltr'><em>Examinatores</em></span> <span class='ocrx_word' id='word_1_986' title='bbox 1564 2733 1594 2764; x_wconf 81' lang='lat' dir='ltr'><em>E</em></span> <span class='ocrx_word' id='word_1_987' title='bbox 1596 2740 1625 2772; x_wconf 82' lang='lat' dir='ltr'><em>pi</em></span> <span class='ocrx_word' id='word_1_988' title='bbox 1623 2733 1674 2771; x_wconf 86' lang='lat' dir='ltr'><em>sco</em></span> <span class='ocrx_word' id='word_1_989' title='bbox 1676 2740 1778 2772; x_wconf 82' lang='lat' dir='ltr'><em>porum</em></span> <span class='ocrx_word' id='word_1_990' title='bbox 1788 2732 1863 2769; x_wconf 75' lang='lat' dir='ltr'><em>quod</em></span> <span class='ocrx_word' id='word_1_991' title='bbox 1873 2730 2075 2768; x_wconf 81' lang='lat' dir='ltr'><em>juramentum</em></span> <span class='ocrx_word' id='word_1_992' title='bbox 2084 2725 2220 2769; x_wconf 67' lang='lat' dir='ltr'><em>prestent</em></span> 
     </span>
     <span class='ocr_line' id='line_1_139' title="bbox 1355 2774 1752 2816; baseline 0.003 -10"><span class='ocrx_word' id='word_1_993' title='bbox 1355 2784 1428 2808; x_wconf 86' lang='lat' dir='ltr'><em>ante</em></span> <span class='ocrx_word' id='word_1_994' title='bbox 1428 2774 1595 2816; x_wconf 84' lang='lat' dir='ltr'><em>susceptum</em></span> <span class='ocrx_word' id='word_1_995' title='bbox 1604 2774 1733 2816; x_wconf 82' lang='lat' dir='ltr'><em>officium</em></span> <span class='ocrx_word' id='word_1_996' title='bbox 1743 2797 1752 2807; x_wconf 83' lang='lat'><strong>.</strong></span> 
     </span>
    </p>

    <p class='ocr_par' dir='ltr' id='par_1_74' title="bbox 1251 2812 2221 2905">
     <span class='ocr_line' id='line_1_140' title="bbox 1251 2812 2221 2860; baseline -0.009 -6"><span class='ocrx_word' id='word_1_997' title='bbox 1251 2824 1292 2859; x_wconf 87' lang='grc'><em>67</em></span> <span class='ocrx_word' id='word_1_998' title='bbox 1312 2817 1467 2860; x_wconf 66' lang='lat' dir='ltr'><em>lnstruffio</em></span> <span class='ocrx_word' id='word_1_999' title='bbox 1477 2817 1514 2850; x_wconf 85' lang='lat' dir='ltr'><em>dc</em></span> <span class='ocrx_word' id='word_1_1000' title='bbox 1524 2817 1726 2857; x_wconf 81' lang='lat' dir='ltr'><em>qualitatibus</em></span> <span class='ocrx_word' id='word_1_1001' title='bbox 1745 2813 1940 2860; x_wconf 84' lang='lat' dir='ltr'><em>promovendi</em></span> <span class='ocrx_word' id='word_1_1002' title='bbox 1950 2823 2043 2848; x_wconf 84' lang='lat' dir='ltr'><em>extra</em></span> <span class='ocrx_word' id='word_1_1003' title='bbox 2062 2816 2191 2847; x_wconf 89' lang='lat' dir='ltr'><em>Curiam</em></span> <span class='ocrx_word' id='word_1_1004' title='bbox 2200 2812 2221 2845; x_wconf 67' lang='lat' dir='ltr'><em>a*</em></span> 
     </span>
     <span class='ocr_line' id='line_1_141' title="bbox 1356 2860 1682 2905; baseline 0 -11"><span class='ocrx_word' id='word_1_1005' title='bbox 1356 2860 1661 2905; x_wconf 66' lang='lat' dir='ltr'><em>quibussitfitmenda</em></span> <span class='ocrx_word' id='word_1_1006' title='bbox 1674 2884 1682 2893; x_wconf 84' lang='lat'><em>.</em></span> 
     </span>
    </p>

    <p class='ocr_par' dir='ltr' id='par_1_75' title="bbox 1249 2901 2223 2989">
     <span class='ocr_line' id='line_1_142' title="bbox 1249 2901 2223 2950; baseline -0.007 -12"><span class='ocrx_word' id='word_1_1007' title='bbox 1249 2908 1289 2938; x_wconf 89' lang='grc'><em>68</em></span> <span class='ocrx_word' id='word_1_1008' title='bbox 1311 2905 1469 2950; x_wconf 77' lang='lat' dir='ltr'><em>Inquifitio</em></span> <span class='ocrx_word' id='word_1_1009' title='bbox 1477 2903 1514 2936; x_wconf 89' lang='lat' dir='ltr'><em>de</em></span> <span class='ocrx_word' id='word_1_1010' title='bbox 1515 2903 1651 2945; x_wconf 82' lang='lat' dir='ltr'><em>fiientia</em></span> <span class='ocrx_word' id='word_1_1011' title='bbox 1659 2901 1852 2947; x_wconf 86' lang='lat' dir='ltr'><em>promovendi</em></span> <span class='ocrx_word' id='word_1_1012' title='bbox 1860 2911 1956 2934; x_wconf 77' lang='lat' dir='ltr'><em>axtra</em></span> <span class='ocrx_word' id='word_1_1013' title='bbox 1969 2903 2097 2935; x_wconf 85' lang='lat' dir='ltr'><em>Curiam</em></span> <span class='ocrx_word' id='word_1_1014' title='bbox 2106 2909 2223 2939; x_wconf 78' lang='lat' dir='ltr'><em>quomo-</em></span> 
     </span>
     <span class='ocr_line' id='line_1_143' title="bbox 1357 2946 1665 2989; baseline -0.006 -9"><span class='ocrx_word' id='word_1_1015' title='bbox 1357 2949 1393 2980; x_wconf 86' lang='lat' dir='ltr'><em>do</em></span> <span class='ocrx_word' id='word_1_1016' title='bbox 1397 2948 1530 2989; x_wconf 72' lang='lat' dir='ltr'><em>firmari</em></span> <span class='ocrx_word' id='word_1_1017' title='bbox 1539 2946 1647 2980; x_wconf 79' lang='lat' dir='ltr'><em>debeat</em></span> <span class='ocrx_word' id='word_1_1018' title='bbox 1657 2970 1665 2978; x_wconf 87' lang='lat'><strong>.</strong></span> 
     </span>
    </p>

    <p class='ocr_par' dir='ltr' id='par_1_76' title="bbox 1249 2986 2222 3111">
     <span class='ocr_line' id='line_1_144' title="bbox 1249 2986 2222 3032; baseline -0.006 -7"><span class='ocrx_word' id='word_1_1019' title='bbox 1249 2996 1290 3032; x_wconf 90' lang='grc'><em>69</em></span> <span class='ocrx_word' id='word_1_1020' title='bbox 1312 2993 1472 3032; x_wconf 84' lang='lat' dir='ltr'><em>Regularis</em></span> <span class='ocrx_word' id='word_1_1021' title='bbox 1492 2991 1533 3022; x_wconf 91' lang='lat' dir='ltr'><em>ad</em></span> <span class='ocrx_word' id='word_1_1022' title='bbox 1544 2988 1763 3024; x_wconf 87' lang='lat' dir='ltr'><em>Cathedralem</em></span> <span class='ocrx_word' id='word_1_1023' title='bbox 1779 2987 1966 3029; x_wconf 84' lang='lat' dir='ltr'><em>affumendus</em></span> <span class='ocrx_word' id='word_1_1024' title='bbox 1984 2988 2004 3020; x_wconf 84' lang='lat' dir='ltr'><em>a&#39;</em></span> <span class='ocrx_word' id='word_1_1025' title='bbox 2014 2986 2117 3027; x_wconf 79' lang='lat' dir='ltr'><em>quibus</em></span> <span class='ocrx_word' id='word_1_1026' title='bbox 2130 2986 2222 3020; x_wconf 80' lang='lat' dir='ltr'><em>habe-</em></span> 
     </span>
     <span class='ocr_line' id='line_1_145' title="bbox 1356 3028 2221 3110; baseline -0.006 -43"><span class='ocrx_word' id='word_1_1027' title='bbox 1356 3046 1389 3067; x_wconf 86' lang='lat' dir='ltr'><em>re</em></span> <span class='ocrx_word' id='word_1_1028' title='bbox 1407 3033 1516 3110; x_wconf 48' lang='lat' dir='ltr'><em>{ebear</em></span> <span class='ocrx_word' id='word_1_1029' title='bbox 1534 3035 1733 3076; x_wconf 82' lang='lat' dir='ltr'><em>testimonium</em></span> <span class='ocrx_word' id='word_1_1030' title='bbox 1743 3054 1753 3069; x_wconf 91' lang='lat'>,</span> <span class='ocrx_word' id='word_1_1031' title='bbox 1773 3043 1815 3064; x_wconf 85' lang='lat' dir='ltr'><em>an</em></span> <span class='ocrx_word' id='word_1_1032' title='bbox 1818 3033 1864 3075; x_wconf 81' lang='lat' dir='ltr'><em>fit</em></span> <span class='ocrx_word' id='word_1_1033' title='bbox 1881 3030 2002 3064; x_wconf 88' lang='lat' dir='ltr'><em>idoneus</em></span> <span class='ocrx_word' id='word_1_1034' title='bbox 2021 3032 2062 3064; x_wconf 83' lang='lat' dir='ltr'><em>ad</em></span> <span class='ocrx_word' id='word_1_1035' title='bbox 2080 3033 2159 3064; x_wconf 82' lang='lat' dir='ltr'><em>alios</em></span> <span class='ocrx_word' id='word_1_1036' title='bbox 2171 3028 2221 3062; x_wconf 85' lang='lat' dir='ltr'><em>do-</em></span> 
     </span>
     <span class='ocr_line' id='line_1_146' title="bbox 1357 3090 1482 3111; baseline -0.024 0"><span class='ocrx_word' id='word_1_1037' title='bbox 1357 3090 1410 3111; x_wconf 65' lang='lat' dir='ltr'><em>Cln</em></span> <span class='ocrx_word' id='word_1_1038' title='bbox 1433 3090 1464 3109; x_wconf 75' lang='lat'><em>01</em></span> <span class='ocrx_word' id='word_1_1039' title='bbox 1474 3101 1482 3109; x_wconf 68' lang='lat' dir='ltr'>n</span> 
     </span>
    </p>

    <p class='ocr_par' dir='ltr' id='par_1_77' title="bbox 1249 3115 2221 3203">
     <span class='ocr_line' id='line_1_147' title="bbox 1249 3115 2221 3162; baseline -0.008 -7"><span class='ocrx_word' id='word_1_1040' title='bbox 1249 3131 1292 3162; x_wconf 89' lang='lat'><em>70</em></span> <span class='ocrx_word' id='word_1_1041' title='bbox 1311 3123 1452 3155; x_wconf 87' lang='lat' dir='ltr'><em>Malitia</em></span> <span class='ocrx_word' id='word_1_1042' title='bbox 1461 3143 1472 3158; x_wconf 91' lang='lat'>,</span> <span class='ocrx_word' id='word_1_1043' title='bbox 1485 3119 1539 3161; x_wconf 89' lang='lat' dir='ltr'><em>seu</em></span> <span class='ocrx_word' id='word_1_1044' title='bbox 1548 3117 1677 3152; x_wconf 77' lang='lat' dir='ltr'><em>durities</em></span> <span class='ocrx_word' id='word_1_1045' title='bbox 1679 3116 1770 3159; x_wconf 81' lang='lat' dir='ltr'><em>subdi</em></span> <span class='ocrx_word' id='word_1_1046' title='bbox 1774 3128 1870 3150; x_wconf 85' lang='lat' dir='ltr'><em>torum</em></span> <span class='ocrx_word' id='word_1_1047' title='bbox 1879 3117 1920 3160; x_wconf 86' lang='lat' dir='ltr'><em>est</em></span> <span class='ocrx_word' id='word_1_1048' title='bbox 1929 3117 2005 3160; x_wconf 77' lang='lat' dir='ltr'><em>iusta</em></span> <span class='ocrx_word' id='word_1_1049' title='bbox 2024 3116 2115 3160; x_wconf 83' lang='lat' dir='ltr'><em>causa</em></span> <span class='ocrx_word' id='word_1_1050' title='bbox 2125 3115 2221 3161; x_wconf 80' lang='lat' dir='ltr'><em>postu-</em></span> 
     </span>
     <span class='ocr_line' id='line_1_148' title="bbox 1359 3162 1860 3203; baseline -0.008 -5"><span class='ocrx_word' id='word_1_1051' title='bbox 1359 3163 1447 3199; x_wconf 83' lang='lat' dir='ltr'><em>landi</em></span> <span class='ocrx_word' id='word_1_1052' title='bbox 1456 3187 1466 3201; x_wconf 92' lang='lat'>,</span> <span class='ocrx_word' id='word_1_1053' title='bbox 1487 3162 1524 3196; x_wconf 53' lang='lat' dir='ltr'><em>t?</em></span> <span class='ocrx_word' id='word_1_1054' title='bbox 1533 3163 1684 3195; x_wconf 77' lang='lat' dir='ltr'><em>obtinendi</em></span> <span class='ocrx_word' id='word_1_1055' title='bbox 1696 3162 1842 3203; x_wconf 84' lang='lat' dir='ltr'><em>ceffionem</em></span> <span class='ocrx_word' id='word_1_1056' title='bbox 1853 3185 1860 3193; x_wconf 88' lang='lat'><strong>.</strong></span> 
     </span>
    </p>

    <p class='ocr_par' dir='ltr' id='par_1_78' title="bbox 1251 3204 2075 3249">
     <span class='ocr_line' id='line_1_149' title="bbox 1251 3204 2075 3249; baseline -0.004 -8"><span class='ocrx_word' id='word_1_1057' title='bbox 1251 3218 1270 3248; x_wconf 93' lang='lat'><strong>7</strong></span> <span class='ocrx_word' id='word_1_1058' title='bbox 1278 3219 1289 3241; x_wconf 90' lang='lat'>1</span> <span class='ocrx_word' id='word_1_1059' title='bbox 1314 3209 1414 3241; x_wconf 66' lang='lat' dir='ltr'><em>Actus</em></span> <span class='ocrx_word' id='word_1_1060' title='bbox 1427 3205 1567 3249; x_wconf 81' lang='lat' dir='ltr'><em>pascendi</em></span> <span class='ocrx_word' id='word_1_1061' title='bbox 1577 3204 1618 3247; x_wconf 81' lang='lat' dir='ltr'><em>est</em></span> <span class='ocrx_word' id='word_1_1062' title='bbox 1625 3205 1806 3247; x_wconf 83' lang='lat' dir='ltr'><em>principalis</em></span> <span class='ocrx_word' id='word_1_1063' title='bbox 1818 3206 1902 3237; x_wconf 65' lang='lat' dir='ltr'><em>actus</em></span> <span class='ocrx_word' id='word_1_1064' title='bbox 1914 3204 2056 3247; x_wconf 65' lang='lat' dir='ltr'><em>Episcopi</em></span> <span class='ocrx_word' id='word_1_1065' title='bbox 2066 3228 2075 3238; x_wconf 85' lang='lat'><strong>.</strong></span> 
     </span>
    </p>

    <p class='ocr_par' dir='ltr' id='par_1_79' title="bbox 1251 3243 2221 3336">
     <span class='ocr_line' id='line_1_150' title="bbox 1251 3243 2221 3293; baseline -0.009 -9"><span class='ocrx_word' id='word_1_1066' title='bbox 1251 3261 1292 3291; x_wconf 86' lang='lat'><em>72</em></span> <span class='ocrx_word' id='word_1_1067' title='bbox 1314 3253 1343 3283; x_wconf 86' lang='lat' dir='ltr'><em>E</em></span> <span class='ocrx_word' id='word_1_1068' title='bbox 1343 3251 1478 3293; x_wconf 71' lang='lat' dir='ltr'><em>pist-opus</em></span> <span class='ocrx_word' id='word_1_1069' title='bbox 1488 3258 1609 3291; x_wconf 84' lang='lat' dir='ltr'><em>propter</em></span> <span class='ocrx_word' id='word_1_1070' title='bbox 1616 3247 1844 3289; x_wconf 83' lang='lat' dir='ltr'><em>persecutionem</em></span> <span class='ocrx_word' id='word_1_1071' title='bbox 1859 3248 2048 3290; x_wconf 77' lang='lat' dir='ltr'><em>subditorum</em></span> <span class='ocrx_word' id='word_1_1072' title='bbox 2066 3259 2108 3279; x_wconf 84' lang='lat' dir='ltr'><em>an</em></span> <span class='ocrx_word' id='word_1_1073' title='bbox 2117 3243 2221 3279; x_wconf 77' lang='lat' dir='ltr'><em>debeat</em></span> 
     </span>
     <span class='ocr_line' id='line_1_151' title="bbox 1359 3290 1881 3336; baseline -0.002 -11"><span class='ocrx_word' id='word_1_1074' title='bbox 1359 3293 1459 3336; x_wconf 67' lang='lat' dir='ltr'><em>frigere</em></span> <span class='ocrx_word' id='word_1_1075' title='bbox 1472 3315 1482 3330; x_wconf 90' lang='lat'>,</span> <span class='ocrx_word' id='word_1_1076' title='bbox 1502 3291 1539 3324; x_wconf 69' lang='grc' dir='ltr'><em>ὠ·</em></span> <span class='ocrx_word' id='word_1_1077' title='bbox 1550 3291 1720 3334; x_wconf 83' lang='lat' dir='ltr'><em>Ecclesiam</em></span> <span class='ocrx_word' id='word_1_1078' title='bbox 1730 3290 1862 3332; x_wconf 87' lang='lat' dir='ltr'><em>deserere</em></span> <span class='ocrx_word' id='word_1_1079' title='bbox 1873 3315 1881 3324; x_wconf 83' lang='grc'><strong>.</strong></span> 
     </span>
    </p>

    <p class='ocr_par' dir='ltr' id='par_1_80' title="bbox 1256 3331 2221 3379">
     <span class='ocr_line' id='line_1_152' title="bbox 1256 3331 2221 3379; baseline -0.006 -10"><span class='ocrx_word' id='word_1_1080' title='bbox 1256 3348 1296 3379; x_wconf 80' lang='lat'><em>73</em></span> <span class='ocrx_word' id='word_1_1081' title='bbox 1320 3336 1484 3379; x_wconf 71' lang='lat' dir='ltr'><em>Epistopus</em></span> <span class='ocrx_word' id='word_1_1082' title='bbox 1493 3343 1611 3375; x_wconf 89' lang='lat' dir='ltr'><em>propter</em></span> <span class='ocrx_word' id='word_1_1083' title='bbox 1613 3333 1797 3376; x_wconf 84' lang='lat' dir='ltr'><em>scandalum</em></span> <span class='ocrx_word' id='word_1_1084' title='bbox 1818 3337 1983 3374; x_wconf 77' lang='lat' dir='ltr'><em>aliquando</em></span> <span class='ocrx_word' id='word_1_1085' title='bbox 1993 3347 2050 3369; x_wconf 88' lang='lat' dir='ltr'><em>non</em></span> <span class='ocrx_word' id='word_1_1086' title='bbox 2063 3331 2164 3375; x_wconf 72' lang='lat' dir='ltr'><em>filiam</em></span> <span class='ocrx_word' id='word_1_1087' title='bbox 2175 3339 2221 3372; x_wconf 57' lang='lat' dir='ltr'><em>pe»</em></span> 
     </span>
    </p>

    <p class='ocr_par' dir='ltr' id='par_1_81' title="bbox 1302 3375 1904 3421">
     <span class='ocr_line' id='line_1_153' title="bbox 1302 3375 1904 3421; baseline -0.002 -9"><span class='ocrx_word' id='word_1_1088' title='bbox 1302 3386 1305 3390; x_wconf 78' lang='grc'>’</span> <span class='ocrx_word' id='word_1_1089' title='bbox 1363 3379 1418 3421; x_wconf 77' lang='lat' dir='ltr'><em>test</em></span> <span class='ocrx_word' id='word_1_1090' title='bbox 1427 3402 1437 3416; x_wconf 93' lang='lat'>,</span> <span class='ocrx_word' id='word_1_1091' title='bbox 1450 3378 1507 3419; x_wconf 84' lang='lat' dir='ltr'><em>sed</em></span> <span class='ocrx_word' id='word_1_1092' title='bbox 1518 3380 1612 3409; x_wconf 83' lang='lat' dir='ltr'><em>etiam</em></span> <span class='ocrx_word' id='word_1_1093' title='bbox 1620 3375 1704 3410; x_wconf 79' lang='lat' dir='ltr'><em>debet</em></span> <span class='ocrx_word' id='word_1_1094' title='bbox 1713 3381 1887 3411; x_wconf 83' lang='lat' dir='ltr'><em>renuntiare</em></span> <span class='ocrx_word' id='word_1_1095' title='bbox 1896 3402 1904 3410; x_wconf 94' lang='lat'>.</span> 
     </span>
    </p>

    <p class='ocr_par' dir='ltr' id='par_1_82' title="bbox 1259 3418 2220 3507">
     <span class='ocr_line' id='line_1_154' title="bbox 1259 3418 2220 3466; baseline -0.008 -10"><span class='ocrx_word' id='word_1_1096' title='bbox 1259 3434 1300 3464; x_wconf 83' lang='lat'><em>74</em></span> <span class='ocrx_word' id='word_1_1097' title='bbox 1319 3422 1506 3456; x_wconf 73' lang='lat' dir='ltr'><em>scandalum</em></span> <span class='ocrx_word' id='word_1_1098' title='bbox 1525 3423 1642 3454; x_wconf 80' lang='lat' dir='ltr'><em>omnino</em></span> <span class='ocrx_word' id='word_1_1099' title='bbox 1660 3422 1836 3454; x_wconf 81' lang='lat' dir='ltr'><em>vitiandum</em></span> <span class='ocrx_word' id='word_1_1100' title='bbox 1845 3445 1855 3460; x_wconf 88' lang='lat'>‚</span> <span class='ocrx_word' id='word_1_1101' title='bbox 1870 3422 1973 3466; x_wconf 83' lang='lat' dir='ltr'><em>fifine</em></span> <span class='ocrx_word' id='word_1_1102' title='bbox 1984 3428 2103 3463; x_wconf 78' lang='lat' dir='ltr'><em>peccato</em></span> <span class='ocrx_word' id='word_1_1103' title='bbox 2121 3418 2220 3450; x_wconf 76' lang='lat' dir='ltr'><em>vitari</em></span> 
     </span>
     <span class='ocr_line' id='line_1_155' title="bbox 1365 3464 1861 3507; baseline 0.006 -12"><span class='ocrx_word' id='word_1_1104' title='bbox 1365 3465 1448 3507; x_wconf 84' lang='lat' dir='ltr'><em>poffit</em></span> <span class='ocrx_word' id='word_1_1105' title='bbox 1458 3486 1468 3501; x_wconf 89' lang='lat'><strong>‚</strong></span> <span class='ocrx_word' id='word_1_1106' title='bbox 1489 3464 1571 3495; x_wconf 80' lang='lat' dir='ltr'><em>alia&#39;s</em></span> <span class='ocrx_word' id='word_1_1107' title='bbox 1573 3464 1659 3505; x_wconf 86' lang='lat' dir='ltr'><em>secus</em></span> <span class='ocrx_word' id='word_1_1108' title='bbox 1670 3487 1680 3501; x_wconf 89' lang='lat'>‚</span> <span class='ocrx_word' id='word_1_1109' title='bbox 1699 3464 1736 3498; x_wconf 56' lang='grc' dir='ltr'><em>Θ</em></span> <span class='ocrx_word' id='word_1_1110' title='bbox 1745 3464 1861 3506; x_wconf 71' lang='lat' dir='ltr'><em>mscqq.</em></span> 
     </span>
    </p>

    <p class='ocr_par' dir='ltr' id='par_1_83' title="bbox 1257 3501 2221 3551">
     <span class='ocr_line' id='line_1_156' title="bbox 1257 3501 2221 3551; baseline -0.01 -8"><span class='ocrx_word' id='word_1_1111' title='bbox 1257 3518 1296 3551; x_wconf 81' lang='lat'><em>75</em></span> <span class='ocrx_word' id='word_1_1112' title='bbox 1321 3511 1444 3542; x_wconf 78' lang='lat' dir='ltr'><em>Veritas</em></span> <span class='ocrx_word' id='word_1_1113' title='bbox 1470 3506 1636 3550; x_wconf 64' lang='lat' dir='ltr'><em>disciplinas</em></span> <span class='ocrx_word' id='word_1_1114' title='bbox 1665 3507 1760 3549; x_wconf 71' lang='lat' dir='ltr'><em>deseri</em></span> <span class='ocrx_word' id='word_1_1115' title='bbox 1788 3507 1883 3551; x_wconf 78' lang='lat' dir='ltr'><em>potest</em></span> <span class='ocrx_word' id='word_1_1116' title='bbox 1908 3517 2025 3550; x_wconf 84' lang='lat' dir='ltr'><em>propter</em></span> <span class='ocrx_word' id='word_1_1117' title='bbox 2050 3501 2221 3539; x_wconf 82' lang='lat' dir='ltr'><em>multitudi-</em></span> 
     </span>
    </p>

    <p class='ocr_par' dir='ltr' id='par_1_84' title="bbox 2112 3557 2178 3580">
     <span class='ocr_line' id='line_1_157' title="bbox 2112 3557 2178 3580; baseline 0 -1"><span class='ocrx_word' id='word_1_1118' title='bbox 2112 3557 2178 3580; x_wconf 85' lang='lat' dir='ltr'><em>nem</em></span> 
     </span>
    </p>
   </div>
  </div>
 </body>
</html>
