2397 3664
102 277 112 283 ,
151 251 285 285 fundant
307 254 334 286 se
355 253 456 288 solum
476 256 562 300 super
573 252 908 296 difficapstaeutpam.
930 248 1153 291 Alterasquia

83 522 122 543 22

712 83 798 140 De
813 94 942 140 aetat.
976 42 1220 151 &qualib
1241 95 1288 134 e.
1300 56 1438 135 Cum
1452 78 1509 132 fit
1526 75 1628 134 ars·

149 166 274 208 prebent
293 167 331 199 &
348 177 415 211 cap.
434 163 613 203 statutumss
627 170 694 204 ,Sed
711 179 770 201 nec
792 169 849 201 illa
865 167 1000 199 obstaret
1022 163 1145 211 duplici

150 210 293 241 ratione.
314 210 445 250 Primo,'
467 213 546 254 <juia
557 214 731 254 loquuntur
751 212 788 251 *in
799 210 934 244 materia
953 208 1092 250 poenalis
1110 207 1145 244 ὅ(

150 296 246 328 verba
257 296 484 340 illaConcnlii,
504 301 588 331 Cura
600 298 757 342 Ecclesia,
771 296 824 330 vel
845 296 1011 337 Episcopo,
1033 295 1066 326 ὅ(
1087 295 1147 325 Per

150 349 260 374 unum,
281 341 334 372 vel
351 343 470 383 planu
490 340 589 382 posita
607 342 678 376 sunt
699 341 718 372 ,ἱ
735 332 892 375 Coiic'ilio
911 340 949 370 ad
967 337 1149 385 tol-lendum

149 381 282 415 consilia
291 383 427 417 Oldradi
436 407 449 422 ,
465 386 499 416 &
511 384 713 421 Anffiarani,
732 393 766 415 ut
779 381 867 415 Rota
878 383 939 423 jain
949 382 1068 417 decidit
1080 390 1091 414 ‚·
1112 380 1145 410 &

149 424 185 457 in
194 435 324 459 omnem
333 426 487 467 casumrin'
494 427 654 467 dignitate
664 435 775 458 curata
784 425 974 457 non-subeffe
993 423 1126 455 dubium
1135 443 1146 457 ,

147 477 184 499 ex
194 468 308 502 eisdem
318 469 459 502 consiliis
471 469 619 506 Oldradi,
636 470 812 501 Anchatan.
823 465 1146 506 Card.confi30.prob,

146 522 172 543 c.
183 513 278 553 Super
294 524 326 546 eo
345 511 382 544 de
397 511 481 553 praeb.
506 515 540 543 in
551 517 581 545 6.
603 513 672 555 Nec
692 512 835 547 obstare,
852 511 943 551 quod
955 509 1147 553 Concilium

147 555 251 587 dicit:
269 557 400 595 Van-atio
409 555 603 588 Parachi.1lis
613 579 623 592 ‚
644 555 693 587 sed
707 565 771 587 uno
784 553 1004 586 Ma‘nsionario
1013 560 1146 584 mortuo

148 608 213 630 non
224 598 314 636 vacat
323 597 536 635 Patoehialis·,
553 599 631 640 quia
649 599 723 630 cum
743 596 933 630 Concilium
942 596 1050 627 dicat:
1073 595 1136 626 Per

147 650 256 677 unum„
265 641 316 672 vel
324 641 446 681 plures,
466 651 727 681 mortuouno-eit
746 641 809 673 illis
833 640 996 680 pluribus,
1013 638 1144 669 habetur

147 694 204 725 pro
215 682 382 716 &acatirine
391 683 535 717 Ecciefiae
542 685 683 726 respecstu
693 685 772 716 locis
784 683 927 715 vacantis
941 682 973 713 in
986 681 1051 712 illa:
1066 681 1146 711 Item

148 735 214 758 non
226 726 444 768 Obstateaiubd
456 728 532 761 alias
540 729 612 760 Con
618 727 806 766 g.i·esoondit
818 727 852 759 in
860 724 1046 766 quibusdam
1056 725 1149 774 bene-

148 769 232 801 ficiis
245 769 472 809 Cartliaginei'i.
492 773 568 813 quia
578 771 694 805 factum
705 771 765 803 fuit
777 770 1041 804 fundamentum,
1060 767 1147 808 quod

147 813 183 844 in
194 812 350 845 Archivio
362 814 505 847 Ecclesiae
526 825 682 856 repertum
701 814 763 846 suit
775 814 809 846 in
829 812 1018 845 fundacione
1037 820 1148 858 eorum

147 856 375 888 beneficiorum
386 858 522 899 expresse
535 869 665 898 cautum
675 857 764 890 fuisse
776 880 787 893 ,
807 867 841 889 iit
860 855 956 888 essent
979 854 1147 895 servitotia

148 898 304 932 beneficia
323 900 493 942 simplicia:
524 900 647 944 Tamen
664 912 702 933 cx
720 900 871 932 undecim
889 897 1115 930 Cardinalibus
1132 919 1142 933 ,

148 942 306 975 Gesualdo
316 965 327 980 ‚
349 946 382 975 &
392 945 519 976 Alciato
528 946 666 986 exceptis
677 968 687 982 ‚
709 942 913 976 &Columna
931 942 1061 972 nolente
1076 950 1148 979 pro-

146 985 226 1017 ferre
236 986 425 1018 sententiam
436 1010 446 1023 ‚
467 989 543 1028 quia
562 999 627 1020 non
645 987 934 1025 striduerat‚c>'innes
947 984 1002 1015 alii
1012 982 1142 1030 censue-

147 1039 222 1060 runt
234 1030 267 1061 iri
278 1029 456 1070 supradictis
465 1031 566 1062 tribus
577 1031 697 1062 casibus
710 1030 850 1062 Parmen.
865 1027 990 1067 Papien.
1003 1025 1146 1073 Patavin.

147 1073 280 1104 nullum·
292 1083 424 1104 examen
442 1074 623 1114 requiripet
634 1074 825 1105 coneursum
845 1081 881 1103 ex
902 1069 1059 1102 Concilio
1070 1070 1145 1100 ctist.

148 1124 214 1155 cap.
239 1119 285 1146 18.
307 1117 340 1147 ὃς
358 1117 547 1156 generaliter
569 1117 602 1149 in
619 1117 769 1156 omnibus
791 1113 1014 1155 Dignitatibus
1037 1122 1146 1144 curam

148 1158 327 1190 animarum
346 1160 533 1191 habentibus
554 1161 587 1192 iri
608 1159 872 1193 Cathedralibus,
892 1155 1142 1195 &Collegiaris,·

148 1201 487 1242 itemquegeneraliter
509 1205 542 1234 iri
561 1204 711 1236 omnibus
734 1199 982 1235 M‘ansionariis,
1004 1200 1037 1231 &
1058 1198 1144 1230 Heb-

147 1245 338 1276 domadai'ii‘s'
349 1255 459 1276 curam
476 1247 654 1279 animarum
673 1244 859 1277 habentibus
870 1253 924 1282 per
936 1244 962 1283 pl
971 1252 1040 1273 ures
1053 1243 1147 1273 alte-t-

148 1287 198 1318 nis
209 1287 331 1319 vicibus
343 1290 482 1321 exerceri
496 1289 620 1322 solitam
632 1290 666 1321 in
687 1287 930 1320 Cathedtalibus
941 1308 952 1322 ‚
972 1286 1019 1317 vel
1031 1284 1140 1317 Colle-

147 1331 244 1369 gratis
256 1342 322 1363 non
341 1331 399 1363 else
420 1333 626 1367 necessarium
638 1331 766 1375 aliquod
787 1341 919 1362 examen
942 1340 994 1369 pei·
1013 1339 1148 1360 concur-

82 1383 120 1414 23
141 1373 206 1405 sum
217 1383 254 1405 ex
266 1376 294 1405 d.
305 1378 383 1407 c.18.
397 1375 450 1406 illa
461 1376 612 1417 precipue
623 1375 748 1407 tatione
760 1397 769 1411 ‚
789 1374 865 1415 quia
877 1383 942 1404 non
952 1374 1044 1404 datur
1059 1382 1149 1403 vaea-

149 1417 198 1448 tio
208 1417 345 1449 Ecclesie
357 1429 367 1453 ,·
378 1417 414 1449 3'*
424 1419 537 1451 d.c.18.
551 1418 771 1459 nonloquitur
782 1421 819 1448 de
835 1416 1056 1458 Dignitatibus
1067 1437 1076 1451 ‚
1089 1425 1146 1446 nec

83 1470 127 1501 24
147 1460 291 1501 expressit
300 1454 550 1502 de'Collegiaris,
561 1472 653 1503 prout
668 1461 744 1493 fecit
756 1459 843 1495 alibi,
856 1461 908 1491 ubi
921 1459 1022 1490 voluit
1035 1482 1042 1490 .
1054 1457 1146 1500 Qiid

85 1986 123 2018 25

150 1513 256 1535 uutezn
270 1504 334 1536 siin
356 1515 418 1536 una
439 1505 577 1538 Ecclesia
597 1505 774 1536 parochiali
796 1503 892 1534 elsent
912 1504 996 1537 duo,
1018 1503 1063 1533 vel
1086 1512 1148 1533 tres

149 1556 332 1579 crescentes
345 1558 455 1580 cutam
467 1550 666 1584 animarum,
689 1558 791 1588 neque
813 1548 885 1578 eiset
908 1543 1033 1586 simplex
1054 1545 1145 1576 Paro-

150 1591 261 1622 cbialis'
272 1592 394 1623 duobus
405 1614 414 1627 ‚
435 1593 482 1623 vel
495 1593 594 1623 tribus
605 1601 716 1623 curam
727 1590 905 1622 animarum
915 1588 1149 1624 exercentibus,

150 1633 200 1664 sed
213 1644 269 1664 nec
279 1633 330 1666 Co
345 1634 479 1675 legiata3
500 1634 590 1679 Qiiel
605 1636 681 1667 item
692 1635 735 1665 sie
747 1634 793 1666 set
814 1632 1007 1665 parochialis
1031 1632 1147 1664 habens

149 1687 268 1707 nomen
280 1677 552 1719 Dignitatis‚pii:2
565 1678 905 1720 archipresbyteratus,
919 1675 1078 1711 Abbati-c,
1099 1675 1147 1706 vel

149 1717 358 1759 Praepofitiirae
369 1743 378 1756 ‚
398 1723 430 1753 &
444 1732 506 1752 non
518 1722 591 1753 eset
603 1720 807 1759 Collegium
829 1718 1052 1759 congregatio
1067 1718 1146 1750 nihil

150 1762 270 1794 decidit
281 1767 319 1795 de
329 1764 375 1795 his
387 1764 508 1796 casibus
521 1787 531 1799 ‚
549 1765 626 1796 licet
637 1765 721 1796 aliud
733 1764 791 1795 effe
805 1762 1011 1794 inclinaverit
1025 1784 1036 1798 ‚
1053 1763 1086 1793 &
1101 1762 1146 1793 ita

151 1805 185 1837 in
199 1806 253 1838 illa
262 1806 491 1848 Carthaginen.
505 1808 676 1844 Beneficii,
699 1807 822 1838 videtui·
843 1806 929 1837 Rota
951 1803 1090 1840 sensisse,
1111 1807 1144 1836 ἃς

151 1848 303 1881 itaetiam
314 1849 422 1882 salvari
434 1851 517 1890 posse
531 1851 656 1883 videtui·
666 1850 783 1883 decisio
795 1849 880 1889 Rore
891 1848 1146 1889 GerundenJ-iec

151 1894 381 1924 tameno-nnia
390 1893 554 1926 referenda
573 1893 773 1926 San-,ikiilimo
789 1915 799 1928 ‚
820 1895 853 1925 ὅ(
874 1892 1080 1924 nihilominus
1100 1891 1148 1923 di-

150 1938 289 1967 cendum
299 1946 432 1968 examen
443 1936 625 1968 faciendum
636 1937 744 1968 saltem
756 1935 817 1968 sine
838 1936 1013 1967 concursu.

189 1977 426 2015 Sandffiffimus,
445 1979 521 2011 licet
542 1980 572 2012 ei
592 1979 691 2012 visum
711 1979 747 2011 sit
767 1978 798 2010 d.
816 1990 840 2010 c.
860 1977 1146 2014 Statxatnmdiabere

155 2020 281 2053 tantum
295 2023 400 2054 locum
413 2022 446 2054 in
457 2022 590 2054 materia
602 2022 719 2064 poenali
734 2033 744 2058 ,·
763 2032 871 2054 tamen
886 2021 1065 2053 doctrinam
1077 2024 1143 2053 An—

87 2068 127 2097 26
147 2064 278 2097 chatani
295 2065 374 2097 visus
386 2058 618 2107 effinteiiigere
629 2066 726 2097 etiam
747 2065 779 2097 in
800 2066 935 2096 materia
956 2064 1145 2096 favorabili.

94 2762 135 2792 27
155 2764 207 2795 per
217 2754 425 2785 concursum.

153 2106 243 2139 Licet
255 2108 337 2140 idem
348 2108 429 2140 visus
442 2108 537 2141 fuerit
556 2119 622 2140 non
635 2109 707 2140 satis
726 2109 857 2148 probare
881 2108 959 2139 illud
981 2118 1148 2147 argumen-

153 2161 222 2182 tum
232 2173 241 2187 ‚
251 2151 487 2191 quod'Ecclesia
498 2163 562 2184 non
575 2162 665 2184 vacat
679 2161 806 2183 mortuo
820 2161 903 2182 uno:
929 2150 1004 2182 licet
1016 2151 1093 2183 item
1105 2151 1149 2181 vi-

150 2193 199 2226 sus
209 2193 304 2226 suerit
315 2195 361 2226 'bis
374 2195 530 2227 inclinare
544 2196 576 2226 in
589 2206 659 2227 eam
668 2195 856 2227 sententiam
869 2217 878 2230 ,
904 2204 938 2225 ut
949 2194 1077 2234 quando
1089 2193 1147 2225 Di-

154 2237 261 2276 gnitas
269 2238 361 2270 habet
373 2248 482 2269 curam
491 2239 668 2270 animarum
676 2260 685 2274 ,
696 2240 728 2268 &
739 2238 924 2269 obtinentes
934 2247 1061 2269 tenetur
1072 2248 1141 2270 eam

151 2279 357 2322 personaliter
367 2291 522 2317 exercete,
533 2291 569 2312 iit,
580 2282 612 2312 in
626 2281 679 2312 illa
690 2280 813 2321 l'apien.
825 2281 1004 2321 requiratur
1014 2290 1148 2311 concur-

152 2323 200 2355 sus
209 2344 217 2354 .
229 2322 351 2355 Tamen
362 2323 523 2366 postquam
534 2328 662 2356 tandem
674 2323 795 2355 audivit
806 2323 995 2355 sententiam
1006 2333 1148 2356 commu-

155 2375 229 2397 nem
238 2365 359 2405 congr.
370 2368 486 2408 praevio
506 2367 627 2403 studio,
650 2369 682 2399 &
702 2365 890 2398 discussione
906 2365 1019 2398 faciam
1030 2389 1039 2403 ‚
1060 2367 1148 2398 illam

157 2410 340 2449 approbavit
351 2411 448 2442 etiam
464 2411 496 2441 in
511 2410 735 2451 Dignitatibus
744 2433 753 2446 ‚
764 2421 802 2442 ea
817 2410 941 2442 latione
954 2432 964 2445 ,
974 2410 1049 2450 quia
1059 2409 1148 2442 Con-

156 2451 210 2482 cil.
224 2461 287 2482 non
299 2451 757 2493 fecitexpressammentioiiem
770 2453 974 2493 Dignitatum
987 2478 994 2488 ,
1010 2453 1042 2484 ln
1056 2452 1148 2489 Man-

156 2494 303 2526 sionariis
312 2504 417 2527 autern
428 2517 439 2531 ‚
459 2497 492 2527 ὅ(
514 2496 778 2529 Hebdomadariis
799 2497 911 2528 innixa
931 2496 971 2527 est
992 2496 1147 2528 Sanckiras

157 2537 220 2569 Sua
230 2537 293 2569 illis
303 2538 481 2570 rationibus
492 2537 583 2570 Oldr.
603 2541 637 2570 &
650 2539 749 2569 Ancli.
770 2539 846 2571 licet
859 2539 987 2571 Concil.
1001 2539 1101 2570 visum
1112 2539 1147 2571 sit

158 2576 222 2613 inis
235 2581 338 2613 verbis
348 2603 358 2618 ‚
379 2583 440 2614 Per
449 2592 557 2617 unum,
570 2582 620 2613 vel
631 2582 730 2622 plures
742 2603 750 2617 ,
761 2582 829 2613 illas
842 2581 993 2613 sustulisse
1004 2604 1011 2611 .
1023 2581 1074 2614 Sic
1089 2582 1148 2623 igi-

157 2633 211 2656 tur
222 2623 347 2660 statuit,
370 2624 405 2656 in
418 2624 640 2665 Dignitatibus
653 2646 663 2660 ,
684 2627 717 2656 ὄί
737 2624 961 2656 Mantionariis
973 2647 983 2661 ,
1003 2624 1054 2661 seu
1064 2625 1148 2657 Heb-

156 2663 350 2700 domad'ariis
371 2667 557 2700 habentibus
577 2678 686 2699 curam
697 2667 874 2699 animarum
885 2666 918 2698 in
929 2666 1076 2699 Ecclesiis
1086 2668 1145 2700 Ca-

161 2710 355 2743 tliedralibus
364 2733 374 2747 ‚
384 2712 432 2742 vel
444 2710 634 2751 Collegiatis
646 2721 711 2741 non
721 2710 782 2742 esse
796 2710 999 2742 neceffariuin
1016 2720 1149 2751 examen

446 2753 535 2794 Qiid
548 2763 653 2786 autem
665 2754 698 2784 in
720 2752 955 2785 parochialibus
965 2775 975 2790 ‚
994 2764 1062 2794 quae
1082 2752 1153 2786 non*

161 2797 230 2829 sunt
244 2797 276 2828 in
287 2795 530 2829 Catliedi·alibus
541 2820 550 2833 ,
569 2807 672 2837 neque
690 2797 723 2828 in
743 2794 935 2836 Collegiatis
945 2818 955 2832 ‚
976 2796 1010 2827 in
1031 2798 1146 2837 quibus

160 2839 270 2879 adsunt
279 2840 405 2878 tres‚vel
413 2850 551 2881 quatuor
560 2850 741 2872 exercentes
749 2850 860 2871 curam
869 2839 1045 2871 animarum
1056 2841 1148 2872 altet-

162 2882 212 2914 nis
224 2883 357 2919 vicibus,
367 2880 459 2925 prout
470 2884 592 2916 videtur
603 2882 694 2914 fuisse
706 2883 739 2914 in
751 2882 822 2914 casu
833 2881 944 2918 Rotae‘,
957 2883 1001 2914 vel
1011 2883 1086 2923 quia
1096 2883 1149 2914 Pa-

161 2925 472 2959 rochialeshaberent
485 2927 608 2967 simplex
622 2937 739 2958 nomen
760 2925 939 2966 Dignitatis
950 2947 960 2962 ‚
981 2926 1124 2957 Abbatiae
1138 2949 1149 2963 ,

163 2967 368 3010 prepositure,
379 2980 473 3010 quem
481 2970 585 3002 casum
595 2968 717 3009 congr.
729 2969 857 3010 reliquit
870 2968 992 3000 indetis
990 2978 1043 3000 um
1054 2980 1063 2998 :
1074 2968 1150 3000 San-

165 3010 258 3042 eritas
271 3010 333 3042 Sua
342 3013 423 3044 dixit
434 3035 444 3050 ‚
463 3024 500 3049 ex
509 3023 575 3054 quo
585 3014 623 3045 de
633 3011 774 3053 praesenti
789 3022 854 3043 non
864 3012 1051 3043 occurrebat
1063 3011 1096 3043 in
1105 3012 1150 3044 fa*-

166 3052 220 3085 eto
230 3075 240 3090 ,
250 3053 313 3085 tale
331 3055 486 3098 dubium,
501 3057 612 3088 debere
623 3055 784 3095 Congreg.
796 3054 858 3086 esse
868 3054 1149 3086 contentamdeci-

162 3096 247 3128 fione
258 3096 386 3129 casuum
395 3097 536 3131 parmen.
550 3098 673 3140 Papien.
684 3098 826 3130 l'atavin.
846 3097 881 3129 Si
892 3097 991 3138 postea
1002 3097 1053 3128 hic
1064 3098 1150 3130 casus

164 3137 447 3176 occurrerit‚tunc
460 3144 632 3183 agendum.
653 3141 691 3173 Et
702 3141 777 3183 quia
800 3140 949 3172 Rotailla
958 3140 1149 3172 decisionem

164 3182 241 3215 fecit
253 3204 262 3218 ,
281 3183 314 3214 &
325 3181 438 3215 Parcus
448 3184 555 3226 Major
569 3185 661 3217 aliam
673 3197 682 3221 3
693 3183 850 3216 Sanistitas
861 3184 923 3216 Sua
935 3184 1129 3224 interrogata
1140 3206 1150 3220 ,

161 3237 202 3258 ari
212 3225 402 3257 admittendi
412 3226 510 3258 essent
521 3250 530 3263 ‚
550 3228 707 3268 respondit
720 3227 857 3259 nihileis
867 3229 985 3258 dicend
993 3236 1046 3257 um
1056 3248 1064 3257 .

188 3298 195 3303 ,
206 3268 279 3300 Con
282 3268 428 3309 gregario
436 3267 598 3316 §eneralis
608 3270 682 3303 cuin
691 3271 748 3312 hec
759 3269 1151 3306 audivisset,mandavit,ur

165 3311 393 3353 significaretur
404 3312 462 3342 hoc
474 3315 635 3348 decretum
647 3314 685 3345 iis
696 3337 706 3350 ,
724 3315 839 3355 quibus
857 3323 933 3352 opus
954 3312 1030 3345 esset
1045 3315 1096 3348 3&
1109 3313 1148 3344 sie

163 3354 250 3387 casus
261 3353 401 3386 eveniret
410 3356 448 3386 de
460 3354 692 3388 parochialibus
704 3367 770 3388 non
781 3356 970 3397 Collegiaris
981 3377 991 3392 ‚
1002 3366 1103 3395 neque
1116 3356 1149 3387 in

164 3397 406 3431 Cathedralibus
416 3419 426 3433 ,
437 3406 513 3429 tunc
521 3400 559 3429 de
568 3399 693 3440 integro
703 3402 860 3439 agendum
871 3399 905 3431 in
917 3398 1150 3440 Congregatio-

165 3440 310 3473 ned-icet
321 3439 426 3472 Patres
437 3441 630 3473 unanimiter
643 3442 791 3474 senserint
802 3444 914 3485 absque
924 3443 1022 3474 dubio
1033 3441 1150 3475 facien·

164 3485 240 3516 dum
249 3493 379 3515 examen
391 3493 442 3522 per
452 3484 638 3516 concursum
649 3508 658 3516 .

256 3529 297 3561 P!
302 3528 359 3567 on.
368 3529 508 3567 fagnan.
518 3529 551 3567 in
561 3529 587 3560 l.
599 3525 686 3561 Libr.
698 3529 854 3562 Decretal.

2027 92 2127 142 435

1224 162 1372 193 secundi,
1387 161 1565 202 QUAEK.)
1577 183 1585 197 ,
1613 160 1829 201 praesrippofito
1836 153 1925 202 quiid
1933 144 2127 194 benesicium
2145 161 2182 194 si‘t

1184 200 1371 246 regula-ff&
1381 205 1466 245 quod
1481 205 1513 235 in
1524 215 1563 236 eo
1573 204 1649 235 alias
1660 203 1762 236 essent
1775 203 1911 249 Prion&
1923 204 2077 237 Monaclii
2089 203 2195 245 Con-3

2203 165 2244 196 28

1184 248 1315 280 ventum
1325 269 1335 285 ,
1345 249 1378 279 &
1388 245 1575 288 Capitulum
1585 246 1737 279 facientes
1749 269 1759 283 ,
1771 246 2038 289 Dignitatemque
2045 246 2160 279 habitu
2168 269 2183 286 ,
2233 260 2236 263 ·
2259 259 2265 264 ·

1184 292 1216 323 δέ
1229 290 1550 327 aoi‘tii‘constituentes‚
1560 289 1655 322 hodie
1667 300 1774 322 tamen
1785 290 1836 331 per
1846 290 2054 331 desinentiam
2063 289 2182 326 Mona-

1185 334 1318 365 chorum
1327 333 1452 371 desierit
1462 334 1593 373 quidem
1602 332 1664 365 esse
1676 333 1816 373 dignitas
1833 333 1902 366 actu
1912 356 1922 370 ‚
1934 334 2117 366 remanserit
2128 344 2181 366 au-

1185 387 1250 408 tem
1259 376 1399 417 dignitas
1410 377 1518 407 habitu
1527 398 1537 412 ‚
1555 375 1630 416 quia
1653 375 1747 408 facile
1760 377 1857 416 potest
1869 378 1900 409 in'
1921 376 2026 409 astum
2047 377 2178 410 transite

1183 421 1312 460 quando
1324 410 1478 450 Monaclii
1497 429 1716 450 revertantur:
1739 421 1771 452 ὃ(
1782 422 1866 461 quod
1878 421 1922 452 sit
1938 419 2067 453 solitum
2087 431 2175 453 com—

1184 462 1328 494 mendari
1338 461 1476 494 Clericis
1486 461 1683 493 fiectilacibus
1693 474 1703 491 .·
1728 464 1778 494 Ari
1789 473 1913 503 propter
1923 473 2035 496 curam
2047 464 2169 496 anima-

1185 510 1254 537 rum'
1267 505 1315 537 illi
1325 504 1547 536 imminentem
1557 504 1571 535 s
1571 505 1891 545 ubjaceat-coricursui
1903 529 1912 544 ,
1933 504 2024 554 juxta
2043 506 2180 545 formam

1185 560 1210 581 c.
1219 546 1546 589 18.-feffl24sConeilii
1557 545 1745 579 Tridentini
1757 566 1766 579 i
1799 577 1801 581 ,
2142 557 2144 560 ·

1228 591 1359 624 Emersit
1371 592 1434 622 litte
1445 590 1617 631 disputatio
1625 590 1661 621 in
1671 590 1762 623 causa
1772 590 1951 625 Tudertina
1959 592 2132 630 Prioratus,
2145 594 2179 627 in

1185 645 1247 675 qua
1259 634 1345 666 Rota
1358 644 1404 674 14.
1416 634 1502 676 Junii
1518 640 1608 674 1593.
1619 644 1727 664 coram
1739 633 1842 670 Lirra,
1853 636 1886 665 &
1897 645 1945 666 21.
1959 635 2073 677 Aprilis
2088 646 2176 676 1595.

1185 688 1294 709 coram
1304 677 1418 714 Penia,
1438 676 1572 717 impress.
1585 675 1674 716 decij.
1689 679 1757 714 587.
1772 682 1809 708 ω’
1822 680 1891 716 588.
1914 688 1996 718 part.
2009 690 2039 718 4.
2052 679 2165 722 divers.

1185 721 1351 753 concludit
1370 720 1552 752 Prioratum
1571 720 1684 751 habere
1704 729 1814 751 cutam
1835 721 2014 754 animarum
2033 724 2070 754 ab
2091 734 2181 756 anno

1188 768 1278 804 1523.
1289 765 1322 796 ὃς
1340 763 1533 804 dignitatem
1553 762 1662 794 habitu
1685 762 1813 794 tantum
1824 785 1833 798 ,
1856 774 1922 794 non
1944 764 2016 796 aestu
2024 787 2035 801 ‚
2055 765 2129 798 ci'im
2142 767 2177 799 in

1186 817 1224 838 eo
1237 806 1390 839 Monachi
1401 808 1464 849 jam
1475 804 1593 838 dudum
1605 806 1796 838 commorari
1807 806 1965 838 desierint.
1979 808 2029 839 An
2039 808 2114 840 veto
2125 809 2185 840 liu-.

1186 850 1320 892 jusmodi
1333 850 1484 891 Dignitas'
1496 849 1531 881 sit
1542 859 1594 890 per
1605 849 1745 882 concurs
1744 860 1796 880 um
1819 849 2013 883 conferenda
2022 873 2033 888 ‚
2053 861 2155 884 necne
2164 874 2175 889 ,

1185 892 1377 926 sententiam
1388 893 1417 924 S.
1429 892 1550 934 congr.
1564 892 1687 933 exquiri
1699 893 1812 927 debere
1826 916 1834 925 .

1228 937 1265 967 In
1276 947 1341 977 quo
1352 937 1488 969 articulo
1496 935 1551 968 e'tsi
1563 935 1721 976 S.Congr.
1734 941 1876 976 tempore
1886 934 1982 971 Catd.
1999 937 2117 970 Alciati
2129 940 2183 970 de.

1185 979 1353 1011 clararerit
1365 979 1547 1020 Dignitates
1559 989 1684 1010 curatas
1698 990 1762 1010 non
1773 979 1835 1011 esse
1845 979 2054 1012 conferendas
2065 981 2183 1021 praevio

1186 1023 1361 1059 concursu3
1375 1022 1447 1064 egre
1459 1033 1566 1055 tamen
1580 1022 1612 1053 in
1626 1032 1695 1053 eam
1708 1023 1896 1057 sententiam
1906 1024 2069 1057 descendit
2079 1046 2090 1060 ‚
2102 1025 2183 1056 mul·-

1186 1066 1226 1097 tis
1237 1067 1323 1098 enim
1333 1065 1476 1098 Patribus
1487 1089 1496 1102 ,
1514 1065 1662 1107 quinimo
1675 1068 1706 1097 δε
1718 1065 1917 1098 δαηᾶἰιῖῑιηο
1939 1067 2102 1099 contraria
2113 1067 2182 1100 sen-

1185 1110 1289 1141 tentia
1300 1110 1400 1150 magis
1411 1110 1608 1150 probatiir,ut
1620 1118 1703 1149 patet
1715 1119 1753 1140 ex
1764 1109 1856 1141 distis
1865 1109 1898 1140 in
1911 1111 2096 1151 praecedenti
2105 1121 2181 1153 que-

1187 1152 1284 1184 stione
1295 1176 1302 1184 .
1315 1153 1413 1193 Qiorl
1426 1163 1490 1184 non
1505 1152 1576 1184 ideo
1588 1153 1724 1183 diximus
1734 1174 1744 1188 ,
1769 1162 1802 1184 ut
1816 1152 1964 1193 Dignitas
1975 1163 2086 1185 curata
2095 1164 2177 1189 con-

1187 1195 1260 1227 ferri
1272 1206 1338 1227 non
1349 1196 1439 1236 pomi
1452 1196 1564 1237 absque
1574 1195 1732 1226 concursu
1742 1206 1754 1230 ,·
1775 1195 1824 1227 sed
1836 1205 1870 1227 ut
1885 1195 1958 1228 inde
1970 1206 2115 1237 appareat
2124 1197 2182 1229 liu·-

1185 1239 1318 1282 jusmodi
1329 1239 1522 1271 decisionem
1533 1249 1596 1271 non
1609 1237 1672 1270 sine
1689 1237 1882 1279 opinionum
1893 1239 2047 1273 conflictu
2058 1240 2181 1274 editam

1187 1282 1289 1316 stricte·
1301 1281 1363 1314 esse
1376 1282 1616 1323 intelligendam
1630 1303 1640 1318 ,
1650 1291 1708 1313 nec
1719 1280 1759 1320 eo
1772 1281 1866 1323 usque
1877 1284 2110 1317 extendendam
2119 1305 2131 1319 ,
2143 1293 2178 1315 ut

1186 1325 1240 1357 sub
1252 1336 1289 1357 ea
1300 1321 1607 1366 comprehendantur
1622 1324 1796 1365 dignitates
1806 1342 1817 1361 ,-
1837 1335 1902 1366 que
1912 1325 2021 1357 habitu
2032 1325 2160 1358 tantum
2168 1349 2179 1363 ‚

1186 1370 1219 1401 &
1231 1379 1296 1400 non
1308 1368 1377 1400 actu
1389 1368 1458 1400 sunt
1470 1370 1549 1400 tales
1559 1391 1567 1399 .
1580 1367 1668 1401 Nam
1679 1367 1865 1407 Dignitates
1874 1378 1983 1409 curate
1993 1369 2181 1409 regulariter

1188 1412 1320 1444 veniunt
1334 1411 1544 1453 appellatione
1563 1410 1797 1443 parochialium
1806 1432 1816 1447 ,
1838 1413 1894 1443 ubi
1904 1421 1970 1442 non
1981 1412 2136 1444 versamur
2146 1413 2180 1445 ‘m

1186 1455 1322 1487 materia
1331 1456 1448 1495 poenali
1459 1477 1469 1491 ,
1478 1465 1513 1486 ut
1523 1454 1607 1486 clare
1620 1454 1786 1494 colligit-ur
1797 1464 1834 1497 ex
1844 1465 1868 1486 c.
1877 1457 2040 1486 Statutum
2049 1454 2085 1486 de
2095 1452 2181 1487 ezeeh

1185 1497 1368 1536 lib.6.Nam
1381 1498 1426 1531 i'ii
1436 1498 1601 1530 deciditur
1614 1497 1798 1538 Dignitates
1813 1508 1937 1530 curatas
1949 1508 2015 1530 non
2033 1508 2177 1539 compre-

1188 1542 1328 1584 hendiin
1337 1553 1362 1573 c.
1375 1541 1464 1574 Licet
1473 1543 1598 1577 Canon,
1617 1542 1649 1573 δε
1670 1540 1788 1573 decifio
1811 1540 1961 1575 fundatur
1982 1541 2015 1573 in
2025 1552 2063 1573 eo
2073 1563 2087 1578 ‚,
2100 1552 2178 1583 quia

1187 1584 1262 1621 cum
1271 1585 1462 1617 constitutio
1474 1585 1528 1616 illa
1541 1587 1578 1617 de
1593 1583 1827 1616 parochialibus
1840 1585 1987 1626 loquatur
1997 1607 2007 1621 ‚
2025 1587 2057 1617 ὃ(
2071 1585 2104 1616 sir
2117 1596 2182 1626 pr:-

1187 1629 1268 1660 nalis
1279 1651 1289 1664 ‚
1309 1627 1453 1669 restringi
1474 1628 1579 1668 potius
1598 1628 1690 1660 debet
1700 1649 1710 1664 ‚
1731 1628 1827 1668 quain
1837 1628 1935 1660 laxari
1947 1650 1956 1659 .
1976 1628 2061 1669 Ergo
2071 1628 2181 1664 innuit

1188 1681 1291 1703 textus
1302 1673 1385 1704 aliud
1401 1672 1475 1713 jutis
1486 1670 1549 1703 esse
1559 1693 1568 1708 ‚
1580 1670 1600 1703 si
1611 1670 1801 1702 constitutio
1811 1670 1847 1702 sit
1859 1669 2041 1705 favorabilis
2053 1696 2061 1702 .
2083 1671 2119 1703 Er
2132 1672 2178 1703 ita

1188 1726 1223 1747 eit
1239 1715 1292 1747 illa
1301 1715 1454 1747 decretali
1465 1714 1590 1753 colligit
1601 1715 1648 1755 Jo.
1662 1714 1758 1746 Andr.
1773 1715 1860 1755 ingl.¹
1874 1724 1899 1746 t.
1920 1725 2019 1756 quem
2039 1714 2173 1757 sequun-

1188 1769 1239 1790 tut
1249 1758 1377 1790 Gemin.
1390 1759 1526 1790 Anchar.
1538 1758 1683 1791 Franc.&
1697 1756 1752 1789 alii
1763 1758 1996 1791 comtnunitera
2010 1780 2013 1785 ι

1232 1801 1404 1833 Decretum
1417 1811 1521 1832 autem
1532 1799 1679 1833 Concilii
1689 1803 1722 1832 in
1733 1810 1800 1841 cap.
1816 1804 1863 1833 18.
1874 1799 1937 1841 (iffi
1957 1812 2004 1842 14.
2026 1801 2103 1834 euin-
2113 1813 2183 1836 non

1187 1844 1285 1877 modo
1293 1855 1364 1876 non
1377 1844 1412 1876 sit
1423 1846 1557 1886 poenale,
1568 1844 1616 1876 sed
1629 1844 1734 1885 potiris
1744 1843 1965 1882 favorabile,iit
1974 1855 2058 1885 patet
2069 1846 2182 1879 exiliis

1188 1888 1290 1920 verbis
1301 1887 1590 1931 proc-mikEa-pedit
1601 1888 1740 1919 maxime
1750 1891 1922 1921 animarum
1932 1887 2191 1927 [alume-iteum»

1187 1932 1301 1972 scripta
1312 1932 1526 1965 declaratione
1537 1929 1694 1971 §.Congu
1705 1931 1806 1963 videri
1818 1942 1857 1972 po
1896 1929 2181 1973 issetcomptehen-

1186 1977 1259 2007 dere
1269 1975 1368 2006 etiam
1382 1974 1566 2015 Dignitares
1577 1975 1688 2006 habitu
1698 1997 1708 2011 ,
1728 1976 1761 2005 &
1772 1974 1842 2006 actu
1851 1996 1861 2011 ‚
1891 1973 2050 2007 ecundi‘im
2061 1975 2181 2007 theori—

1186 2029 1258 2050 cam
1268 2018 1316 2059 Jo.
1328 2018 1427 2050 Andr.
1438 2027 1515 2058 ergo
1526 2017 1640 2049 fortius
1649 2018 1822 2050 dicendum
1832 2017 1875 2049 est
1885 2017 2047 2051 includere
2056 2029 2107 2051 eas
2121 2018 2181 2051 Di-

1187 2062 1327 2102 gnitates
1337 2083 1348 2099 ,
1358 2071 1426 2102 quae
1434 2061 1545 2092 habitu
1557 2060 1684 2093 tantuin
1696 2062 1774 2093 tales
1790 2060 1926 2093 existunt
1941 2084 1948 2093 .
2178 2081 2183 2085 -

1229 2104 1449 2137 confirmatur
1459 2126 1469 2141 ,
1496 2105 1573 2145 quia
1591 2104 1713 2137 etiarnsi
1733 2105 1973 2138 admitteremus
1994 2104 2183 2146 Dignitates

1188 2159 1254 2180 non
1266 2148 1490 2188 comprehendi
1503 2144 1718 2188 appellatione.
1725 2147 1956 2180 parochialium
1967 2171 1976 2183 ,
1996 2151 2033 2181 de
2054 2149 2113 2180 hoc
2123 2159 2169 2181 ta-

1188 2202 1260 2223 men
1270 2190 1331 2223 alia
1340 2191 1424 2224 ratio
1435 2190 1523 2222 reddi
1536 2201 1601 2222 non
1613 2190 1735 2231 posset,
1756 2191 1813 2222 nisi
1825 2191 1900 2231 quia
1909 2192 2045 2232 qualitas
2057 2193 2169 2233 Digni-

1188 2235 1262 2267 tatis
1273 2236 1485 2275 proeponderat
1497 2234 1646 2274 qualitati
1658 2244 1788 2270 curae,ut
1801 2234 1832 2265 in
1845 2234 1860 2265 s
1856 2245 1909 2275 pec
1915 2235 1943 2266 ie
1954 2245 2046 2267 notat
2067 2236 2175 2268 Franc.

1187 2276 1283 2310 in‘dae.
1294 2281 1453 2310 statutum
1461 2301 1469 2308 .
1496 2277 1577 2318 Qiae
1588 2277 1825 2318 :atioprocedit
1837 2277 1967 2319 quidem
1978 2279 2013 2310 in
2022 2277 2178 2318 Dignita-

1188 2332 1230 2357 τε,
1238 2332 1301 2363 que
1311 2321 1353 2353 eli
1365 2321 1437 2353 talis
1448 2321 1568 2356 habitu,
1577 2322 1610 2353 δι
1621 2320 1704 2355 ac'tsu
1717 2321 1767 2353 sed
1777 2320 1874 2353 cessat
1887 2320 1978 2356 inea,
1988 2331 2057 2362 quse
2067 2321 2110 2355 cst
2118 2321 2176 2354 Di-

1190 2365 1295 2405 gnitas
1308 2365 1418 2397 habitu
1431 2362 1557 2396 tantum
1568 2387 1575 2395 .
1590 2362 1727 2404 ide-nque
1735 2364 2050 2404 proculdubiodebet
2064 2365 2186 2404 venire·

1189 2408 1397 2449 appellatione
1406 2407 1597 2439 parochialis
1606 2430 1613 2437 .
1637 2406 1723 2438 Nam
1735 2406 2066 2447 alioquinsequeretiir
2076 2408 2181 2440 absur—

1187 2453 1263 2484 dum
1273 2474 1283 2488 ,
1295 2461 1328 2482 ut
1340 2449 1414 2482 cum
1425 2459 1621 2481 concurrunt
1629 2459 1724 2485 cura,
1734 2451 1766 2481 ὃ(
1776 2450 1916 2491 dignitas
1924 2471 1933 2486 ‚
1943 2452 1975 2481 &
1986 2460 2063 2482 cura
2073 2451 2177 2483 imini-

1188 2505 1242 2527 net
1254 2494 1364 2526 habitu
1374 2516 1384 2530 ‚
1403 2496 1435 2525 δε
1447 2493 1537 2529 a6ku5
1558 2492 1672 2532 pluries
1682 2493 1768 2525 fieret
1779 2492 1842 2524 sola
1853 2491 2002 2533 Dignitas
2013 2493 2122 2525 habitu
2133 2496 2173 2529 ad.

1188 2540 1418 2570 excludendum
1428 2535 1616 2570 concursum
1625 2558 1635 2572 ‚
1643 2535 1737 2577 quam
1748 2546 1823 2567 cura
1834 2535 1995 2574 habitin&
2006 2536 2076 2569 aestu
2086 2538 2123 2569 ad
2135 2537 2175 2570 il-

1189 2583 1256 2614 lum
1271 2581 1487 2613 inducendum
1503 2602 1510 2610 .
1688 2592 1689 2595 ¹
2135 2602 2137 2605 .

1231 2623 1363 2656 Accedit
1376 2623 1555 2659 communis
1576 2622 1611 2654 in
1628 2623 1684 2654 hac
1704 2622 1839 2655 materia
1857 2621 2034 2655 Doc‘torum
2045 2624 2178 2655 conclu-

1190 2668 1232 2699 sio
1243 2691 1252 2703 ,
1262 2666 1347 2708 quod
1358 2665 1484 2707 quoties
1495 2667 1565 2710 jura
1578 2676 1711 2700 uruntur
1723 2666 1825 2710 verbis
1843 2666 2070 2699 denotantibus
2087 2677 2178 2701 exer-.

1188 2711 1490 2750 citium‚numquam
1501 2709 1709 2750 appellatione
1721 2709 1854 2751 alicujus
1865 2709 1910 2741 rei
1921 2709 2007 2742 venit
2020 2709 2049 2742 id
2062 2731 2073 2746 ,
2090 2712 2178 2751 quod

1188 2754 1297 2786 habitu
1309 2751 1434 2784 tanturn
1446 2774 1455 2787 ‚
1473 2754 1506 2784 &
1518 2763 1585 2784 non
1595 2752 1665 2784 aestu
1676 2752 1712 2784 sit
1722 2752 1784 2784 tale
1797 2763 1805 2787 3
1827 2753 1928 2784 &hoc
1951 2755 2048 2784 modo
2068 2763 2176 2793 procer

1187 2800 1268 2829 dunt
1279 2795 1363 2828 dieta
1375 2795 1550 2827 Doctorum
1563 2795 1771 2827 limitandum
1782 2795 2001 2828 illumtexturn
2011 2797 2177 2828 in=e.Lice't-

1188 2843 1216 2872 C
1217 2843 1341 2871 anonae
1350 2837 1518 2871 eleffilibffi.
1530 2836 1568 2870 (ῥ’
1577 2840 1610 2869 in
1619 2850 1643 2870 c.
1655 2840 1705 2870 De
1716 2839 1811 2881 multa
1823 2837 1859 2869 de
1867 2838 1990 2879 praeben.
2000 2839 2172 2872 sec—undum

1188 2883 1374 2924 opinionem
1384 2881 1527 2913 Hostien.
1538 2883 1570 2914 ὃς
1580 2882 1670 2923 Joan.
1685 2881 1782 2913 Andr.
1801 2892 1900 2922 quam
1909 2882 1953 2913 ibi
1964 2881 2120 2921 Docileores
2131 2883 2175 2914 se-

1188 2935 1344 2970 quuntut²
1353 2927 1385 2957 &
1397 2925 1460 2966 post
1472 2925 1656 2957 Butr.tradit
1669 2924 2100 2966 Barbatsons.i7.col.4;lib.i.
2114 2925 2173 2958 Sed

1190 2978 1292 3000 textus
1299 2968 1340 3007 ,iri
1349 2969 1378 3000 d.
1390 2979 1414 3000 c.
1426 2971 1586 3000 statutum
1595 2990 1605 3004 ‚
1625 2969 1701 2999 dum
1719 2967 1838 3000 decidit
1859 2964 2068 3009 appellatione
2080 2968 2173 3000 Paro—

1190 3011 1301 3043 chialis
1313 3022 1378 3043 non
1389 3010 1697 3052 venirerdignitatem
1709 3033 1718 3046 ‚
1737 3011 1839 3042 utitur
1851 3012 1952 3045 verbis
1967 3012 2174 3053 significanti-

1190 3056 1246 3087 bus
1256 3055 1445 3086 exercitium
1457 3077 1467 3090 ‚
1476 3055 1519 3086 ibi
1531 3076 1540 3090 ‚
1556 3053 1732 3094 Assumptis
1740 3053 1782 3085 ad
1793 3064 1898 3085 earum·
1915 3057 2047 3094 regimen
2059 3078 2066 3084 .
2090 3054 2174 3094 Ergo

1190 3109 1227 3129 ea
1245 3097 1406 3138 dispositio
1416 3097 1606 3137 intelligitur
1616 3099 1654 3128 de
1667 3097 1888 3137 Dignitatibus
1899 3098 2007 3130 habitu
2017 3119 2027 3134 ‚
2039 3100 2071 3129 &
2083 3096 2152 3128 astu
2162 3119 2172 3132 ‚

1190 3144 1222 3173 ὃς
1234 3140 1461 3182 consequenter
1471 3151 1538 3181 quae
1559 3139 1627 3171 sunt
1639 3140 1811 3181 dignitates
1830 3140 1941 3173 habitu
1961 3139 2087 3174 tantum
2106 3150 2172 3171 non

1190 3182 1399 3216 includuntur
1406 3183 1614 3223 appellatione
1624 3182 1857 3216 parochialium
1868 3207 1876 3214 .

1233 3227 1330 3267 quue
1340 3226 1442 3258 multo
1453 3226 1553 3267 magis
1564 3226 1606 3266 est
1616 3227 1789 3260 dicendum
1800 3238 1809 3264 ·,
1827 3226 1903 3268 quia
1912 3236 1985 3258 cum
1995 3224 2172 3267 hujusmodi

1191 3269 1335 3302 Ecclesia&
1345 3270 1501 3310 regulares
1512 3291 1522 3304 ,
1540 3279 1608 3310 quae
1618 3270 1703 3310 prius
1714 3271 1867 3303 habebant
1878 3268 2024 3309 Collegia
2033 3290 2044 3304 ,
2068 3270 2101 3300 &
2120 3279 2173 3309 po-

1191 3312 1248 3344 stea
1259 3312 1477 3344 commendari
1486 3312 1504 3342 a
1512 3312 1590 3344 Sede
1601 3313 1780 3353 Apostolica
1797 3321 1960 3353 coeperunt
1970 3333 1980 3348 ‚
1998 3321 2173 3353 numquam

1190 3355 1410 3387 consueverint
1438 3355 1539 3388 redire
1569 3358 1606 3388 ad
1622 3356 1710 3388 suum
1742 3355 1852 3387 starum
1882 3354 2064 3394 primaevum
2082 3377 2092 3391 ,
2114 3365 2171 3386 nec

1191 3398 1375 3439 Collegium
1384 3408 1565 3439 recuperare
1574 3421 1585 3435 ‚
1605 3399 1654 3430 sed
1672 3399 1786 3439 semper
1806 3398 1927 3428 Summi
1945 3396 2116 3430 Pontifices
2126 3407 2171 3428 ta-

1193 3444 1236 3473 les
1248 3442 1396 3474 Ecclesias
1413 3442 1503 3473 semel
1525 3444 1727 3473 comendatas
1745 3441 1883 3472 cessante
1902 3444 2090 3473 commenda
2108 3448 2184 3479 rut-J

1193 3487 1240 3518 sus
1259 3487 1481 3517 commendare
1503 3484 1561 3517 sint
1582 3485 1685 3525 spliti:
1708 3483 1868 3559 seqnitgs’
1888 3494 1921 3515 ut
1939 3484 2125 3557 exerciricum
2138 3481 2172 3514 in

1818 3538 1824 3543 ⁴
1852 3538 1866 3557 C
1913 3538 1929 3558 2
2090 3535 2133 3555 Or-

2204 2117 2243 2149 30
