2397 3664
189 506 211 533 6

187 1411 207 1440 7

189 2049 209 2079 8

291 93 392 143 4⁵²

231 164 359 194 videtur
374 160 590 195 manifestum,
609 155 795 199 primoquii
810 154 966 193 [ingenius
980 154 1032 183 IV.
1052 152 1084 182 in
1102 151 1221 184 Conci-

233 206 313 238 eilio
325 206 510 237 florentino
522 204 553 235 in
562 204 690 233 decreto
702 198 773 229 fidi-i
785 208 839 238 pro
851 197 1054 227 instructione
1069 197 1220 226 Armeno-

242 259 310 280 rum
323 251 375 280 loc.
391 252 440 280 cit.
461 247 540 278 dicit
553 243 720 275 Pontifices
733 241 760 271 id
774 250 886 270 munus
900 238 1088 279 l'rezbyteris
1098 238 1223 269 conces-

235 291 304 323 fir‘se
316 302 351 323 cx
375 288 555 322 rationabili
569 310 576 321 ,
597 282 886 325 &urgenticaulm
915 281 1037 313 ledlioec
1057 281 1143 312 nulla
1161 281 1224 312 alia

236 345 325 370 erat,
346 334 402 364 nili
416 334 487 367 illa,
508 334 617 369 <lenita
639 328 778 368 loquitur
800 326 830 356 S.
844 324 1043 360 Ambrosius,
1063 327 1095 355 ὅ(
1114 327 1221 355 decre—

236 378 283 408 vit
295 377 465 416 Gregorius
480 385 488 409 ⁴,
502 373 637 404 absentia
646 371 768 402 scilicet
779 391 788 405 ‚
800 371 830 399 ὃ(
844 368 974 408 penuria
984 367 1218 414 Epistworrun,

233 422 266 451 ὰ
277 420 339 450 liaec
353 419 473 449 vidi-tur
487 415 599 447 sulell‘e
611 416 643 446 in
654 413 727 445 casii
737 412 841 443 nollro
852 434 859 442 .
882 411 964 451 Ergo
984 412 1015 442 ὀί
1026 413 1117 442 caula
1128 420 1223 441 ratio-

232 462 364 496 nihilis,
384 463 413 491 ἃ·
429 469 539 498 urgens
551 482 558 489 .
962 496 967 501 .
1093 495 1099 501 ⁶
1152 495 1157 500 ⁴

274 502 523 534 Deindecmsna
544 500 687 540 Principe
710 499 742 530 in
760 499 846 538 lege,
869 498 916 528 vel
937 496 1219 535 dispensationibus

231 545 513 585 etprcll‘acensctur
532 543 753 577 rationabilis,
776 541 831 573 nisi
853 539 1078 572 sumanifestus
1097 549 1184 570 error
1206 560 1216 574 ‚

230 599 263 619 ur
276 599 361 619 tenet
374 587 476 627 cajet.
490 586 616 618 taiadi·
627 585 804 623 indulg.q.2.
815 584 871 614 Sed
884 583 1057 624 Gregoriim
1068 580 1139 629 ind·
1152 590 1215 621 cap.

229 633 377 664 Pervenit
388 654 396 665 ,
418 642 457 661 oo
470 631 564 661 solani
577 629 748 665 absentiam
760 628 979 668 Episcoporum
991 628 1152 662 commisit
1161 624 1217 654 liu—

227 674 360 718 jusmodi
372 684 485 704 inuiius
495 671 683 715 Presbyteffis
695 694 704 707 ,
726 681 826 711 neque
837 669 1024 701 catholicus
1046 669 1160 709 aliquis
1170 667 1217 699 di-

229 727 278 749 cct
292 718 380 748 illum
390 716 498 748 errasse
513 729 518 745 :
531 726 608 755 ergo
620 717 680 746 liaec
693 715 782 745 causa
795 712 834 744 est
847 712 1045 744 rationabilis
1055 734 1062 742 .
1166 749 1170 753 1

271 759 529 790 l’rrctereffipastor
548 769 672 790 tenetur
694 758 812 797 pascere
822 767 914 792 oves,
937 758 967 787 ὀί
980 752 1156 788 ministrare.
1166 752 1211 784 eia

228 801 431 833 Sacramenta
443 802 531 842 perse
544 805 587 833 vel
602 812 652 842 per
665 801 812 831 idoneum
827 797 1007 829 Minilltum
1019 820 1028 832 ,
1040 807 1072 828 ut
1083 797 1115 827 in
1127 795 1214 827 Con-

230 845 308 876 cilio
319 845 512 876 Tridentino
523 856 548 875 c.
566 842 663 883 Lfiff·
678 853 726 881 23.
747 843 805 873 Sed
817 852 889 872 oves
904 841 988 872 illius
1001 840 1142 872 Abbatii:
1163 850 1215 870 ca-

227 898 298 920 rent
309 888 457 920 Ministro
475 885 757 919 Conni-marionis:
783 884 881 924 igitur
900 884 1003 914 Pallor
1024 892 1151 915 tenetur
1169 883 1215 914 eis

228 933 392 971 providete
403 931 503 963 detali
516 929 658 962 ministro
669 952 677 960 .
699 928 736 960 Et
748 930 810 959 lirec
822 927 905 958 ratio
915 936 1004 967 urget
1015 950 1023 957 .
1033 926 1114 966 Ergo
1125 929 1216 958 datur

231 985 345 1011 urgens
357 975 446 1005 causa
457 997 464 1004 .

270 1009 416 1057 Denique
438 1017 507 1047 satis
528 1024 661 1055 urgem,
690 1016 722 1045 ὃ(
745 1013 946 1045 rationabilis
965 1012 1058 1044 causa
1075 1011 1117 1043 est
1137 1012 1212 1048 illa,

226 1062 354 1100 quando
374 1060 491 1099 aliquid
513 1059 566 1094 fit,
601 1069 639 1088 ne
661 1057 731 1097 quis
751 1057 910 1096 privetur,
940 1057 987 1087 vel
1009 1055 1212 1087 defraudetur

227 1103 334 1142 aliquo
354 1103 438 1134 bono
459 1102 511 1133 sibi
531 1101 698 1135 concesso,
729 1099 866 1131 maxime
887 1099 1040 1139 spirituali
1061 1109 1073 1134 ;
1109 1098 1157 1130 sed
1180 1098 1215 1129 in

225 1144 431 1176 Sacramento
456 1144 722 1176 Conni-mationis
739 1142 928 1175 conceditur
957 1142 1130 1173 maximum
1159 1141 1214 1172 bo-

230 1198 324 1224 num3
349 1188 382 1218 in
401 1198 439 1218 eo
460 1188 545 1219 enirn
566 1197 599 1218 ut
615 1186 665 1218 liic
686 1196 790 1226 patet,
811 1188 844 1217 &
864 1186 897 1216 in
916 1184 1070 1217 Concilio
1092 1185 1215 1216 Floren-

225 1231 295 1262 tino
314 1232 406 1262 datur
422 1230 557 1271 Spiritus
567 1230 687 1261 sanetus
699 1231 734 1260 ad
748 1231 862 1264 robur,
884 1229 961 1260 sicut
978 1229 1119 1260 datiisell
1132 1228 1215 1267 Apo-

227 1273 312 1305 stolis
334 1274 367 1305 in
385 1274 435 1305 die
458 1274 671 1305 Venter-oues.
692 1271 770 1314 Qio
783 1282 873 1304 tanto
885 1272 991 1308 bono,
1012 1270 1078 1303 imo
1095 1270 1219 1302 summo

228 1317 314 1348 bono
325 1317 355 1348 lii
367 1317 484 1357 privari
499 1328 563 1348 non
574 1318 689 1348 debent
700 1339 709 1353 ‚
730 1315 882 1356 praecipue
895 1325 1036 1356 petentes
1046 1337 1056 1351 ,
1076 1316 1108 1346 &
1119 1315 1218 1346 recla-

226 1369 346 1391 mantes
363 1383 372 1390 .

269 1402 367 1443 Qiod
381 1401 402 1434 st
423 1404 481 1435 lioc
503 1403 660 1439 suaviori,
681 1400 936 1434 &commodiori
955 1400 1062 1433 medio
1076 1400 1145 1432 fieri
1166 1402 1220 1432 de—

225 1445 277 1477 bet
289 1467 298 1482 ,
317 1445 391 1478 cum
403 1446 548 1487 Episcopi
559 1447 774 1488 titularesjam
787 1446 837 1476 vix
852 1444 1046 1484 reperiantur
1058 1467 1068 1480 ,
1089 1446 1123 1476 ὃς
1141 1444 1220 1475 dice-

224 1488 331 1521 cesani
339 1491 377 1520 ad
387 1489 476 1521 istam
485 1490 532 1521 Ab
538 1489 656 1521 batiain
666 1490 815 1521 accedere
826 1489 951 1524 nolint,
973 1489 1005 1520 &
1024 1487 1139 1519 subditi
1149 1497 1215 1518 non

224 1540 394 1564 teneantur
405 1542 478 1564 cuin
491 1541 583 1564 tanto
593 1533 699 1564 labore
709 1555 719 1569 ,
730 1533 763 1563 &
773 1531 935 1572 dispendio
945 1542 997 1572 pei·
1009 1532 1127 1563 alienas
1136 1530 1214 1561 dioe-

225 1574 307 1607 ceses
320 1575 360 1606 fic
371 1575 519 1607 distantes
531 1575 744 1615 peregrinari,
762 1585 936 1615 quaeientes
955 1575 1012 1615 qui
1023 1584 1134 1615 pueros
1145 1573 1213 1605 suos

223 1617 434 1654 confirinent3
456 1619 577 1649 nullum
587 1619 726 1650 medium
740 1617 839 1650 videri
850 1618 949 1659 potest
959 1618 1101 1653 suavius,
1118 1617 1214 1657 quani

227 1659 250 1691 si
262 1661 321 1692 lioc
333 1671 448 1692 munus
458 1661 679 1692 committatur
690 1661 807 1693 Abbati
818 1683 828 1697 ,
849 1661 902 1692 cui
911 1660 954 1692 est
965 1660 1129 1692 comi-aiffa
1137 1669 1214 1693 cura

223 1703 400 1735 animatum
412 1703 499 1735 istius
510 1704 662 1740 Abbatiae,
672 1704 728 1745 qui
739 1704 855 1744 semper
865 1704 987 1739 residet,
1000 1707 1032 1736 &
1044 1704 1154 1744 vigilat
1165 1702 1212 1733 su—

223 1756 276 1787 per
286 1756 361 1778 oves
369 1745 436 1778 fuas
446 1770 454 1778 .
476 1746 602 1778 Deinde
613 1747 689 1787 quia
700 1747 740 1778 sic
751 1757 818 1778 nori
838 1747 1054 1779 committitur
1072 1747 1132 1778 hoc
1142 1756 1212 1777 mu—

223 1799 281 1819 nus
291 1789 422 1829 simplici
432 1789 607 1825 Sacerdoti,
618 1790 665 1821 sed
677 1790 795 1821 Abbati
806 1790 921 1830 insigni
932 1792 1070 1830 amplum
1081 1789 1211 1822 habenti

222 1832 441 1869 territorium,
457 1832 751 1875 &jurisdictionem
764 1833 995 1874 Episcopalein,
1016 1835 1071 1874 qui
1092 1833 1192 1864 Μία-ιι
1204 1855 1213 1867 ,

221 1873 340 1907 Baculo
350 1877 402 1913 ,ὅς
413 1877 484 1908 aliis
495 1876 732 1908 Pontificalibus
743 1877 845 1908 utitur
859 1877 1002 1917 insigniis
1012 1900 1021 1913 ,
1032 1878 1216 1908 solemnem-

221 1927 284 1957 que
294 1921 348 1951 dat
359 1919 614 1951 benedictionem
625 1942 635 1956 ,
645 1922 678 1951 &
688 1919 730 1951 est
740 1921 756 1950 τὶ
766 1918 919 1952 Consiliis
931 1919 1029 1961 Regia
1040 1918 1214 1954 Catholici,

222 1960 302 1994 ficut
314 1960 457 2003 Episcopi
470 1962 555 1995 illius
568 1962 673 2003 Regni
687 1986 695 1994 .
713 1963 789 1994 Haec
799 1963 869 1994 sunt
879 1974 946 2004 quae
958 1975 1013 2004 pro
1027 1964 1147 1995 Abbate
1159 1965 1213 1993 ad—

224 2005 384 2037 ducuntur
395 2028 404 2036 .

271 2046 431 2080 Caeteri‘im
449 2045 525 2080 cuin
548 2058 595 2080 res
618 2048 654 2080 sit
678 2047 767 2080 valde
790 2050 994 2089 exemplaris,
1026 2051 1151 2083 videtui·
1172 2059 1223 2083 ac—

225 2089 336 2122 curate
345 2090 627 2128 considerandum,
651 2102 691 2123 an
702 2093 761 2124 lioc
781 2094 853 2125 casu
866 2093 1008 2134 jnspesta
1027 2094 1175 2127 instantia
1194 2097 1211 2126 :i

225 2133 379 2169 viciniori
388 2133 515 2166 dioeceli
526 2156 535 2171 ‚
556 2135 589 2165 &
601 2135 670 2171 aliis
680 2134 755 2166 facti
775 2136 1020 2168 circumstantiis
1031 2160 1040 2174 ‚
1062 2138 1133 2169 vere
1143 2138 1210 2169 sub-

229 2175 267 2209 sit
291 2176 325 2208 in
346 2176 409 2208 illis
428 2177 568 2218 partibus
586 2177 657 2209 talis
680 2178 845 2210 neceffitas
863 2201 872 2214 ,
893 2181 934 2210 ob
949 2190 1044 2220 quam
1066 2181 1211 2221 praedista

225 2219 359 2251 facultas
371 2219 405 2251 sit
416 2222 620 2251 concedenda
632 2220 774 2252 inferiori
788 2221 917 2253 l‘raelaio
927 2235 936 2252 .·
960 2222 1034 2254 ci'im
1046 2225 1213 2263 praesertim

225 2263 365 2295 Abbates
376 2285 385 2298 ,
416 2273 450 2294 ut
480 2262 664 2304 proponitur
682 2285 693 2300 ,
721 2264 1026 2305 quadringentorum
1056 2277 1212 2299 annorum

227 2305 326 2346 spatio
346 2307 598 2338 convocaverint
621 2306 787 2347 Episcopus
808 2309 845 2339 ad
867 2308 1106 2341 Sacramentum
1125 2309 1213 2342 Con-

228 2348 419 2381 firmationis
438 2349 739 2381 administrandum.
762 2349 861 2392 Qiod
875 2352 937 2392 jure
950 2352 994 2383 eis
1007 2353 1116 2383 licuit:
1140 2364 1214 2384 narn

228 2392 323 2424 Sacra
334 2391 554 2432 congregatio
574 2391 798 2424 Cardinalium
815 2392 962 2426 Concilii
975 2394 1216 2427 Tridentiniln-

608 72 775 139 Prosp.
801 68 841 124 F
844 85 1021 135 agnan.
1041 64 1410 126 in÷1³riinumLi
1417 67 1554 123 hrum
1585 63 1852 123 Decretai·

1260 160 1428 191 terpreruin
1440 148 1546 189 scepiiis
1556 147 1728 180 declaravit
1739 170 1749 184 ,
1760 147 1926 181 inferiores
1939 147 2103 188 Ptoelatos.
2112 154 2168 194 qni
2179 154 2251 188 nul-

1263 196 1321 226 lius
1340 192 1481 224 dioecesis
1501 192 1593 227 sunt,
1613 191 1792 232 habentque
1813 191 2065 232 jurisdictionem
2087 194 2251 236 Episcopa-

1264 239 1344 272 lem,
1364 236 1443 276 poise
1463 243 1642 266 convocare
1660 244 1756 274 quem
1766 234 1937 267 maluerint
1955 234 2162 271 catholicum
2186 241 2249 272 An-

1264 280 1393 311 tistitein
1413 288 1469 318 pro
1487 276 1630 310 ministra
1655 278 1697 309 do
1717 277 1927 310 sacramento
1946 277 2156 314 Clu-ismatit.

1301 321 1396 353 Porro
1417 319 1490 352 etim
1510 320 1592 352 olim
1606 329 1626 360 q
1651 319 1770 353 aisitiun
1780 319 1893 358 fuerit,
1914 332 1953 353 an
1977 321 2163 357 Concilium
2180 324 2255 358 Tri·
2275 335 2296 363 9

1258 365 1426 397 <lentinum
1432 362 1498 404 [eff.
1510 372 1539 400 7.
1550 365 1588 395 de
1597 361 1844 404 Confirm.can.3.
1855 362 2002 405 &Jefit.5.
2011 374 2079 406 cap.
2091 374 2118 402 ς,
2136 367 2249 405 obstet,

1258 407 1438 449 quominus
1450 406 1582 438 facultas
1594 403 1792 439 ministrandi
1810 406 2053 440 Sacramentum
2070 407 2249 443 Confirma.

1260 450 1358 482 tionis
1368 449 1512 482 concessa
1522 449 1539 481 a
1548 448 1635 481 Sede<
1644 448 1823 490 Apostolica
1834 461 1907 483 ante
1919 449 2109 484 Concilium
2131 451 2250 486 Abbaii

1260 492 1412 533 regulari,
1434 503 1518 524 nunc
1539 492 1765 528 confirmetur,
1787 495 1959 526 accedente
1981 494 2148 534 pracsertim
2169 506 2248 527 con-

1258 534 1541 568 sensuOrdinarii.
1565 534 1628 567 Die
1641 546 1666 576 3.
1682 535 1795 567 Martii
1811 545 1901 575 1575.
1921 536 2145 579 congregatio
2156 548 2247 577 gene-

1259 579 1332 610 ralis
1343 578 1464 610 censuit
1487 578 1599 619 Papam
1618 579 1698 619 polle
1718 579 1748 610 id
1764 581 1939 612 concedere
1960 580 1981 613 si
2000 582 2095 613 velit.
2119 581 2170 613 An
2192 592 2245 613 au-

1257 632 1321 654 tem
1333 622 1466 658 debeat,
1486 623 1532 653 vel
1560 621 1725 663 expediat,
1746 620 1796 655 sex
1815 622 2023 661 cardinales,
2044 624 2110 655 solo
2130 624 2244 656 diffen-

1242 666 1358 697 'tiente
1369 666 1497 696 Alciato
1508 674 1520 701 ς·
1538 664 1726 697 censuerunt
1739 675 1804 696 non
1815 666 1928 698 debete
1938 689 1948 703 .
1972 678 2073 708 neque
2084 667 2229 707 expedire
2238 690 2248 704 ,

1252 708 1324 740 cum
1339 709 1425 739 nulla
1437 708 1602 740 necessitas
1615 707 1716 740 subsit.
1730 708 1899 741 Praesertim
1909 707 1984 741 cum
1997 710 2028 741 in
2043 711 2105 742 illis
2114 710 2254 752 regioni-

1256 749 1730 793 biisiiiiimulgiliei-etici,'qiii
1752 753 1886 784 credunt
1907 752 2078 793 simplicem
2099 753 2250 785 Sacerdo-

1256 804 1320 826 tem
1330 794 1410 834 posse
1423 793 1598 825 ministrare
1610 793 1755 827 Clirisma
1768 817 1778 830 ‚
1801 795 1878 826 sicut
1903 795 2087 835 Episcopus.
2110 796 2149 828 Et
2161 797 2181 828 si
2202 797 2248 828 vi-

1255 838 1359 869 derint
1369 838 1524 869 Abbatem
1536 837 1566 868 id
1580 837 1682 868 facere
1694 859 1704 873 ,
1725 838 1753 869 se
1764 837 2000 870 confirmabunt
2011 838 2044 869 in
2058 838 2113 870 ista
2123 839 2224 872 lioerefi
2239 862 2248 876 ‚

1255 891 1350 921 quam
1361 880 1549 912 Concilium
1573 879 1804 912 Tridentinum
1824 881 1989 913 damnavit
2003 906 2010 912 .
2031 881 2082 912 An
2101 891 2206 914 autem
2227 883 2248 919 si

1257 924 1337 964 Pipa
1347 925 1535 955 concederet
1547 945 1556 959 ,
1579 923 1738 954 videretur
1760 923 1862 955 facere
1881 933 1996 956 contra
2015 922 2203 956 Concilium
2215 924 2246 956 d.

1255 978 1320 998 cari.
1334 976 1363 1007 3.
1385 976 1446 997 tret
1469 965 1657 998 Cardinales
1671 966 1863 997 censuerunt
1875 966 1983 1008 aliquo
1993 969 2090 998 modo
2101 968 2160 999 esse
2172 978 2250 1000 con-

1255 1020 1305 1041 tra
1322 1009 1531 1045 Concilium,
1558 1011 1644 1051 quod
1674 1010 1742 1042 vult
1762 1009 1951 1051 Episcopum
1970 1010 2029 1042 effe
2048 1010 2248 1048 ordinarium

1253 1053 1431 1085 ministrum
1454 1078 1461 1084 .
1496 1053 1559 1085 Alii
1587 1062 1724 1092 quatuor
1745 1052 1939 1087 Cardinales
1967 1053 2158 1090 censuerunt
2184 1065 2252 1086 non

1255 1097 1314 1128 else
1336 1107 1449 1127 contra
1469 1095 1676 1132 Concilium,
1698 1099 1781 1136 quod
1794 1096 1914 1128 decidit
1931 1097 2131 1129 ordinarium
2150 1097 2248 1129 mini-

1256 1140 1350 1171 lirum
1360 1139 1418 1171 esse
1431 1139 1617 1180 Episcopum
1626 1149 1728 1175 ,extra
1736 1139 1937 1173 ordinarium
1957 1151 2063 1172 autem
2074 1151 2146 1173 enni
2156 1163 2166 1177 ‚
2190 1140 2245 1173 cui

1255 1183 1336 1223 Pipa
1355 1186 1563 1215 concederet.
1586 1183 1622 1214 Et
1636 1184 1678 1213 ita
1694 1181 1828 1216 Covarr.
1848 1182 1919 1215 libr.
1934 1194 1960 1215 1.
1981 1186 2105 1215 variar.
2126 1184 2245 1224 resolut.

1258 1235 1323 1266 clip.
1341 1237 1508 1257 10.71umer.
1530 1237 1559 1265 4.
1587 1225 1803 1257 Referendum
1822 1236 1932 1259 tamen
1952 1226 2171 1263 Sanstiffimm
2192 1227 2249 1267 qui

1259 1270 1340 1300 dixit
1359 1270 1530 1302 videndum
1550 1280 1589 1301 an
1615 1269 1855 1302 Praedecesl'ores
1876 1269 1922 1302 sui
1939 1270 2156 1302 restrinxerint
2178 1269 2248 1302 istas

1261 1312 1427 1344 facultates
1439 1336 1446 1344 .
1970 1341 1972 1343 .

1300 1358 1346 1387 Ad
1359 1357 1420 1387 haec
1440 1356 1598 1396 proposito
1614 1356 1714 1388 dubio
1732 1367 1773 1388 an
1793 1357 1898 1389 Abbas
1919 1355 2112 1391 cassinensis
2131 1356 2248 1389 liabens

1259 1409 1294 1430 ex
1310 1399 1477 1439 privilegio
1490 1398 1693 1440 Apostolico,
1716 1410 1749 1432 ut
1760 1400 1852 1440 pomi
1870 1400 1999 1436 omnia,
2020 1410 2089 1441 quae
2108 1398 2245 1439 spe-stant

1259 1445 1296 1473 ad
1318 1441 1503 1482 Episcopum
1515 1465 1525 1479 ‚
1542 1453 1686 1474 exercere
1698 1465 1708 1479 ‚
1726 1453 1933 1484 praeterquam
1950 1443 2098 1476 Clii'isma
2107 1443 2246 1474 confice-

1256 1495 1288 1516 re
1300 1507 1309 1520 ,
1321 1487 1352 1516 &
1366 1485 1468 1516 sacros
1479 1485 1617 1518 Ordines
1627 1486 1772 1517 conferre
1782 1509 1791 1523 ,
1803 1487 1899 1527 posset
1910 1486 2153 1519 Sacramentum
2162 1484 2249 1517 Con-

1255 1528 1445 1560 firmationis
1457 1530 1690 1560 administrare:
1710 1529 1796 1561 Sacr.
1809 1529 2032 1570 Congregatio
2043 1529 2167 1561 censuit
2185 1539 2251 1561 non

1254 1572 1336 1612 porse
1354 1593 1364 1607 ,
1384 1571 1458 1603 cum
1480 1583 1538 1609 ea,
1561 1583 1628 1612 qua?
1649 1572 1718 1604 sunt
1746 1571 1881 1604 Ordinis
1901 1573 2063 1613 requirant
2083 1572 2249 1613 specialem

1254 1614 1475 1651 mentionem,
1496 1626 1529 1646 ut
1542 1616 1762 1657 intelligantur
1780 1615 1986 1648 inferioribus
2009 1615 2147 1648 Praelatis
2163 1626 2242 1648 con-

1254 1658 1352 1693 cessa,
1373 1667 1407 1689 ut
1418 1658 1452 1689 in
1462 1656 1539 1699 cons.
1554 1670 1600 1696 19·
1616 1659 1750 1692 Antonii
1761 1662 1799 1691 de
1810 1659 1922 1691 Burrio
1933 1682 1941 1690 .
1963 1659 2003 1691 Et
2021 1660 2168 1701 quamvis
2189 1669 2242 1691 ex-

1253 1701 1358 1741 ceptio
1368 1701 1471 1732 firmet
1482 1705 1623 1742 regulam
1634 1703 1667 1734 in
1677 1703 1876 1734 contrarium
1886 1702 1918 1734 in
1932 1714 1998 1734 non
2009 1703 2162 1744 exceptis,
2172 1712 2246 1743 prze-

1253 1744 1360 1776 strrim
1372 1744 1392 1775 si
1403 1745 1489 1776 casus
1499 1747 1620 1786 excepti
1632 1747 1690 1777 sint
1702 1746 1826 1785 speciali
1838 1756 1916 1778 nota
1926 1746 2030 1787 digni,
2041 1748 2073 1778 <Sc
2085 1746 2247 1785 excipian-

1255 1797 1306 1818 tur
1315 1787 1454 1820 taxative
1466 1811 1475 1824 ,
1488 1798 1521 1819 ut
1534 1800 1624 1820 norat
1638 1789 1715 1820 Dec.
1726 1791 1759 1820 in
1768 1789 1789 1820 l.
1807 1799 1831 1820 1.
1843 1801 1890 1820 nu.
1903 1799 1951 1828 30.
1966 1794 2013 1830 35.
2025 1788 2150 1829 fyson.
2159 1786 2247 1831 ffiDc

1257 1832 1351 1869 regul.
1366 1831 1420 1865 iur.
1443 1842 1509 1863 non
1529 1842 1634 1864 tamen
1648 1832 1776 1873 ampliat
1788 1832 1855 1874 ejus
1872 1842 2019 1864 naturam
2030 1855 2041 1869 ,
2059 1843 2094 1864 ut
2104 1842 2249 1873 compre-

1257 1876 1373 1906 hendat
1385 1886 1421 1906 ea
1433 1897 1442 1911 ,
1458 1885 1526 1915 quae
1537 1875 1607 1907 sunt
1627 1875 1702 1907 :ilias
1722 1875 1895 1912 reservata,
1915 1877 1947 1907 ὃς
1958 1878 1996 1908 de
2008 1876 2122 1917 quibus
2140 1875 2184 1906 est
2203 1874 2246 1906 fa-

1256 1918 1369 1949 cienda
1379 1918 1504 1950 mentio
1513 1919 1654 1959 specialis
1665 1941 1674 1955 ,
1695 1928 1787 1959 proiit
1799 1922 1838 1949 de
1849 1919 2002 1950 facultate
2013 1918 2226 1950 confirmandi
2237 1941 2246 1949 .

1253 1959 1340 1992 Cum
1359 1961 1527 2001 praesertim
1545 1962 1730 2003 dispensatio
1740 1962 1832 2002 hujus
1852 1962 1939 1993 casus
1959 1962 2096 1994 concedi
2108 1971 2175 1994 non
2194 1963 2247 1993 de-

1254 2005 1344 2041 beat,
1355 2004 1413 2036 nifi
1425 2015 1460 2036 ex
1470 2005 1563 2037 causa
1574 2007 1745 2037 admodum
1756 2007 1905 2044 urgenti,
1923 2015 1957 2037 ut
1970 2005 2131 2045 engenius
2143 2004 2247 2038 voluit

1259 2051 1291 2080 in
1308 2047 1459 2087 ‘przedidla
1477 2048 1684 2080 instructione
1702 2050 1915 2080 Armenorum
1927 2072 1935 2080 .
1955 2047 2052 2081 Unde
2072 2058 2249 2089 numquam

1257 2091 1364 2128 venit,
1384 2091 1443 2123 nisi
1461 2091 1601 2132 expresse
1613 2094 1830 2128 concedatur,
1854 2092 1893 2124 ¹&
1912 2092 2005 2124 causa
2021 2091 2216 2133 exprimatur
2236 2114 2244 2121 .

1253 2135 1401 2167 Petrei-ea
1418 2136 1592 2175 Gregorius
1611 2137 1644 2166 in
1652 2135 1726 2168 dib}-
1746 2144 1813 2177 cap.
1831 2137 2000 2171 Pervenit,
2021 2135 2165 2176 loquitur
2185 2134 2247 2167 dis-

1254 2179 1414 2220 pensative
1427 2179 1481 2210 ubi
1493 2178 1635 2219 Episcopi
1646 2178 1756 2212 defurit
1766 2200 1778 2215 ‚
1796 2180 1830 2210 &
1849 2188 1974 2220 propter
1983 2178 2166 2210 scandalum
2177 2199 2187 2213 ,
2209 2186 2245 2210 ut

1254 2222 1304 2253 liic
1317 2231 1408 2253 notat
1417 2222 1503 2262 gloss.
1514 2225 1547 2253 in
1558 2233 1622 2253 ver.
1635 2224 1744 2255 Hanc,
1766 2220 1806 2254 Et
1816 2221 1862 2254 ita
1871 2221 2030 2262 respondit
2041 2221 2138 2253 Sacra
2155 2219 2246 2252 Con-

1254 2266 1419 2305 greeatim
1438 2265 1490 2296 die
1504 2268 1550 2296 18.
1564 2265 1678 2296 Martii
1692 2272 1781 2303 1574.
1801 2263 2020 2299 Sanfflffimus
2037 2273 2146 2296 tamen
2167 2273 2244 2294 con-

1253 2309 1340 2340 cessit
1352 2309 1413 2340 tale
1426 2308 1627 2348 privilegium
1639 2317 1712 2339 ante
1721 2305 1912 2339 Concilium
1922 2306 2072 2343 habenti,
2093 2316 2128 2338 ut
2145 2306 2240 2347 possit

1253 2351 1399 2383 conferre
1409 2353 1447 2381 de
1458 2350 1697 2383 Sacramentum
1707 2349 1975 2383 Confirmationis
1984 2372 1995 2388 ‚
2010 2352 2049 2381 de
2060 2349 2193 2382 licentia
2203 2358 2248 2381 ta-

1254 2406 1328 2426 men
1339 2393 1523 2425 Ordinarii.

409 2553 527 2608 DE
579 2552 1016 2613 SACRAME
1044 2556 1249 2612 NTIS
1306 2555 1491 2612 NON
1544 2556 2063 2615 ITERANDIS.

786 2673 1012 2737 Gregorius
1038 2669 1119 2725 IX.
1148 2671 1472 2739 Archiepiscopo
1502 2673 1696 2727 London.
2024 2639 2026 2641 ·

861 2781 1380 2839 CAPUT

1524 2783 1642 2841 111.

236 2909 480 2995 PResbyter
492 2938 506 2958 ι,
527 2914 565 2952 &
579 2914 773 2955 Diaconus
783 2914 868 2954 ci'im
881 2915 1126 2962 ordinantur,
1153 2930 1282 2961 maniis
1296 2920 1570 2971 impositionem
1583 2925 1690 2964 tadi-u
1699 2924 1888 2972 corporali
1901 2927 1919 2972 (
1925 2928 2000 2965 ritu
2015 2926 2069 2966 'ab
2080 2926 2240 2975 Aposto-

324 2957 368 2997 lis
402 2961 636 3006 introducto)
660 2967 864 3011 recipiuiit‚·
887 2965 988 3014 quod

1005 2963 1029 3003 fi
1047 2963 1219 3004 omissum
1244 2965 1358 3011 fuerit
1371 2995 1383 3014 ³
1409 2984 1484 3009 non
1504 2971 1557 3011 est
1568 2972 1805 3022 aliquatenus
1835 2974 2045 3015 iterandum
2057 3000 2071 3021 ³
2097 2973 2158 3015 sed
2170 2977 2239 3017 sta-

236 3019 321 3045 tuto
340 3019 506 3062 tempore
520 3009 566 3048 ad
589 3010 795 3056 hujusmodi
819 3014 968 3052 ordines
991 3013 1238 3053 conferendos
1269 3019 1378 3060 caute
1397 3016 1663 3067 supplendum,
1699 3021 1800 3071 quod
1820 3035 1886 3069 per
1914 3036 2080 3063 errorem
2106 3028 2237 3066 extitit

235 3053 531 3101 praeterinilsum.
557 3058 745 3106 Siispeiisio
769 3075 897 3102 autem
928 3075 1107 3102 manuum
1118 3062 1227 3103 debet
1247 3066 1350 3115 fieri,
1374 3066 1462 3108 cum
1485 3072 1612 3110 oratio
1637 3069 1743 3118 super
1766 3083 1879 3118 caput
1907 3068 2111 3116 effunditur
2137 3073 2236 3114 ordi-

237 3102 368 3142 nandi.

2037 3525 2063 3553 a<
2083 3521 2115 3553 U
2135 3524 2186 3553 fif.

2275 1367 2312 1390 10

2274 1539 2307 1562 11
