2397 3664
63 1495 107 1526 40

73 3141 111 3172 41

648 0 734 28 HC
753 0 814 29 HS
827 0 937 43 (ΙΙ-[εὖ
954 0 981 26 V
991 0 1004 24 Ι
1020 0 1272 26 [HGbk-“UD
1282 0 1363 27 ΚΑΙ
1375 0 1421 25 Ul
1434 0 1590 26 muuu
1604 7 1616 20 ⁰

129 58 292 104 audiatur,
313 60 376 93 ἀι.
407 61 512 102 Atque
529 62 574 94 ita
595 62 768 94 similitudo
789 74 820 94 in
842 72 880 94 eo
900 61 1060 95 consulit>
1081 69 1114 91 ut

127 102 321 141 pi‘olrisiosit
342 104 448 140 nulla,
469 115 526 137 nec
546 108 724 138 curandum
741 117 780 138 an
801 106 930 137 iiiillitas
941 102 1117 136 sitduratu-

127 153 161 174 ia
177 167 185 179 ‚
209 157 307 178 necne
319 171 326 178 .

170 187 240 228 Qui
259 189 436 223 intellectus
466 188 580 223 clarius
609 192 776 224 deducitur
800 202 835 224 ex
860 190 1117 231 subsequentibus

128 231 399 277 verbis-Concilii
418 256 428 270 ,
447 235 579 272 velitque
609 234 744 266 habitum
761 235 919 266 dimittere
940 243 1118 272 quacumque

124 270 259 314 &cansa
274 298 284 312 ,
303 287 372 317 qua·
390 275 533 309 cumiint
555 278 761 314 universali-i,
781 279 813 310 &
835 288 905 319 apta
915 275 1117 316 coinprelien-

130 318 202 349 dere
215 319 319 350 causas
331 320 487 352 nullitaiis
499 321 595 352 eiiam
608 331 759 362 perpetua.-
771 343 780 357 ,
802 331 856 353 aut
875 321 1039 353 declarant
1048 329 1118 359 prce-

127 362 297 408 ccdcntia‚
320 363 408 394 itaut
430 363 484 394 illa
507 365 617 400 verbi,
638 374 692 395 aut
709 364 779 402 qnid
795 365 916 408 simile.
946 365 1117 403 procedant

126 412 162 433 ex
181 414 293 443 quavis
320 405 411 437 causa
430 407 552 438 oriatur
575 408 704 438 nullitas
723 406 939 448 professionis:
961 416 1012 438 aut
1030 405 1117 437 certe

127 446 278 486 ampliant
293 470 301 483 ,
316 458 348 479 ιιι
367 448 501 480 habeant
521 451 668 482 locuinin
678 460 878 491 quacumque
890 449 1036 481 nullitate
1059 448 1117 479 siic

123 487 160 518 fit
184 490 384 531 temporalis,
410 491 469 524 live
487 503 632 533 perpetua
653 516 660 524 .
693 492 972 530 Quemadmodum
999 491 1118 527 dictio,

123 532 239 579 Astur,
253 535 404 579 *quamvis
416 535 567 567 referatur
579 538 615 567 ad
631 536 744 568 similia
755 536 879 569 tantum
890 559 899 571 ,
919 545 1025 567 tamen
1037 536 1117 575 adje-

122 573 317 608 &dictioni
330 577 514 614 universali,
537 581 727 616 quicumque,
751 579 886 612 refertur
905 580 1001 609 etiam
1018 580 1115 609 adca-

122 617 169 649 sus
178 617 341 665 dissimiles
354 621 526 653 secundum
535 623 622 661 glou}
637 622 669 653 in
681 621 784 655 Clein.
802 632 825 653 ι.
837 624 869 653 in
890 632 954 652 ver.
968 622 1092 664 Quivis
1107 643 1117 656 ,

116 662 199 706 ‘dere
210 661 272 699 lud.
284 664 314 694 &
326 663 369 694 ibi
384 663 471 694 liiiol.
484 669 564 695 ›iu-8.
577 664 707 696 Samen.
718 668 820 703 inrcg.
831 666 867 696 dc
880 666 986 697 Τνέιίι.
1003 675 1076 705 (μμ.
1090 666 1116 697 ξ.

123 704 264 746 Τληᾴεγη
276 727 285 740 ,
311 705 455 738 Mandos.
467 708 500 738 ἰη
511 718 571 738 ren.
581 718 590 740 1
599 720 626 739 z.
639 714 702 746 ‹1-61.
712 712 822 740 num-8.
833 710 865 740 Sc
877 708 1009 740 Covarr.
1020 707 1117 749 Ρηιὲἶ.

122 746 214 785 quest.
225 757 311 788 capa.
320 757 346 786 5.
359 760 472 790 ›nimq-

167 790 204 822 iit
224 792 369 832 quamvis
388 792 529 827 Sandiez
549 793 585 825 dc
595 797 730 826 maerim.
742 794 794 826 lib.
810 805 839 833 7.
851 794 888 826 dc
898 793 1119 835 impe-Adanu-

124 841 181 864 tat.
205 844 254 874 37.
286 846 398 866 numer.
422 846 470 877 32.
493 836 623 870 affirmet
643 839 737 870 verba
758 839 813 870 illa
835 861 845 874 ‚
874 847 1054 876 quacumque
1083 836 1119 866 de

121 876 234 924 causa,
254 879 292 910 de
320 879 435 920 quibus
451 882 485 911 in
505 878 577 911 dit‘l.
598 891 662 922 cap.
687 892 733 918 19.
753 881 812 914 esse
842 881 1059 921 restringenda
1081 881 1118 910 ad

122 927 267 961 perlonas
289 922 406 953 habiles
427 933 462 954 ex
488 923 631 956 theorica
653 924 710 965 Jas.
730 927 763 955 in
783 925 805 957 Ι.
818 936 849 957 2.
869 928 895 961 §.
916 927 1049 958 Praeter,
1069 934 1117 952 nu-

123 974 198 994 mer.
223 975 248 1005 3.
266 960 303 1005 ff
331 966 396 1008 Qui
418 964 573 1005 satisdar.
596 966 732 1008 Ideoque
765 978 831 999 non
855 967 1119 1007 comprehendere

124 1007 274 1039 habentes
304 1007 566 1048 impedimentum
596 1020 779 1051 perpetuum
802 1024 809 1041 z
832 1021 938 1042 tamen
959 1009 1089 1051 „fallitur
1109 1031 1119 1044 ,

118 1050 195 1091 quia
213 1051 244 1082 id
266 1054 471 1092 procederet,
492 1051 511 1082 si
532 1052 785 1090 Conciliuiii‚ut
801 1054 860 1094 ipse
874 1062 982 1094 putat,
1003 1063 1055 1093 per
1078 1053 1119 1083 la-

127 1095 212 1134 psum
234 1093 450 1135 quinquennii
471 1093 633 1128 induceret
665 1107 779 1129 novam
802 1096 1022 1138 professionein
1040 1118 1049 1132 ,
1082 1097 1118 1127 ad

123 1148 218 1178 quam
236 1137 407 1179 requiritur
424 1138 591 1175 habilitas,
611 1142 685 1171 utin
709 1149 774 1181 cap.
793 1144 839 1171 16.
859 1140 904 1171 ibi
924 1151 931 1170 ε
955 1149 1021 1177 quos
1034 1137 1120 1171 hahi-

125 1182 168 1212 lcs
187 1183 362 1212 invenerant
383 1179 426 1212 ad
444 1179 642 1223 profeffioncm
671 1183 863 1219 admittant,
876 1182 993 1224 Jcffion.
1015 1191 1064 1221 25.
1084 1181 1120 1213 de

122 1225 215 1263 regul.
249 1225 291 1257 At
312 1223 368 1264 qui
393 1224 454 1256 lioc
485 1236 553 1257 non
582 1225 660 1258 facit
686 1225 875 1258 Concilium
907 1236 942 1258 ex
964 1225 1121 1260 sententia

123 1269 209 1300 Sacr.
240 1267 515 1308 Congi-egationis
545 1291 555 1306 ‚
585 1269 634 1301 sed
656 1271 781 1301 tantum
798 1269 999 1311 ¹audientiam
1028 1272 1120 1300 dene-

125 1322 179 1354 gat
198 1333 208 1347 ,
239 1313 275 1343 ad
305 1313 390 1351 quod
420 1312 510 1343 nulla
529 1312 677 1344 habilitas
699 1312 869 1353 requiritur
892 1336 899 1344 .
934 1312 1032 1344 Unde
1055 1322 1121 1344 ver-

123 1356 182 1392 ba,
203 1364 384 1393 quacumque
410 1354 447 1386 de
467 1354 558 1395 causa
578 1378 588 1392 ‚
619 1355 803 1395 accipienda
823 1356 893 1387 sunt
917 1356 951 1387 in
973 1356 1028 1387 suo
1049 1365 1119 1396 pro-

124 1399 193 1440 prio
216 1398 391 1439 fignificatu
412 1420 422 1434 ,
443 1408 476 1430 ut
501 1398 586 1430 casus
608 1401 704 1430 etiam
727 1400 891 1431 dissimiles
913 1400 1117 1440 comprehen-

125 1444 223 1474 dant.

168 1484 339 1517 Fra-sertim
371 1483 446 1520 vero
462 1486 538 1526 quia
558 1484 631 1517 cum
661 1486 823 1519 nullitates
846 1487 1032 1527 temporales
1054 1484 1119 1518 fere

125 1539 192 1561 non
210 1531 422 1564 reducantur,
443 1528 499 1560 nisi
521 1531 556 1560 ad
580 1529 785 1570 professiones
802 1531 924 1562 emissas
945 1540 996 1571 per
1017 1530 1084 1561 vim
1108 1552 1118 1566 ‚

123 1574 158 1605 &
180 1582 319 1608 metum,
342 1582 415 1604 ante
437 1572 614 1613 legitimam
633 1584 778 1609 aetateiii,
798 1577 830 1605 δε
852 1584 917 1605 non
931 1575 1055 1613 expleto
1067 1584 1122 1605 ari-

129 1626 175 1648 no
199 1617 397 1656 probationis
415 1637 426 1651 ‚
447 1616 532 1648 certe
554 1616 574 1647 si
594 1615 781 1648 Concilium
803 1618 858 1649 lios
886 1616 1013 1649 tantuin
1034 1617 1120 1648 casus

125 1659 426 1699 coinpreliendilset‚
450 1658 513 1691 fere
536 1659 613 1691 niliil
638 1659 755 1692 fecill‘et
779 1683 788 1696 ,
818 1662 851 1692 ὃ(
873 1671 981 1702 parum
1003 1660 1122 1700 prospe—

126 1703 216 1734 xilset
249 1701 458 1742 Religionum
489 1704 717 1743 tranquillitati
739 1716 745 1734 z
777 1714 851 1736 nam
880 1703 1026 1744 professio
1048 1713 1120 1735 ante

131 1756 256 1777 :etatem
287 1746 413 1781 emissa,
435 1747 483 1777 vel
504 1755 578 1778 ante
607 1757 727 1778 annum
747 1747 944 1787 probationis
965 1749 1123 1787 expletum

132 1799 185 1830 per
205 1790 399 1820 delationem
411 1790 557 1821 annalem
581 1789 704 1821 habitus
723 1790 896 1822 indistinc‘ti
909 1813 918 1826 ‚
940 1792 987 1822 vel
1009 1800 1060 1830 per
1077 1789 1123 1821 su-

131 1833 325 1873 sceptionem
343 1832 467 1864 habitus
488 1832 690 1873 professorum
719 1832 783 1874 post
804 1834 977 1874 legitimam
999 1843 1122 1864 :etatem

129 1886 166 1907 ex
186 1875 386 1915 dispositione
419 1875 577 1908 sacrorum
598 1875 770 1908 Canonum
789 1879 852 1920 jain
872 1876 1055 1910 censebatur
1074 1886 1123 1907 ra-

128 1919 246 1951 tificari
274 1918 513 1959 pi·.rsuiiiptione
533 1919 609 1960 juris
633 1942 643 1956 ,
664 1921 697 1951 &
717 1922 755 1952 de
777 1920 865 1961 jure,
885 1930 918 1951 ut
939 1922 1068 1951 tradunt
1090 1920 1123 1950 in

130 1972 197 2003 cap.
213 1972 239 1993 i.
259 1962 296 1994 de
314 1973 374 2001 reg.
386 1964 419 1993 in
440 1967 469 1994 6.
490 1962 580 2002 Joan.
603 1962 741 1994 Momm
762 1975 826 1995 ver.
837 1962 1040 2003 praefizmitur,
1061 1963 1123 1994 Ge-

127 2016 206 2041 min.
241 2007 374 2036 Anchat.
405 2007 437 2037 &
477 2005 530 2036 alii
559 2007 773 2037 communiter
794 2029 802 2037 .
833 2005 997 2046 Qiiniino
1026 2008 1122 2037 etiam

128 2060 180 2090 pei·
203 2059 266 2080 vim
280 2050 312 2080 in
331 2048 475 2089 legitima
493 2058 583 2080 a’tate
599 2049 785 2089 religionem
807 2049 932 2089 ingrclli
954 2049 1055 2089 elapso
1070 2059 1123 2080 an-

130 2103 177 2124 no
196 2091 457 2132 praesumebantur
490 2091 586 2123 tacite
608 2091 750 2132 professi,
772 2103 805 2124 ut
825 2093 867 2123 est
885 2103 988 2125 textus
1007 2095 1039 2124 in
1058 2102 1122 2132 cap.

132 2147 162 2168 2.
178 2137 253 2168 §.Si
263 2147 352 2172 vero,
373 2137 406 2167 ὅ(
427 2135 472 2167 ibi
482 2135 592 2166 dixiin
613 2147 642 2166 2.
659 2135 757 2168 notab.
778 2146 857 2167 num.
871 2140 917 2167 18.
931 2141 967 2168 0*
993 2146 1039 2168 ιφ.
1061 2135 1123 2175 poli

130 2179 219 2220 glols.
235 2177 336 2220 fin.&
357 2179 524 2210 Innocent.
543 2189 656 2210 numer.
672 2189 699 2213 ι,
716 2178 817 2221 infra,
842 2177 880 2210 de
899 2179 1027 2216 regular.
1047 2189 1124 2219 qua-

130 2224 368 2263 propterquoad
390 2233 442 2254 eos
454 2232 581 2254 tantum
592 2233 698 2262 parum
709 2221 867 2263 profuisset
882 2222 1018 2262 procris-io
1028 2222 1121 2262 quin-

129 2265 282 2307 quennii',
303 2264 377 2297 cum
396 2265 458 2307 jam
470 2276 522 2306 per
545 2264 694 2297 canones
716 2266 937 2306 praefixuseffet
967 2265 1121 2297 terminus

130 2308 225 2340 unius
245 2309 341 2344 antii,
362 2309 426 2348 post
446 2318 540 2349 quem
558 2309 713 2340 audiendi
729 2320 794 2340 non
814 2319 903 2341 erant
927 2309 1015 2348 gloll'.
1038 2318 1123 2340 com-

130 2351 270 2384 muniter
289 2352 457 2391 approbata
467 2353 500 2382 in
518 2353 655 2392 cap.Ex
665 2362 769 2392 parte,
792 2355 824 2383 in
838 2364 898 2384 ver.
922 2354 982 2383 Per
993 2362 1123 2387 annum,

131 2393 169 2426 de
178 2405 238 2433 reg.
251 2395 283 2425 δι
303 2395 337 2426 ιιι
356 2394 500 2426 Clem.2.
520 2397 553 2424 in
564 2393 617 2434 fin.
630 2394 728 2426 eodem
748 2396 831 2426 titul.
843 2394 1047 2435 Consequens
1068 2395 1125 2434 igi-

133 2448 184 2472 tur
195 2439 254 2475 est,
281 2447 315 2468 ut
334 2436 495 2478 dispositio
520 2436 667 2469 Concilii
693 2448 732 2470 ne
753 2438 816 2470 fere
841 2438 963 2469 inutilis
984 2437 1126 2470 videatur

133 2495 187 2525 pei·
205 2483 260 2514 illa
280 2481 392 2516 verba,
412 2489 466 2511 aut
484 2479 556 2517 quid
568 2480 673 2521 fimile
691 2503 701 2517 ,
723 2480 759 2513 (ῥ’
777 2491 961 2519 quacumque
982 2480 1018 2512 de
1036 2482 1125 2521 confit

133 2537 265 2559 omnem
284 2523 415 2564 speciem
448 2522 604 2554 nullitatis
637 2525 881 2564 comprehendat
901 2547 908 2555 .
930 2525 977 2555 Ac
997 2526 1125 2555 demum

131 2570 234 2610 magis
253 2570 270 2599 a
296 2567 450 2600 Concilio
462 2566 690 2598 succurendum
711 2566 771 2599 fuit
792 2567 862 2602 liis,
883 2567 939 2608 qui
968 2566 1125 2608 professio-

133 2624 209 2645 nem
228 2612 371 2643 fecerunt
392 2620 444 2650 per
468 2610 550 2644 vim,
573 2610 860 2649 &metum,quam
882 2610 1125 2642 succurrendum

135 2657 208 2689 esset
230 2655 293 2691 liis,
315 2654 370 2694 qui
397 2653 485 2684 illam
503 2652 671 2684 emiserunt
693 2663 725 2683 in
747 2653 827 2685 locis
843 2663 909 2683 non
928 2653 1095 2693 designatis
1114 2675 1124 2689 ‚

131 2700 206 2732 cum
227 2698 277 2730 illi
296 2697 374 2728 niliil
396 2695 616 2737 peccaverint,
638 2697 670 2727 ὃς
690 2695 785 2727 inviti
807 2695 1026 2736 professionem
1047 2696 1124 2727 emi-

133 2743 248 2775 serint:
271 2738 391 2771 bivero
403 2739 544 2771 volentes
555 2760 564 2775 ,
585 2740 618 2770 &
629 2748 743 2770 contra
764 2739 841 2779 legis
853 2739 1102 2780 prohibicionem
1114 2761 1123 2775 ‚

134 2788 167 2818 ὃ(
179 2795 287 2817 tamen
302 2781 424 2824 profeffi
437 2793 488 2823 per
500 2782 563 2812 vim
575 2804 585 2817 ,
607 2783 638 2813 &
649 2791 768 2817 metum
788 2782 889 2823 elapso
898 2781 1125 2823 quinquennio

134 2828 153 2862 ςὶ
170 2826 426 2869 dieprofeffionis
437 2835 502 2857 non
513 2825 581 2856 sunt
593 2825 760 2861 audiendi,
783 2825 841 2857 nisi
854 2824 938 2857 infra
947 2826 1125 2865 quinquen-

135 2872 226 2904 nium
236 2869 478 2903 reclamaverint
489 2891 499 2904 ,
519 2868 639 2900 etiamsi
650 2870 843 2909 praetendant
857 2868 920 2899 vim
931 2890 942 2903 ,
962 2871 993 2900 δέ
1006 2877 1125 2899 metum

136 2916 253 2955 semper
262 2913 380 2945 durasse
390 2934 402 2949 ,
423 2922 456 2943 ut
468 2910 546 2942 olim
558 2911 695 2942 articulo
706 2910 953 2952 sepitis-discusso
963 2911 1119 2951 respondit

137 2955 434 2996 Sac.Congregatio
452 2953 615 2990 Concilii,
637 2954 725 2994 cujus
744 2954 935 2986 sententiam
953 2953 1125 2994 Gregorius

136 3001 224 3033 XIII.
238 3003 274 3031 ad
287 3000 314 3031 se
325 3000 455 3030 relatam
467 2997 665 3037 approbavit:
679 2997 762 3038 Ergo
774 2997 868 3037 longe
880 2998 984 3028 minus
995 2996 1124 3029 audien-

136 3043 271 3079 disunt,
294 3043 350 3083 qui
369 3051 481 3073 contra
501 3039 635 3071 formam
655 3042 855 3072 decretorum
864 3039 1042 3073 Clementis
1054 3050 1124 3080 prof

137 3087 301 3119 sessionem
310 3085 477 3117 emiserunt
489 3107 497 3115 .

177 3128 290 3168 Neque
301 3128 399 3159 obstat
419 3128 585 3160 absurdum
601 3128 638 3158 de
658 3126 729 3157 viro
739 3126 871 3167 professo
891 3124 1126 3158 inmonasterio

141 3172 338 3206 Monialium
363 3182 370 3200 :
401 3171 602 3210 respondetur
629 3171 714 3201 enim
733 3180 769 3201 ex
789 3181 828 3201 eo
850 3169 921 3200 casu
944 3169 1123 3200 nullitatem

140 3213 337 3257 profeffionis
348 3214 428 3253 posse
439 3212 659 3244 deducietiam
682 3213 744 3252 post
760 3211 1038 3254 quinquennium3
1058 3222 1124 3242 non

139 3255 299 3299 propterea
318 3258 402 3297 quod
423 3256 683 3296 impedimentum
708 3256 741 3286 sit
755 3265 954 3296 perpetuum:
978 3254 1026 3286 sed
1048 3254 1122 3295 quia

141 3299 355 3333 estnotorium
373 3298 689 3338 fastiperinanent153
710 3301 794 3339 quod
816 3309 852 3330 ex
878 3308 1015 3338 tempore
1035 3308 1123 3337 appa—

140 3355 207 3376 rere
226 3342 323 3383 potest
341 3364 351 3378 ,
380 3342 513 3382 ideoque
546 3343 630 3373 nulla
650 3351 720 3381 eget
742 3342 928 3381 probatione
948 3363 958 3376 ,
992 3339 1123 3372 Carditi.

141 3386 216 3428 confi
230 3384 416 3424 56.ver.Sed
435 3384 476 3416 ad
487 3383 537 3416 hoc
538 3384 649 3425 statam
661 3407 670 3420 ‚
694 3389 722 3416 *x
736 3394 810 3418 cum
820 3384 1006 3418 Concilium
1017 3384 1123 3426 jubeat

224 3426 328 3471 Prosp-
348 3430 484 3468 Fagmm.
494 3430 527 3460 in
536 3430 562 3471 I·
574 3426 645 3462 Lib.
655 3428 811 3469 Decretal.

1997 0 2022 18 ⁰
2039 0 2094 34 ΙῚ

1154 65 1259 90 caulas
1286 60 1406 89 nulium
1419 69 1442 87 is.
1459 59 1495 88 dc
1512 78 1526 84 ,.
1542 66 1571 87 ci
1585 65 1691 87 cot-im
1711 55 1884 98 superiore,
1902 54 1937 87 δε
1955 53 2149 89 Omani-io,

1156 111 1250 141 atque
1274 101 1319 132 ita
1341 100 1478 140 requirat
1501 103 1645 131 ordinem
1668 99 1799 136 'udicii,
1821 94 2018 132 manifestum
2031 98 2150 128 crinon

1159 145 1270 176 liabere
1293 144 1397 175 locum
1422 143 1452 174 in
1475 142 1604 174 notorio
1623 142 1694 173 faci
1717 142 1950 181 permanentis,
1972 151 2046 182 puta
2063 140 2148 180 quod

1154 187 1224 228 quis
1243 197 1309 218 non
1329 186 1438 219 habeat
1459 188 1590 220 oculos,
1613 195 1647 217 ut
1667 186 1875 226 exemplificat
1896 184 2028 217 Paul.dc
2047 181 2147 215 Castr.

1155 233 1187 261 m
1206 231 1227 262 l.
1243 241 1327 261 cives
1347 251 1355 264 ‚
1387 231 1423 261 C.
1441 227 1477 260 de
1495 229 1640 269 appellat.
1662 239 1738 260 tunc
1762 230 1847 260 enirn
1869 239 1932 260 non
1952 229 2044 259 debet
2066 226 2148 270 jucli-

1156 273 1243 304 cium
1265 273 1330 305 fieti
1346 294 1355 308 ,
1374 282 1430 303 nec
1449 271 1537 304 restes
1558 271 1677 311 recipi,
1699 271 1901 305 aiitcausaein
1923 271 2077 311 judicium
2096 271 2147 302 dc-

1155 316 1251 352 duci,
1275 315 1407 347 Didi-ad.
1420 313 1497 354 confi
1512 325 1578 354 ¹95-
1591 313 1668 353 vers.
1679 315 1720 346 ad
1728 318 1856 355 primum
1868 337 1877 351 ‚
1897 313 1994 348 Card.
2004 313 2033 345 d.
2045 314 2144 354 consil.

1158 368 1262 398 59.mi.
1272 364 1302 390 6.
1317 360 1353 390 δ’
1365 368 1393 395 7.
1405 360 1436 388 3<
1451 359 1529 389 Abb.
1549 359 1644 395 ausim
1661 358 1755 399 ajuaesl.
1767 362 1859 398 incip.
1874 359 1981 389 Titius
1997 357 2102 389 colum.
2116 368 2144 387 2.

1155 401 1233 442 verfi
1244 401 1305 433 Sed
1326 400 1467 438 numquid
1478 424 1486 437 ,
1508 411 1579 433 nam
1593 411 1626 433 ut
1646 401 1749 441 inquit
1762 402 1845 432 Bald.
1856 400 1930 439 cons.
1946 410 2015 442 379.
2025 410 2104 431 num.
2115 403 2145 431 6.

1154 444 1206 476 lili.
1224 455 1249 476 ι.
1269 445 1367 486 Qiod
1390 445 1500 475 oculus
1520 444 1620 479 vidit,
1643 455 1737 476 nemo
1758 444 1895 476 faciliter
1908 454 2022 482 negat,
2042 445 2137 474 &ex-

1155 488 1306 519 trinsecus
1318 511 1326 523 ‚
1346 490 1429 529 quod
1442 487 1669 527 patetcxpi‘else
1683 488 1799 519 nonest
1812 489 1941 528 probare
1962 487 2097 519 necesse.
2119 486 2142 517 l.

1153 534 1190 563 Si·
1209 533 1395 572 irruptione,
1419 534 1444 567 ς.
1472 529 1527 561 Ad
1538 530 1683 570 officium,
1701 528 1734 571 ff.
1755 530 1842 570 final.
1863 530 1983 569 regund.
2005 530 2141 570 [denque

1155 584 1230 605 tunc
1244 574 1347 606 Partes
1359 574 1478 614 Jiidicis
1490 574 1557 605 i‘uiit
1572 573 1697 606 tantum
1710 574 1741 605 in
1752 576 1936 614 exequendo
1946 597 1955 610 ‚
1976 573 2143 613 Lap.alleg.

1156 627 1204 657 37.
1214 629 1242 648 n.
1253 627 1278 656 3.
1294 617 1368 657 vers.
1382 619 1456 647 Item
1467 628 1506 647 ex
1517 628 1568 654 quo
1579 638 1588 652 ,
1600 615 1950 657 Bald.0·07¹fi502.num.3.
1962 615 2041 655 vcrſs
2057 616 2145 647 Nam

1154 663 1188 691 ιή
1197 662 1323 691 notoriis
1333 683 1343 696 ,
1363 658 1446 698 lih.5.
1460 663 1491 691 ὅ(
1503 658 1682 691 Canonistae
1693 661 1725 691 in
1734 659 1866 701 c.Vestra
1879 682 1888 697 ‚
1909 671 1942 692 ιιι
1954 659 2043 700 plene
2055 658 2143 690 Butr-

1154 702 1190 734 de
1199 700 1301 734 colmb.
1313 704 1394 735 Cler.
1409 709 1445 734 (ψ’
1454 705 1585 735 Mulier.

2172 148 2211 179 42

1197 745 1345 779 Praeterea
1355 756 1390 778 ex
1403 746 1467 777 alio
1485 746 1588 787 capite
1599 756 1638 777 eo
1655 745 1726 777 casu
1740 756 1805 778 non
1815 745 1948 777 obstaret
1958 745 2138 786 quinquen-
2160 753 2199 784 43

1155 789 1245 821 nium
1263 788 1425 823 Concilii,
1447 789 1556 829 nempe
1586 799 1709 829 propter
1729 789 1902 829 periculum
1933 789 2090 824 scandali,
2110 790 2144 820 ὃς

1155 833 1298 873 peccati,
1318 844 1390 864 cum
1402 832 1589 864 Concilium
1613 832 1865 872 itainterpretati
1879 833 2008 866 debeat,
2030 842 2143 864 utnon

1156 875 1189 907 iit
1212 876 1333 916 peccati
1355 876 1545 908 nutritivum
1558 898 1567 911 ,
1590 884 1653 915 cap.
1675 877 1748 906 Erit
1766 884 1865 906 autem
1877 876 1929 906 lex
1942 897 1950 910 ‚
1971 872 2102 913 dastma.
2115 885 2146 914 4.

1155 929 1227 950 nam
1240 929 1272 950 ut
1285 919 1399 958 legitur
1409 931 1441 950 ιη
1451 918 1702 959 c‹ip.Co›1suctudo
1714 941 1723 954 ,
1750 918 1908 958 ndisiinfl.
1923 918 1984 950 Lex
1996 917 2036 948 est
2047 928 2142 949 omne

1153 964 1238 1003 quod
1253 962 1377 994 ratione
1386 961 1506 995 constat
1518 964 1622 1002 ,quod
1638 961 1801 1003 Religioni
1814 962 1986 997 convenit,
2001 961 2085 1002 quod
2098 961 2144 992 di-

1156 1005 1292 1046 sciplina:
1302 1015 1472 1045 congruit,
1494 1008 1579 1047 quod
1593 1005 1684 1037 saluti
1697 1005 1822 1045 proficit
1835 1028 1842 1035 .

1197 1047 1417 1091 Qiamobrem
1434 1058 1470 1080 ex
1491 1059 1530 1080 eo
1550 1048 1621 1080 casu
1643 1048 1824 1087 particulari
1848 1058 1911 1080 non
1935 1047 2009 1080 licet
2031 1045 2146 1078 inferre

1156 1095 1192 1123 :id
1207 1092 1468 1133 impedimentum
1481 1091 1640 1124 nullitatis
1661 1090 1858 1131 professionis
1880 1091 1911 1122 in
1924 1091 1996 1122 loco
2008 1100 2073 1123 non
2095 1091 2147 1121 de-

1157 1134 1297 1176 signato,
1319 1145 1385 1166 tuin
1397 1136 1473 1175 quia
1491 1135 1639 1175 negativa
1651 1134 1704 1165 illa
1717 1134 1842 1175 probari
1853 1135 1944 1165 debet
1955 1134 1972 1164 a
1992 1132 2123 1174 profeiso
2135 1155 2146 1169 ,

1155 1179 1255 1219 quiin
1275 1189 1312 1210 ea
1322 1178 1350 1210 se
1372 1178 1502 1214 fundat,
1525 1179 1545 1208 l.
1560 1179 1624 1208 Hoc
1634 1177 1718 1215 jure,
1739 1176 1864 1209 &Lim
1879 1176 2067 1217 stipulatus,
2091 1175 2145 1207 ubi

1156 1222 1327 1254 scribentes
1346 1243 1356 1257 ,
1386 1220 1422 1252 de
1451 1217 1532 1252 verb.
1556 1219 1680 1258 obligat.
1699 1222 1731 1252 &
1753 1220 1786 1251 in
1808 1221 1854 1251 liis
1875 1220 2019 1252 terminis
2049 1219 2146 1253 tradit

1155 1265 1242 1305 gloff.
1262 1264 1311 1296 hic
1327 1266 1360 1295 in
1381 1275 1444 1296 ver.
1469 1265 1542 1295 Non
1562 1266 1690 1299 timore,
1710 1274 1807 1304 quam
1830 1262 1982 1295 Doctores
2003 1273 2148 1294 commu-

1156 1309 1240 1344 niter
1251 1307 1426 1348 recipiunt·
1451 1318 1506 1339 nec
1519 1306 1750 1348 probaripotest
1771 1307 1860 1338 illico
1881 1317 1933 1347 per
1949 1306 2147 1338 evidentiam

1157 1351 1251 1387 fasti,
1274 1351 1342 1383 imo
1356 1351 1591 1382 vidimu'itosin
1614 1361 1650 1385 ea
1667 1350 1833 1390 probtione
1847 1349 2056 1380 succubuisse:
2078 1358 2148 1381 tuin

1156 1395 1301 1436 quiahoc
1311 1393 1383 1425 casu
1393 1404 1458 1425 non
1472 1394 1555 1434 viget
1567 1394 1644 1424 illud
1654 1393 1774 1432 peccati
1783 1414 1792 1428 ,
1814 1403 1866 1424 aut
1878 1392 2014 1428 scandali
2026 1391 2146 1432 pericu-

1157 1440 1242 1474 lum,
1264 1439 1348 1479 quod
1361 1437 1579 1468 consideratur
1591 1436 1703 1468 inviro
1716 1436 1799 1467 inter
1810 1435 1970 1467 Moniales
1990 1434 2123 1475 professo
2135 1456 2148 1470 ‚

1158 1482 1238 1514 utin
1257 1483 1385 1513 decreto
1397 1489 1426 1520 7.
1448 1479 1567 1523 Synodi
1588 1487 1654 1521 cap.
1677 1480 1770 1513 20.&
1789 1477 1937 1512 Concilii
1950 1478 2107 1519 Hispalen.
2120 1489 2148 1510 2.

1157 1535 1225 1567 cap.
1244 1535 1291 1557 11.

1199 1568 1258 1600 Sed
1290 1567 1415 1610 urgebis
1433 1591 1443 1605 ,
1478 1578 1555 1609 ergo
1584 1569 1702 1601 ducens
1729 1566 1890 1610 originem
1920 1570 1937 1600 a
1967 1567 2148 1610 parentibus

1157 1611 1346 1648 Haereticis,
1369 1613 1415 1643 vel
1435 1613 1565 1652 Judatis,
1585 1612 1641 1653 qui
1661 1623 1724 1644 non
1745 1613 1859 1644 liabent
1882 1612 2147 1651 impedimentum

1157 1656 1321 1688 notorium
1341 1655 1416 1687 faeti
1433 1655 1645 1696 permanentis
1661 1677 1671 1691 ,
1695 1656 1854 1687 tenebitur
1875 1655 1988 1696 semper
2007 1655 2146 1695 perseve-

1158 1710 1225 1731 rare
1247 1699 1280 1730 in
1301 1698 1497 1730 Monasterio
1526 1709 1592 1731 non
1611 1698 1805 1730 obstantibus
1825 1698 1946 1730 statutis
1976 1698 2148 1730 nonnulla-

1158 1753 1227 1774 rum
1255 1741 1471 1782 Religionum
1500 1742 1518 1773 ὰ
1545 1742 1623 1774 Sede
1645 1740 2046 1783 Apostolica'confitrnatis
2079 1752 2148 1782 pro-

1159 1785 1322 1818 temonem
1333 1785 1552 1821 irritantibus,
1572 1795 1665 1826 atque
1683 1784 1727 1817 ita
1737 1785 1992 1826 quinquennium
2007 1784 2039 1816 in
2062 1784 2149 1816 favo-

1158 1840 1224 1861 rem
1254 1828 1436 1869 Religionis
1467 1828 1631 1860 indudhim
1660 1828 1693 1860 in
1721 1829 1787 1871 ejus
1814 1829 1924 1860 odium
1953 1828 2148 1869 retorquebi-

1159 1883 1230 1908 tur·,
1252 1882 1364 1903 contra
1381 1871 1403 1903 l.
1415 1870 1502 1915 Qod
1517 1872 1646 1913 fizvore,
1666 1870 1740 1904 Cod.
1750 1869 1786 1903 de
1794 1871 1849 1911 leg.
1860 1870 1897 1904 ό·
1912 1870 2105 1916 regul-Quod
2114 1873 2148 1902 in

1155 1926 1293 1955 gratiam
1306 1938 1314 1946 .

1204 1960 1246 1990 At
1267 1958 1469 1999 respondetur
1491 1957 1522 1989 id
1542 1968 1608 1989 non
1628 1959 1688 1990 effe
1708 1958 1958 1995 inconveniens,
1979 1958 2054 1998 quia
2072 1957 2148 1989 cum

1160 2003 1218 2033 lioc
1231 2001 1491 2041 impedimentum
1502 2001 1592 2042 poffit
1603 2002 1661 2035 effe
1673 2001 1793 2036 falsum,
1803 2004 1834 2033 ὃς
1846 2001 2066 2035 incontinenti
2078 2011 2147 2042 pro-

1160 2045 1226 2077 bari
1238 2056 1303 2076 non
1323 2044 1413 2084 poffit
1431 2055 1482 2084 per
1502 2044 1697 2076 evidentiam
1713 2044 1784 2076 mebi
1797 2067 1812 2080 ,,
1829 2046 1861 2077 δε
1883 2045 2148 2085 infraquinquen-

1160 2089 1248 2120 nium
1260 2088 1426 2129 probatum
1445 2097 1511 2119 non
1531 2087 1624 2118 fuerit
1646 2099 1652 2118 :
1675 2087 1730 2119 stat
1753 2088 1949 2128 praesumptio
1968 2099 2022 2128 pro
2033 2087 2148 2119 habili-

1160 2141 1224 2163 tate
1255 2131 1408 2170 ρει-(ουκ,
1429 2132 1461 2162 &
1481 2130 1626 2171 professio
1646 2131 1678 2161 in
1699 2130 1768 2162 foto
1791 2140 1921 2164 externo
1942 2131 2083 2162 censetur
2100 2140 2149 2162 va·

1161 2175 1243 2210 lida,
1264 2174 1338 2205 ci'im
1358 2175 1423 2215 ejus
1443 2173 1578 2208 nullitas
1595 2184 1635 2204 eo
1652 2174 1790 2205 termino
1809 2174 1912 2214 elapso
1933 2174 2059 2213 probari
2079 2184 2145 2205 non

1160 2218 1250 2258 possit
1263 2240 1270 2248 .
1292 2217 1474 2258 Aliquando
1483 2216 1572 2249 enim
1583 2215 1755 2257 Regulares
1765 2217 2049 2249 comminiscuntur
2060 2217 2122 2248 liaee
2135 2239 2145 2252 ‚

1161 2262 1209 2293 vel
1238 2261 1351 2292 similia
1382 2260 1607 2300 impedimenta
1629 2281 1638 2294 ,
1669 2269 1702 2291 ut
1722 2260 1833 2301 jugum
1852 2259 2035 2300 Religionis
2058 2270 2149 2291 excu-

1161 2305 1243 2336 tiant
1255 2316 1262 2335 :
1282 2305 1548 2344 quemadmodum
1559 2302 1697 2342 contigit
1708 2302 1915 2342 superioribus
1926 2303 2015 2334 annis
2027 2303 2060 2334 in
2070 2313 2147 2343 quo—

1160 2350 1234 2379 dam
1252 2346 1405 2388 Regulari
1424 2345 1594 2382 Lusitano,
1615 2346 1671 2386 qui
1690 2356 1797 2377 coram
1818 2344 1997 2377 Colleclzore
2016 2346 2149 2388 jndicia-

1162 2391 1235 2422 liter
1245 2390 1373 2422 deduxit
1385 2389 1413 2421 se
1436 2388 1581 2429 legitime
1595 2387 1759 2428 professum
1772 2389 1925 2424 nonede,
1946 2399 1983 2419 eo
1994 2392 2078 2429 quod
2089 2392 2141 2421 de-

1161 2434 1347 2465 scendereta}⁴
1366 2432 1621 2473 progenitoribus
1640 2431 1800 2467 Hebraeis3
1824 2431 1922 2473 Qiod
1944 2441 2017 2462 cum
2029 2432 2146 2471 persen:

1163 2478 1264 2509 siffent
1284 2475 1514 2516 consanguinei
1530 2477 1707 2506 docuerunt
1718 2475 1751 2506 id
1769 2475 1827 2506 effe
1839 2475 1947 2506 falsum
1960 2496 1969 2510 ,
1991 2476 2023 2506 &
2045 2475 2145 2506 confi-

1161 2521 1246 2552 ctum
1258 2519 1382 2553 abillo,
1403 2529 1437 2550 ut
1448 2519 1541 2558 poiset
1558 2520 1594 2549 ad
1607 2518 1751 2549 saeculiun
1771 2518 1889 2549 redire.
1915 2518 2023 2558 Itaque
2034 2518 2146 2557 cogni-

1161 2563 1249 2597 tarci
1261 2563 1392 2595 veritate
1402 2560 1517 2603 rejecta
1536 2561 1576 2592 est
1589 2560 1742 2601 Religion
1763 2561 1993 2601 imprudentia.
2019 2561 2095 2593 Non
2104 2561 2146 2593 est

1161 2608 1260 2647 igitur
1270 2606 1433 2637 absurdum
1443 2627 1452 2641 ,
1474 2614 1508 2636 ut
1518 2603 1574 2646 qui
1585 2604 1707 2635 tamdiu
1718 2605 1819 2636 tacuit
1830 2626 1840 2640 ,
1859 2605 2006 2644 deinceps
2016 2614 2081 2635 non
2092 2614 2147 2635 au-

1161 2652 1265 2682 diatur
1276 2672 1283 2679 .
1304 2647 1402 2689 Qiod
1415 2646 1535 2679 stillico
1546 2647 1685 2678 constare
1696 2647 1792 2687 polset
1802 2649 1839 2678 de
1850 2646 2010 2679 obstaculo
2021 2647 2149 2687 impuri-

1161 2693 1236 2726 tatis
1247 2691 1405 2732 sanguinis
1416 2691 1538 2722 consuli
1550 2691 1644 2731 posset
1656 2701 1721 2721 tarn
1731 2690 1815 2721 illius
1826 2712 1837 2726 ,
1857 2690 1950 2730 quam
1962 2689 2145 2730 Religionis

1161 2735 1364 2769 indemnitati
1377 2736 1520 2766 adeundo
1530 2733 1640 2766 Sedem
1652 2733 1865 2774 Apostolicam
1875 2743 1930 2774 pro
1941 2733 2093 2766 beneficio
2102 2744 2148 2765 te-

1162 2779 1334 2812 llitutionis
1345 2777 1379 2809 in
1390 2778 1550 2817 integrum
1558 2800 1565 2808 .

2170 1968 2215 1998 ιι

1203 2821 1323 2853 Falsum
1342 2821 1384 2852 est
1404 2820 1516 2852 itidem
1535 2819 1702 2851 secundum
1723 2819 1964 2851 fundamentum
1991 2821 2076 2861 quod
2095 2829 2148 2860 pet
2167 2829 2208 2861 45

1161 2863 1416 2906 quinquennium
1437 2863 1605 2894 inducatur
1615 2862 1632 2892 a
1642 2862 1795 2894 Concilio
1808 2863 1906 2894 tacita
1918 2862 2082 2903 professio:
2103 2864 2148 2894 id-

1161 2919 1221 2949 que
1240 2916 1324 2948 patet
1341 2906 1443 2947 primo
1461 2916 1497 2937 ex
1516 2906 1694 2937 diversitate
1717 2906 1868 2946 loquendi
1889 2927 1899 2942 ‚
1919 2916 1982 2946 qua
2000 2906 2148 2938 Canones

1162 2961 1295 2983 utuntur
1306 2973 1316 2987 ‚
1336 2951 1413 2981 dum
1422 2949 1616 2990 professionis
1637 2949 1905 2989 praesuiiiptionein
1917 2949 2074 2980 inducunt
2083 2970 2093 2984 ,
2115 2951 2149 2980 δε

1161 3005 1223 3036 qna
1234 2994 1336 3026 utitur
1344 2992 1535 3025 Concilium
1552 2990 1623 3022 ind.
1635 3003 1658 3023 c.
1676 3001 1721 3028 19·
1744 2991 1830 3024 Nam
1840 3002 1980 3024 canones
1991 2992 2036 3022 his
2048 2991 2146 3023 ferme

1161 3038 1263 3069 verbis
1275 3037 1430 3069 utisolent
1443 3058 1452 3072 ,
1472 3035 1620 3066 videlicet
1631 3047 1640 3064 :
1662 3033 1885 3067 professionem
1894 3045 1945 3074 per
1956 3035 2015 3065 lioc
2028 3033 2143 3069 fecilse,

1162 3082 1208 3112 vel
1221 3081 1241 3112 si
1255 3090 1349 3120 quam
1359 3079 1443 3118 prius
1456 3078 1686 3113 fecerant-atam
1698 3079 1833 3110 l-iabnilse
1846 3079 2023 3111 vide-runai
2036 3076 2080 3107 Ae
2088 3089 2146 3117 reg.

1161 3126 1193 3155 in
1202 3128 1230 3155 6.
1242 3122 1438 3153 Praesumirur
1459 3121 1613 3152 veraciter
1622 3121 1680 3152 esse
1692 3121 1838 3161 profeil'us
1848 3143 1857 3156 ‚
1880 3119 1953 3152 ilud.
1967 3120 2000 3150 in
2013 3119 2148 3152 secundo

1162 3166 1307 3207 responso
1319 3164 1486 3204 Religioni
1498 3164 1639 3195 habitum
1649 3165 1853 3205 recipientem
1866 3163 1997 3202 obligat,
2008 3162 2149 3203 aconstj-

1161 3211 1303 3241 tutionem
1315 3208 1375 3238 eod.
1387 3213 1477 3238 trs-0⁹
1486 3205 1538 3238 lib.
1550 3207 1622 3238 Hoc
1635 3207 1697 3247 ipso
1707 3206 1904 3238 decernimus
1914 3206 1972 3238 effe
1981 3205 2127 3246 profelsos
2139 3230 2147 3237 .

1161 3252 1296 3285 Clem.z.
1309 3251 1464 3282 eod.tit.lii
1474 3260 1512 3281 eo
1523 3252 1607 3291 quod
1619 3249 1971 3290 ceperunnperseierare
1982 3258 2150 3289 cogantur,

1161 3293 1399 3336 cap.Consl1ttiz't
1411 3303 1523 3333 2043·
1538 3291 1588 3324 Ut
1601 3295 1738 3332 regulam
1750 3293 1867 3323 servent
1882 3291 2094 3324 Ecclesiainca
2105 3293 2150 3323 di-

1164 3337 1320 3370 striclionc
1331 3338 1498 3377 compellas
1509 3358 1518 3372 ‚
1538 3347 1562 3366 c.
1575 3337 1629 3366 Ex
1642 3345 1728 3375 parte
1739 3334 1774 3365 dc
1784 3335 1912 3373 regiis&
1923 3334 1990 3366 aliis
2003 3335 2150 3366 consinii<

1164 3382 1245 3414 libus
1264 3380 1496 3421 obligationem
1523 3379 1749 3411 inducentibus
1768 3378 1842 3451 .VAt
1872 3376 2061 3450 communi·
2087 3377 2152 3423 sim-

1810 3431 1830 3452 u
1878 3431 1892 3462 3
2023 3431 2039 3461 p
2055 3430 2109 3451 ici-
