2397 3664
45 327 85 356 79

48 579 88 609 80

42 798 80 825 31

39 1053 78 1084 82

41 1359 82 1399 33

677 101 762 157 De
777 102 914 156 sacra
933 97 1140 155 tinere.
1154 95 1292 155 Cum
1313 100 1521 157 venisset
1536 140 1548 152 .

113 187 187 220 ne'rn
198 197 210 221 .·
230 195 337 220 rameri
349 187 421 229 pani
431 197 497 220 non
507 187 585 220 inest
596 187 706 220 vinum
716 211 725 225 ,
746 199 805 220 nec
817 190 893 220 vino
904 190 980 220 ineit
992 187 1079 228 panis
1092 198 1100 222 3

113 233 146 261 ἃς
165 230 394 271 consequenter
404 241 456 271 per
476 232 684 264 traditionem
705 232 798 263 solius
809 241 928 273 patenae
939 241 1012 262 cum
1022 239 1100 271 pane

112 285 179 306 nori
206 273 336 306 habetur
356 274 544 306 sufficienter
562 274 752 315 significatio
770 274 940 315 Sanguinis
959 273 1078 306 Christi
1090 295 1100 308 ,

107 327 200 359 prout
210 318 382 358 requiritur
392 320 428 349 ad
439 317 602 349 elsentiam
613 317 819 353 sacramenti,
831 327 865 348 ut
878 318 1044 357 probatum
1056 315 1098 347 est

110 360 197 401 supra
209 361 241 391 iu
252 360 382 401 septimo
393 370 579 400 argumento
590 370 644 391 riu.
656 369 707 399 47.
731 360 769 392 Et
778 359 852 391 cum
864 361 897 391 in
908 361 967 391 hoc
989 360 1100 391 habea-

109 414 178 435 mus
189 414 328 444 apertam
337 402 560 435 diffinitionem
576 402 802 434 Oecumenicae
813 402 933 445 Synodi
947 425 956 439 ‚
978 403 1098 434 necesse

109 446 152 479 est
161 447 333 487 quemlibet
343 445 490 478 Catholic
496 456 548 476 um
559 445 607 477 illi
618 445 771 477 adherere
782 468 791 482 ‚
813 457 871 477 nec
893 447 1021 487 propriae
1032 455 1099 486 pru-

108 490 223 522 dentiae
233 489 331 521 inniti
341 510 352 525 ,
368 500 393 520 c.
404 490 453 520 De
461 485 576 522 libellis
585 511 594 525 ,
606 500 654 521 zo.
666 487 772 531 obstac.
783 490 837 521 Ne
846 491 996 521 innitaris
1006 511 1015 526 ‚
1029 487 1066 530 su
1068 498 1097 529 p.

108 538 146 565 a'e
160 531 277 575 constit.
289 543 353 564 cum
363 530 496 564 concord.

152 576 222 608 Nec
236 576 359 606 videtur
371 574 602 606 admittendum
612 577 697 616 quod
718 574 831 607 dicunt
842 574 1027 615 Henriquez
1036 596 1045 610 ‚
1065 575 1098 606 δέ

110 620 254 651 Bellarm.
264 618 411 648 materias
422 618 571 649 ordinum
582 617 668 649 fuilse
681 618 836 649 institutas
844 617 862 649 a
872 616 997 649 Christo
1007 627 1098 657 gene-

107 663 201 694 ratim
210 684 219 697 ‚
239 664 272 692 ὅ(
285 659 554 692 indeterminate.
577 661 646 693 Imo
658 661 744 695 enim
765 661 800 692 iri
820 660 1034 692 Sacramentis
1050 671 1097 691 re-

107 705 276 747 quiruntur
285 714 332 735 res
344 704 560 735 determinarae
578 714 615 736 ex
635 705 697 745 ipsa
716 703 812 736 Cristi
825 703 1023 735 institutione
1034 726 1043 740 ‚
1062 713 1097 735 ut

107 745 272 780 constatex
284 746 325 778 D.
337 746 452 778 T'nom.
463 749 496 778 in
509 757 536 788 3.
548 757 578 788 p.
589 752 799 789 q.60.art.3.5.
811 745 849 779 (ῥ’
861 757 890 786 7.
901 749 977 779 &in
987 758 1017 787 4.
1027 745 1096 786 dist.

104 790 366 831 q.1.art.i.‹1.3.Et
377 791 526 831 probatur
535 791 699 823 evidenter
707 814 716 827 ,
727 802 800 822 nam
811 790 1053 823 Sacramentum
1064 790 1099 821 si-

105 846 146 867 ne
157 835 291 865 materia
302 856 311 869 ,
321 838 353 865 ὄε
365 833 684 866 formadetermitiata
695 857 704 870 ,
725 845 791 866 non
803 833 844 866 est
854 835 982 866 realiter
992 833 1099 865 Sacra-

104 888 250 910 mentum
260 900 270 914 ,
286 888 319 909 ut
332 877 453 909 constat
464 887 500 908 ex
512 877 666 909 Concilio
679 878 863 909 Florentino
883 879 917 909 in
937 875 1098 917 decretofi'-

105 921 155 952 dei
165 943 174 957 ,
189 923 216 955 §ss
229 922 345 965 ‚Quinto
356 943 366 957 ,
384 923 415 952 δέ
427 931 463 951 ex
475 919 670 952 Tridentino
678 924 710 952 in
718 919 902 961 c.2.scff.14.
919 919 1097 960 defizcram.

105 967 309 1000 Poenismuae,
320 963 356 996 ό*
368 966 395 995 E
398 964 600 996 mremtlnei.
611 964 668 995 Sed
678 963 819 996 Christus
831 975 882 1004 per
893 964 908 995 s
905 975 920 995 e
933 963 1030 1003 ipsum
1042 963 1098 994 im-

103 1007 241 1039 mediate
253 1007 391 1040 instituit
403 1017 514 1037 omnia
523 1006 728 1039 Sacramenta
737 1029 747 1044 ,
758 1017 792 1038 ut
801 1012 895 1039 docet
906 1006 936 1037 S.
949 1005 1008 1037 Th.
1021 1009 1053 1037 in
1068 1016 1095 1046 3.

100 1048 333 1092 p.d.art.3.5.&
346 1059 372 1086 7,
385 1051 416 1081 <Sc
429 1049 469 1080 eli
480 1050 574 1081 hodie
584 1050 756 1082 diffinitum
767 1052 782 1081 a
796 1049 989 1081 Tridentina
998 1049 1097 1091 Syno-

104 1097 146 1125 do
157 1097 194 1125 de
204 1093 417 1125 Sacramentis
428 1092 576 1124 omnibus
586 1095 618 1124 in
629 1105 696 1124 can.
711 1104 721 1124 1
729 1092 809 1133 .sess.
822 1102 850 1131 7.
864 1095 900 1124 de
909 1096 1051 1124 Sacram.
1064 1095 1096 1124 Sc

102 1137 139 1170 in
148 1137 246 1177 specie
254 1140 291 1168 de
302 1135 418 1170 Ordin.
429 1138 462 1167 in
470 1147 538 1167 can.
546 1135 669 1177 3.fess.2
678 1147 704 1178 3.
715 1135 891 1176 desacrtzm.
902 1134 999 1166 ordin.
1013 1136 1096 1177 Ergo

106 1179 248 1212 Christus
257 1179 440 1211 immediate
456 1180 682 1212 determinavit
703 1180 868 1211 materiam
877 1201 887 1215 ‚
907 1181 939 1211 ὅ(
961 1178 1096 1212 formam

104 1223 260 1264 cujusque
272 1222 470 1254 Sacramenti
480 1244 490 1258 ,
508 1223 584 1262 quia
594 1222 794 1254 substantiam
805 1245 814 1258 ‚
834 1223 936 1263 qualis
947 1222 988 1254 est
1000 1233 1096 1254 mate-

102 1266 150 1298 ria
160 1266 194 1298 in
204 1265 417 1299 Sacramentis
428 1288 437 1302 ‚
456 1265 645 1306 impoffibile
656 1266 769 1297 est'el'se
790 1266 960 1306 separatam
981 1267 1018 1297 ab
1036 1277 1075 1298 eo
1086 1289 1095 1303 ‚

103 1311 192 1354 cujus
203 1308 423 1343 estsubstantia
432 1331 441 1345 ‚
463 1319 497 1340 ut
508 1309 589 1342 dicit
601 1309 773 1350 Philosoph.
791 1319 815 1340 i.
830 1309 1094 1350 Aiethaphirſsc4.

102 1354 136 1386 ὃ(
146 1353 296 1393 probatur
305 1356 338 1383 in
349 1354 462 1384 almer
471 1353 642 1393 corporalia
652 1375 662 1388 ,
674 1350 710 1383 de
720 1351 939 1394 transl-Epist.
952 1347 1095 1395 alioquin

103 1395 246 1428 Christus
263 1396 468 1427 Sacramenta
489 1395 672 1427 instituisset
689 1396 858 1427 verbaliter
878 1396 1004 1428 rantum
1022 1419 1031 1433 ‚
1063 1399 1095 1428 δε

103 1450 171 1471 non
181 1439 328 1475 realircr;
348 1441 432 1480 quod
443 1438 484 1470 est
495 1438 600 1480 aperte
612 1448 727 1470 contra
735 1438 961 1471 diffinitionem
971 1439 1095 1472 Conci—

106 1483 144 1514 lii
153 1481 338 1514 Tridentini
348 1481 477 1514 indicto
487 1492 586 1522 ξαππς.
607 1483 662 1513 ubi
671 1493 736 1514 non
748 1482 929 1522 simpliciter
940 1483 1094 1515 diffinitur

104 1526 224 1558 sacram
243 1525 494 1557 Ordinationem
514 1526 576 1557 esse
597 1525 836 1557 Sacramentum
847 1548 857 1562 ,
878 1526 926 1557 sed
946 1526 1016 1558 vere
1032 1550 1041 1563 ‚
1062 1530 1094 1559 ὅς

108 1567 232 1611 proprie
255 1569 495 1601 Sacramentum
522 1569 538 1598 a
559 1567 685 1600 Christo
714 1569 858 1600 Domino
880 1569 1057 1601 institutum
1081 1582 1093 1606 ;

45 1617 89 1656 84
108 1623 177 1654 quae
207 1613 301 1644 verba
330 1623 396 1643 non
429 1611 685 1648 verificarenrur,
717 1612 905 1644 siDomirius
917 1623 982 1644 non
993 1615 1095 1645 deter-

52 1664 55 1667 ·
103 1655 250 1688 minasset
260 1656 440 1687 essentialia
450 1655 541 1696 hujus
560 1655 778 1692 sacramenti,
798 1656 846 1688 sed
868 1656 1042 1697 reliquisset
1055 1657 1094 1688 A·

35 1833 75 1872 85

39 2138 79 2168 86

4 2345 76 2449 1⁸⁷

7 2467 9 2508 l

10 2587 13 2638 l

12 2673 16 2770 ἰ

10 2775 18 2846 l
38 2784 78 2815 ss

19 2965 24 3096 l

24 3179 27 3206 ι

27 3263 30 3321 l

29 3343 31 3370 i

31 3427 34 3483 l

32 3491 35 3504 l

41 3172 81 3206 89

103 1699 231 1741 postolis
242 1699 502 1730 determinanda:
522 1697 646 1730 confert
657 1706 734 1730 text.
746 1701 778 1730 in
788 1700 810 1730 l.
825 1709 849 1731 1.
864 1706 890 1735 ᾗ.
902 1697 993 1737 fimff.
1006 1700 1093 1745 Qiod

102 1741 223 1782 quisque
231 1740 377 1779 juneym
387 1743 408 1772 l.
425 1752 454 1773 1.
473 1749 499 1778 ς.
521 1739 606 1773 ldcm
617 1744 816 1782 Pomponius,
834 1741 874 1785 ff.
887 1744 936 1774 De
945 1742 1011 1774 dolo
1029 1754 1094 1775 cum

118 1786 198 1819 smil.

98 1787 285 1861 spi-merea
295 1827 537 1859 Sacramentum
555 1828 596 1859 est
614 1829 704 1860 sacra:
725 1829 771 1861 rei
789 1830 983 1870 symbolum,
1003 1833 1036 1862 ὃς
1048 1830 1094 1862 in-

102 1873 234 1904 visibilis
250 1871 357 1912 gratia:
379 1870 507 1903 visibilis
526 1871 647 1909 forma,
679 1882 713 1904 ut
732 1872 887 1904 diffinitur
904 1874 920 1904 a
937 1873 1094 1906 Concilio

103 1913 384 1954 Tridentinosess.
399 1924 446 1954 13.
454 1914 491 1945 de
495 1911 639 1954 sanfliss.
650 1917 678 1947 E
682 1914 822 1956 uchamst.
826 1916 1015 1956 sncrament.
1028 1929 1052 1950 c.
1066 1928 1092 1959 3.

103 1959 155 1991 seu
166 1958 288 1999 sigrium
301 1956 422 1988 visibile
432 1979 442 1993 ,
463 1967 497 1989 ut
509 1957 624 1998 legitur
635 1961 668 1988 in
679 1968 745 1998 cap.
755 1958 950 2002 Sacrificium
960 1983 968 1996 ‚
981 1960 1016 1991 de
1027 1973 1094 1991 con-

97 2002 173 2043 secr.
185 1999 286 2041 dista.
311 2000 394 2040 Ergo
406 2000 426 2031 ii
437 1999 578 2032 Christus
591 2001 727 2032 instituit
746 2002 976 2035 sacramentum
996 2004 1093 2035 Ordi-

102 2045 218 2081 nis‚ut
228 2047 260 2075 in
271 2042 300 2074 d.
311 2054 380 2075 can.
395 2043 676 2084 3.instituiretiam
687 2044 809 2085 signum
833 2046 970 2082 visibile,
991 2050 1023 2078 ὅ(
1044 2058 1094 2078 ex-

105 2089 278 2123 territum&
288 2087 327 2118 sic
340 2087 504 2118 materiam
516 2087 605 2129 hujus
617 2087 815 2125 sacramenti3
826 2090 902 2130 quia
913 2091 965 2122 cui
976 2101 1093 2123 conve-

101 2133 149 2165 nit
159 2130 390 2167 diffinitum,im
412 2129 534 2162 ossibile
544 2130 663 2162 estnon
674 2132 846 2164 convenire
856 2132 1093 2170 diffinitionem,

103 2177 125 2208 l.
141 2185 166 2206 1.
181 2178 207 2211 ᾧ.
219 2175 352 2209 Dolum,
364 2141 462 2214 ffiDe
477 2173 537 2213 dol.
548 2172 644 2214 instit.
663 2173 700 2205 de
714 2176 799 2206 rutel.
820 2179 852 2207 in
861 2180 957 2216 princ.
978 2189 1001 2209 c.
1013 2178 1094 2209 Cim}

101 2217 243 2258 caufizm,
273 2216 357 2258 injrd
378 2216 415 2248 de
434 2225 548 2257 raptor.
573 2227 663 2248 notat
683 2218 774 2258 gloss.
792 2219 949 2251 Hosticns.
979 2221 1092 2261 Joann.

101 2262 201 2294 Andr.
219 2259 316 2292 card.
327 2262 360 2292 «Sc
370 2259 427 2292 alii
436 2262 468 2292 in
479 2259 651 2302 rubrjiaepra
661 2264 698 2293 de
709 2263 837 2293 Summa
850 2264 972 2295 Trinit.
986 2264 1096 2307 &fide

100 2304 222 2338 Cathol.
702 2331 707 2337 .

138 2347 272 2380 Accedit
282 2349 368 2388 quod
378 2345 519 2379 Christus
530 2345 667 2380 instituit
681 2347 913 2381 sacramentum
934 2349 1069 2383 Ordinis
1083 2375 1093 2388 ‚

101 2394 134 2424 δε
155 2390 318 2430 Apostolos
337 2390 500 2422 ordinavit
520 2390 706 2423 Sacerdotes
728 2392 761 2423 in
781 2391 887 2424 Coena
907 2394 1091 2426 novissima.

97 2433 288 2468 Concilium
305 2431 533 2464 Tridentinum
552 2436 584 2464 in
600 2443 666 2474 cap.
690 2445 714 2466 1.
735 2434 772 2467 0⁴·
781 2446 848 2467 can.
863 2436 971 2476 2.sess.
985 2448 1034 2468 22.
1056 2437 1095 2468 de

93 2475 207 2519 sacrifi
219 2474 347 2515 luiſse.
369 2475 451 2515 Ergo
472 2486 548 2506 tunc
568 2478 793 2510 determinavit
813 2480 912 2511 etiam
925 2481 1092 2513 materiam

101 2519 227 2553 ordinis
238 2518 490 2559 Pi-esbyreratusr
514 2519 658 2559 alioquin
670 2530 734 2551 non
755 2519 855 2553 solum
874 2522 1058 2556 instituisset
1079 2547 1089 2561 ‚

102 2563 259 2597 sedetiam
272 2561 511 2593 administrasset
523 2561 581 2592 hoc
603 2563 831 2596 sacramentum
852 2565 915 2596 sine
935 2568 1070 2599 materia
1079 2579 1093 2604 ,-

100 2607 188 2641 &ita
197 2604 335 2637 Ecclesia
346 2604 438 2635 hodie
459 2604 582 2636 diverso
593 2607 690 2636 modo
711 2609 848 2638 traderet
870 2609 1018 2640 ordinem
1038 2611 1092 2642 Sa-

101 2650 315 2684 cerdotalem,
333 2658 429 2689 quam
449 2646 648 2684 instituisset,
665 2650 698 2680 &
719 2650 960 2683 administrasset
981 2652 1092 2685 Domi-

107 2704 186 2730 nus,
205 2693 291 2733 quod
302 2691 343 2722 est
361 2691 526 2722 absurdum
538 2712 547 2726 ‚
565 2690 638 2721 cum
658 2693 762 2723 omnis
771 2691 888 2724 Christi
908 2694 1009 2731 aetio,
1038 2707 1093 2727 no-

102 2737 160 2769 stra
171 2736 206 2768 sit
218 2733 400 2770 instructio,
419 2745 445 2765 c.
456 2732 664 2775 Significusti,
684 2737 715 2767 δέ
735 2735 780 2766 ibi
801 2745 931 2768 notatur
943 2736 1038 2779 supra
1056 2739 1092 2771 de

97 2781 177 2812 elet'l.
200 2779 237 2810 Et
249 2778 390 2811 Christus
402 2788 467 2808 non
489 2777 665 2809 exhibuerit
689 2779 816 2819 aliquod
840 2779 1091 2820 sacramentum,

102 2823 161 2856 nisi
171 2824 256 2864 quod
267 2821 328 2863 ipse
339 2821 461 2861 accepit
472 2821 507 2852 in
517 2823 693 2861 exemplum
703 2844 712 2858 ‚
730 2831 860 2862 excepta
882 2822 1087 2862 I'oenitentia,

100 2869 134 2899 δε
145 2876 283 2898 extrema
294 2863 460 2896 Unctione
470 2886 480 2900 ‚
501 2866 577 2905 quia
586 2864 640 2895 illa
659 2864 801 2905 accipere
812 2865 867 2897 sibi
888 2877 954 2897 non
967 2878 1091 2908 compe-

103 2910 188 2941 tebat
199 2930 209 2944 ,
218 2907 364 2949 quiasme
374 2917 505 2948 peccato
515 2917 581 2938 erat
593 2930 602 2943 ,
614 2918 647 2938 ut
660 2908 765 2949 inquit
777 2908 806 2940 S.
818 2907 879 2939 Th.
888 2911 920 2940 in
934 2919 960 2950 3.
972 2915 1090 2951 p.q.60.

104 2961 164 2983 art.
177 2953 257 2992 3.ad
269 2961 295 2992 3.
315 2951 354 2982 Et
366 2951 411 2983 ita
420 2961 456 2982 ex
468 2949 557 2982 sactis
565 2949 683 2982 Christi
695 2952 729 2982 in
740 2952 896 2992 proposito
909 2954 1011 2993 arguit
1023 2954 1089 2986 Sor.

103 3007 136 3026 m
147 2992 426 3034 4.dist.24.q.1.artr
442 3007 468 3033 5.
481 2994 555 3026 licet
569 2994 601 3025 in
611 2994 741 3035 reliquis
752 3004 875 3036 propter
886 2996 1069 3036 potestatem
1080 3020 1090 3034 ,

104 3048 201 3080 quam
213 3046 328 3067 vocant
339 3037 532 3069 excellentiae
543 3060 553 3074 ,
573 3036 715 3069 Christus
735 3038 836 3069 multa
847 3038 938 3069 aliter
959 3039 1069 3072 fecerit
1079 3063 1090 3077 ‚

103 3084 198 3122 quam
208 3079 301 3111 hodie
313 3080 392 3111 fiunt
403 3081 440 3111 ab
451 3080 588 3113 Ecclesia
598 3103 608 3117 ‚
620 3091 652 3112 ut
662 3092 713 3122 per
723 3081 968 3114 Nazianzenum
979 3083 1011 3114 in
1022 3094 1091 3115 ora-

105 3125 193 3156 tione
203 3125 239 3154 ad
252 3121 390 3154 sanctum
402 3124 561 3155 lavacrum
572 3149 579 3156 .

136 3166 286 3206 Denique
306 3164 388 3200 esto,
408 3165 568 3198 Dominus
589 3167 754 3208 reliquerit
774 3168 929 3209 Apostolis
944 3170 1091 3201 determi-

105 3212 245 3242 nandam
254 3208 421 3239 materiam
432 3209 617 3242 sacramenti
629 3211 762 3243 Ordinis
774 3234 784 3248 ‚
803 3212 877 3243 liinc
900 3222 1005 3244 tamen
1024 3224 1090 3244 non

106 3253 261 3294 sequitur,
284 3261 317 3282 ut
329 3251 526 3292 posteaquam
536 3252 674 3286 Ecclesia
691 3255 913 3287 determinavit
923 3256 1090 3288 materiam

106 3295 340 3338 presbyteratus
351 3294 413 3325 esse
425 3295 656 3334 porrectionem
666 3298 776 3329 calicis
789 3308 862 3330 cum
880 3299 956 3330 vino
967 3322 976 3335 ‚
995 3301 1026 3330 &
1039 3310 1090 3339 pa-

107 3349 187 3370 tenae
196 3349 269 3371 cum
279 3337 378 3369 hostia
388 3359 397 3373 ,
408 3338 540 3369 materia
550 3339 726 3380 hujusmodi
737 3351 803 3372 non
816 3342 850 3372 sit
861 3352 896 3373 ex
909 3343 1088 3374 necessitate

102 3381 308 3418 sacramenti,
327 3380 401 3411 cum
411 3379 582 3413 diffinitum
592 3383 627 3414 sit
637 3384 654 3413 a
664 3382 825 3416 Conciliis
836 3385 1020 3416 Florentino
1029 3408 1038 3421 ,
1057 3388 1089 3417 &

105 3424 299 3456 Tridentino
312 3446 321 3460 ‚
348 3424 470 3469 nullum
497 3423 727 3457 sacramentum
745 3427 808 3459 sine
831 3428 963 3460 materia
983 3428 1090 3468 perfici

105 3467 188 3506 posse
199 3489 209 3503 ,
230 3478 263 3498 ut
274 3466 537 3507 super-iiisdietum
546 3467 587 3498 est
597 3490 604 3497 .
625 3468 704 3499 Item
714 3469 787 3501 hinc
800 3481 866 3502 nori
876 3479 1013 3511 lequitur
1023 3494 1033 3507 ,
1055 3481 1089 3503 ut

109 3509 304 3550 posteaquam·
326 3509 565 3542 Ecclesiasemel
583 3511 750 3545 materiam
775 3513 867 3556 huJ'us
885 3514 1019 3547 Ordinis
1038 3517 1089 3547 de-

186 3551 287 3594 Prosp.
298 3555 325 3586 F
331 3563 441 3593 agnam.
451 3555 482 3586 in
492 3555 522 3597 l.
529 3551 616 3587 Libr.
626 3555 780 3588 Decretnl.

1980 119 2087 172 449

1140 188 1346 224 terminali-ie,
1369 199 1452 220 nunc
1467 190 1557 229 possit
1570 189 1660 222 illam
1671 188 1839 221 immutare
1850 210 1860 225 ‚
1880 187 1955 220 cum
1965 199 2017 229 per
2028 191 2132 221 deter-

1136 229 1350 262 minationem
1361 231 1452 264 semel
1465 233 1579 265 fastam
1589 232 1778 273 expiraverit
1790 231 1924 264 facultas
1936 232 2071 272 amplius
2081 234 2133 265 de-

1137 273 1348 310 terminandi,
1371 278 1559 315 argum.c.ln
1569 277 1707 312 litteris,
1719 273 1755 306 de
1765 274 1908 317 offideleg.
1922 286 1946 307 c.
1960 273 2131 313 poblicum,

1135 326 1159 346 c.
1171 316 1251 347 Ciam
1263 318 1343 348 inter
1356 340 1365 354 ‚
1375 317 1470 358 supra'
1480 317 1516 350 de
1527 320 1608 351 elell.
1620 319 1789 360 cumfimil.
1808 322 1851 359 *de
1862 318 1977 359 quibus
1987 329 2040 360 per
2050 319 2131 351 Abb.

1135 357 1226 398 confix
1237 369 1262 390 1.
1275 360 1358 391 Tria
1364 360 1437 400 sunt
1448 384 1457 398 ‚
1477 372 1557 393 num.
1569 374 1597 401 4.
1607 362 1687 402 verſs
1698 364 1789 393 Venio
1800 365 1842 393 ad
1852 364 1979 394 tertium
1991 360 2112 394 dubium
2123 386 2132 399 ,

1135 398 1220 432 lib.2.
1233 402 1348 434 habens
1359 404 1446 435 enim
1459 404 1640 445 potestatem
1652 405 1832 437 declarandi
1846 416 1910 437 non
1921 406 2018 447 potest
2030 407 2135 438 decla-

1136 444 1218 481 rari,
1238 445 1294 476 nisi
1305 445 1395 477 semel
1407 446 1533 479 tantum
1544 470 1552 484 ‚
1577 449 1597 479 l.
1612 447 1774 488 Quidquid
1784 447 2002 491 adstringendae
2015 448 2068 491 ,ffi
2083 451 2134 481 De

1135 486 1310 527 verbablig.
1324 489 1378 520 ubi
1389 500 1500 522 omnes
1511 491 1680 523 scribentes
1692 492 1800 523 adhoc
1815 489 1952 532 allegant
1966 492 2057 524 illum
2069 503 2132 524 tex›

1135 539 1202 561 tum
1224 541 1281 571 pro
1301 531 1449 573 lingulati
1469 533 1641 565 secundum
1660 545 1755 566 unam
1774 534 1922 566 lecturam
1935 535 1967 567 in
1988 546 2050 567 ver.
2062 537 2133 568 Nec

1133 572 1246 613 rursus,
1261 584 1294 605 ut
1307 575 1351 607 ibi
1362 576 1404 607 est
1417 578 1604 609 adnotatum
1617 577 1650 608 in
1662 578 1804 618 margine
1818 600 1826 614 ‚
1838 581 1922 619 quod
1940 590 2005 610 non
2017 579 2131 620 reperi-

1134 625 1186 647 tur
1198 617 1273 648 alibi
1284 639 1293 653 ,
1304 618 1475 651 secundum
1487 619 1570 651 Bald.
1580 623 1612 651 in
1621 630 1689 661 cap.
1708 631 1731 652 1.
1744 632 1791 651 nu.
1808 620 1957 661 57.supra'
1969 621 2004 653 de
2013 622 2129 664 constit.

1134 658 1170 690 Et
1181 663 1341 700 propterea
1352 661 1545 694 Tridentina
1555 663 1698 701 Svnodus
1709 665 1847 695 declarat
1859 663 2073 698 substantialia
2084 666 2129 698 sa—

1132 713 1369 736 cramentorum
1381 717 1446 737 riori
1456 706 1569 738 subesse
1577 702 1722 747 ⁴potestati
1736 706 1890 743 Ecclefiae,
1902 707 1934 738 in
1946 718 2012 748 cap.
2026 707 2129 750 2.Jeffi

1135 756 1151 776 2
1161 756 1186 777 1.
1198 746 1235 777 de
1242 747 1407 788 comm.sub
1419 748 1654 790 uti-aquespecie
1665 773 1673 786 ,
1686 750 1741 786 ibi,
1753 749 1855 781 Salva
1868 751 1989 781 illorum
1996 750 2132 793 fizbstcm-

1133 791 1180 820 tia
1194 812 1201 820 .
1226 790 1309 831 Ergo
1319 791 1460 824 defectus
1469 793 1537 824 vini
1547 793 1581 824 in
1593 794 1693 824 calice
1704 793 1768 834 post
1790 792 2010 833 Apostolorum
2031 798 2133 827 deter-

1133 832 1349 867 minationem
1361 835 1403 867 est
1419 835 1649 873 substantialis,
1672 836 1732 868 sive
1753 835 1910 877 porrectio
1930 837 2040 868 calicis
2059 849 2133 870 cum

1133 875 1211 907 vino
1224 878 1390 916 proveniat
1404 877 1589 912 immediate
1602 891 1638 911 ex
1648 879 1918 912 determinatione
1932 879 2062 918 Christi,
2073 881 2133 913 sive

1135 919 1356 960 Apostolorum
1369 945 1376 953 .

1180 961 1271 1004 Qiid
1294 965 1487 998 dicendum?
1517 966 1662 998 Secunda
1683 967 1839 999 sententia
1858 967 2068 1007 proculdubio
2091 967 2134 1000 est

1135 1006 1239 1037 verior
1252 1030 1260 1037 .
1288 1006 1447 1040 Caeterum
1469 1009 1644 1042 consultius
1657 1010 1781 1042 videtur
1797 1010 1882 1044 ,urin
1899 1011 2058 1051 presentia
2082 1011 2135 1043 Se-

1133 1050 1186 1080 des
1198 1049 1379 1089 Apostolica
1389 1063 1535 1084 neutram
1548 1064 1583 1084 ex
1597 1053 1643 1085 his
1654 1054 1864 1094 opinionibus
1886 1055 2033 1094 approbet
2046 1077 2055 1091 ,
2077 1065 2130 1086 aut

1133 1094 1276 1132 reprobet
1287 1117 1296 1129 ,
1309 1094 1356 1126 sed
1368 1096 1594 1128 tantummodi)
1605 1097 1711 1138 jubeat
1724 1096 1762 1128 sic
1772 1096 1938 1128 ordinatos
1951 1097 2067 1129 iterum
2077 1108 2129 1129 or-

1131 1135 1234 1166 dinari
1247 1136 1299 1168 sub
1312 1139 1517 1176 conditione,
1539 1141 1627 1181 juxta
1639 1150 1715 1171 text.
1726 1142 1758 1171 in
1769 1149 1834 1180 cap.
1849 1151 1877 1170 2.
1897 1142 1929 1171 ὃς
1941 1140 1985 1172 ibi
1997 1141 2084 1182 gloss.
2101 1151 2127 1173 1.

1131 1177 1206 1219 infr.
1216 1179 1252 1210 de
1264 1181 1385 1221 Raptis
1407 1182 1444 1213 Et
1457 1182 1519 1214 tam
1531 1183 1598 1219 liis,
1615 1183 1672 1223 qui
1692 1183 1930 1215 ordinationem
1953 1184 2109 1216 iterarunt
2120 1207 2130 1222 ,

1130 1225 1224 1262 quam
1235 1222 1282 1254 his
1291 1245 1300 1259 ,
1319 1225 1375 1264 qui
1398 1225 1430 1256 in
1451 1226 1637 1257 Sacerdorio
1654 1225 1871 1258 ministrarunt
1883 1249 1892 1262 ‚
1915 1229 1950 1258 ad
1969 1228 2129 1259 cautelam

1132 1270 1288 1298 concedat
1300 1267 1574 1307 dispensationenu
1587 1269 1649 1300 illis
1660 1269 1790 1309 quidem
1801 1269 1817 1299 ῑι
1828 1269 1916 1309 penis
1926 1292 1936 1306 ,
1949 1270 1982 1300 in
1993 1280 2070 1311 quas
2079 1281 2131 1311 po-

1131 1318 1262 1340 tuerunt
1274 1310 1414 1343 incidere
1427 1322 1462 1342 ex
1474 1310 1696 1353 cnp.i.68.d1st'.
1710 1314 1742 1344 ἅ
1753 1324 1776 1343 ι·.
1791 1312 1917 1345 Dictum
1929 1335 1938 1348 ,
1957 1312 1994 1344 de
2002 1312 2128 1353 consecr.

1131 1350 1201 1399 dist.
1218 1363 1243 1384 r.
1261 1355 1298 1384 de
1310 1355 1423 1394 quibus
1436 1366 1487 1395 per
1499 1355 1617 1386 Silvest.
1630 1356 1735 1387 iuver.
1749 1356 1969 1394 Irregularitcis
1979 1378 1988 1392 ,
2007 1367 2086 1389 num.
2099 1361 2129 1390 6.

1131 1395 1191 1426 His
1204 1396 1278 1442 verb
1290 1419 1299 1432 ‚
1317 1398 1372 1438 qui
1385 1398 1604 1429 ministrarunt
1617 1421 1625 1434 ,
1649 1399 1686 1429 ab
1700 1398 1936 1439 irregularitate
1948 1421 1957 1435 ,
1975 1401 2012 1431 de
2023 1400 2132 1440 quain
2154 1412 2196 1438 90

1129 1448 1195 1479 cap.
1203 1446 1268 1472 L&
1278 1452 1305 1471 2.
1317 1441 1355 1471 de
1365 1442 1447 1473 Cler.
1457 1453 1511 1472 non
1522 1440 1618 1473 ordin.
1633 1444 1711 1472 mini
1715 1440 1765 1473 sir.
1777 1442 1850 1473 Hoc
1862 1442 1949 1474 enim
1959 1445 2056 1474 modo
2066 1443 2130 1475 evi-

1131 1483 1252 1514 tabitur
1264 1483 1433 1515 difficultas
1447 1484 1589 1516 Ecclesise
1602 1485 1781 1517 Orientalis
1793 1508 1802 1522 ,
1822 1495 1890 1527 quae
1901 1484 1973 1517 sane
1985 1486 2129 1527 gravissi—

1130 1536 1181 1557 ma
1193 1526 1244 1557 est:
1257 1538 1330 1559 nam
1341 1539 1377 1559 ex
1390 1528 1589 1568 Euchologio
1600 1551 1608 1564 ,
1621 1528 1671 1560 seu
1685 1527 1809 1569 Rituali
1821 1552 1830 1566 ‚
1841 1539 1907 1570 quo
1917 1529 2022 1561 Graeci
2034 1539 2130 1561 utun-

1130 1579 1193 1605 tur,
1207 1581 1330 1610 apparet
1345 1582 1398 1602 eos
1410 1583 1474 1602 non
1487 1572 1533 1603 uti
1542 1571 1739 1612 pori-cerione
1751 1573 1860 1604 calicis
1873 1595 1882 1609 ‚
1894 1573 1926 1604 δέ
1937 1581 2067 1613 patenas,
2079 1573 2131 1605 sed

1129 1612 1193 1643 sola
1204 1624 1314 1645 manus
1327 1615 1528 1655 impositione
1539 1638 1548 1652 ,
1561 1625 1627 1646 non
1641 1616 1768 1648 tantum
1781 1616 1813 1647 in
1825 1615 2032 1648 ordinatione
2044 1616 2126 1648 Pres—

1132 1657 1233 1697 byteri
1244 1680 1252 1693 ‚
1265 1657 1312 1688 sed
1325 1658 1423 1690 etiam
1434 1658 1631 1690 Subdiaconi
1641 1681 1650 1695 ‚
1673 1659 1729 1700 qui
1745 1659 1778 1690 in
1789 1658 1928 1693 Ecclesia
1939 1659 2052 1692 Latina
2064 1683 2073 1697 ‚
2096 1662 2131 1692 &

1130 1699 1284 1732 Alticana
1295 1711 1405 1732 manus
1419 1702 1653 1742 impositionem
1666 1713 1730 1733 non
1744 1702 1856 1744 Decipit
1866 1725 1876 1739 ‚
1895 1702 1985 1744 juxta
1997 1701 2128 1736 Pontifi-

1129 1743 1197 1774 cale
1209 1742 1391 1776 Romanum
1405 1767 1414 1780 ,
1435 1747 1467 1776 ἃ
1477 1745 1667 1780 Concilium
1678 1744 1930 1787 Cartliaginense
1943 1755 2045 1787 cap-5.
2058 1747 2128 1779 Ete-

1129 1786 1198 1818 nim
1209 1786 1241 1818 in
1253 1787 1392 1828 predicto
1403 1788 1601 1828 Eucliologio
1611 1789 1627 1819 :i
1640 1788 1753 1820 Grasco
1765 1789 1918 1821 idiomate
1929 1789 1963 1820 in
1975 1788 2126 1822 Latinum

1129 1832 1284 1861 translato
1295 1832 1310 1861 ,ἰ
1323 1830 1415 1862 Petro
1427 1832 1568 1863 Arcudio
1580 1831 1746 1873 Coregreo
1765 1835 1798 1864 in
1808 1833 1897 1864 traff.
1910 1831 1946 1864 de
1969 1833 2127 1866 concordia

1130 1874 1268 1915 Ecclefiae
1279 1875 1456 1906 Orientalis
1466 1898 1476 1912 ,
1496 1878 1532 1907 CT
1543 1874 1757 1907 Occidentalis
1769 1878 1802 1907 in
1806 1877 1923 1917 septem
1943 1879 2128 1909 Sacramen-

1129 1926 1225 1947 torum
1236 1915 1501 1958 administratione
1511 1917 1596 1950 libh.
1610 1917 1646 1949 de
1659 1921 1800 1951 Sacram.
1813 1919 1876 1951 ord.
1889 1931 1948 1951 αὶ.
1960 1922 1992 1951 in
2003 1922 2053 1951 tit.
2066 1923 2127 1952 Or—

1129 1959 1167 1990 do
1176 1963 1224 1998 qui
1236 1958 1391 2000 observari
1397 1960 1475 2001 fiilet
1486 1964 1518 1992 in
1528 1961 1720 1994 ordinatione
1727 1961 1912 1995 Szibdiaconi
1923 1985 1933 1999 ‚
1946 1963 1985 1994 sic
1999 1964 2125 2004 legitur.-

1130 2002 1252 2035 Deinde
1261 2013 1308 2035 ter
1317 2003 1473 2047 obsignans
1483 2005 1546 2044 ejus
1566 2015 1656 2045 caput
1665 2028 1675 2041 ,
1697 2006 1734 2037 (ff
1742 2008 1897 2047 imponens
1916 2017 2038 2037 manum
2047 2030 2056 2044 ,
2077 2007 2127 2039 ubi

1130 2049 1288 2078 Diaconos
1307 2046 1428 2080 dixerit
1438 2071 1448 2084 ,
1469 2051 1635 2081 Dominum
1646 2049 1837 2090 deprecemur
1849 2073 1858 2087 ,
1880 2050 2029 2092 Pontifex
2048 2050 2127 2083 hrznc

1128 2093 1241 2122 recitat
1251 2094 1415 2123 orationem
1429 2093 1560 2124 Domine
1570 2093 1655 2123 Deus
1663 2091 1760 2132 noster
1769 2115 1778 2130 ,
1790 2091 1852 2125 &a
1865 2092 2002 2133 absoluta
2014 2097 2127 2125 oratio—

1128 2145 1174 2169 ne,
1178 2133 1315 2173 sequitur
1326 2144 1357 2165 iit
1367 2134 1452 2174 infm
1466 2147 1473 2166 :
1495 2137 1577 2167 Acci
1577 2138 1661 2176 piens
1673 2136 1820 2177 Pontifex
1833 2137 1976 2168 Jldantile
1995 2139 2126 2178 imponit

1123 2176 1248 2220 finistro
1259 2176 1375 2209 humero
1385 2178 1446 2217 ejus
1456 2201 1466 2215 ,
1476 2182 1527 2216 qui·
1533 2177 1693 2209 ordinatur
1704 2203 1711 2210 .
1723 2181 1879 2211 Similiter
1888 2179 1994 2221 praebet
2003 2181 2055 2212 illi
2065 2193 2125 2212 vas

1130 2219 1171 2252 ad
1180 2218 1399 2261 infundendam
1410 2233 1520 2260 aquam
1529 2231 1582 2262 pro
1591 2223 1702 2254 lotione
1721 2233 1861 2254 manuum
1875 2237 1880 2254 ;
1904 2225 1957 2254 ille
1977 2225 2047 2255 vcro
2065 2236 2125 2256 vas

1128 2267 1281 2304 accipiens
1293 2263 1481 2304 deosculatur
1490 2276 1613 2297 manum
1624 2266 1718 2309 ipsius
1731 2289 1740 2302 ,
1760 2269 1797 2298 U*
1815 2277 1925 2304 dquam
1935 2267 2072 2307 infundit
2081 2267 2127 2299 :td

1129 2318 1236 2338 manus
1248 2307 1419 2348 pontificis,
1431 2311 1480 2347 qui
1491 2320 1543 2340 eas
1551 2310 1645 2340 lavat
1657 2320 1668 2344 ,·
1679 2312 1802 2340 tandem
1811 2319 1934 2350 accepta
1945 2309 2124 2341 benedictio-

1129 2362 1164 2382 ne
1175 2349 1305 2390 discedit
1317 2374 1326 2388 ‚
1346 2352 1539 2384 &ape-mtto
1548 2353 1620 2384 rvcro
1630 2352 1740 2390 majori·
1749 2351 1874 2394 ingreffii
1887 2375 1895 2389 ,
1919 2353 1986 2385 cnm
1998 2354 2123 2392 sacram

1128 2393 1263 2434 mensam
1274 2397 1430 2426 Diaconos
1449 2395 1583 2435 incenset
1594 2417 1603 2430 ,
1623 2396 1725 2435 rursus
1732 2397 1825 2427 lavat
1843 2407 1952 2427 manus
1972 2396 2123 2439 Pontifex

1129 2440 1161 2468 in
1172 2439 1307 2469 catenula
1317 2461 1326 2474 ,
1344 2440 1422 2476 quod
1426 2437 1525 2478 gestat
1536 2441 1584 2476 qui
1594 2436 1754 2470 ordinatus
1765 2437 1805 2479 est
1814 2455 1822 2470 .-
1843 2441 1935 2471 Porri)
1946 2441 1978 2470 in
1989 2439 2123 2480 ingressit

1129 2480 1240 2518 majori·
1249 2480 1310 2522 ipse
1320 2492 1425 2519 quoque
1435 2480 1592 2513 ordinatus
1602 2480 1665 2520 post
1682 2492 1780 2512 omnes
1792 2482 1930 2522 sequitur
1944 2481 2063 2521 gestans
2080 2493 2124 2514 et·-

1129 2527 1194 2555 iam
1203 2536 1264 2556 vas
1273 2535 1324 2565 pro
1334 2536 1474 2556 manuum
1486 2525 1595 2556 lotione
1602 2546 1612 2559 ‚
1624 2535 1660 2556 ac
1670 2526 1799 2556 mantile
1809 2547 1818 2562 ,
1829 2532 1866 2557 U·
1867 2526 1944 2600 esc
1945 2523 1988 2567 fit
1997 2525 2120 2558 ordina-

1129 2571 1172 2599 tio
1183 2590 1192 2604 ,
1203 2568 1241 2600 θ’
1242 2569 1273 2611 st
1282 2569 1372 2599 multi
1376 2567 1449 2607 fiant
1457 2591 1466 2604 ‚
1477 2570 1526 2605 qui
1537 2567 1718 2599 ordinantur
1728 2590 1737 2604 ‚
1748 2571 1845 2599 oratio
1854 2580 1874 2600 a
1907 2570 2014 2600 multos
2023 2581 2122 2601 excom*

1129 2610 1286 2643 modatur.
1309 2612 1382 2642 Hzec
1397 2612 1440 2642 ibi
1455 2623 1462 2641 :
1479 2611 1663 2652 Insequenti
1677 2621 1782 2642 autem
1795 2612 1893 2643 titulo
1906 2612 2096 2653 Eucliologii
2108 2637 2118 2650 ,

1130 2658 1210 2686 ordo
1218 2655 1272 2695 qui
1292 2654 1449 2685 observari
1459 2654 1535 2685 solet
1555 2655 1589 2685 in
1609 2654 1815 2686 ordinatione
1827 2654 1967 2687 Diaconi
1988 2656 2119 2688 habetur

1131 2697 1170 2729 sic
1185 2710 1192 2728 ι
1216 2695 1361 2738 Pontifex
1381 2696 1491 2730 habens
1509 2707 1632 2728 manum
1650 2698 1823 2740 impofitctm
1840 2701 1939 2739 capiti
1957 2698 2122 2738 ordinandi*

1129 2742 1214 2772 clara
1223 2752 1293 2772 voce
1303 2738 1443 2772 enunciat
1454 2753 1460 2770 :
1476 2742 1600 2772 Divina
1606 2743 1714 2780 gratia
1725 2763 1734 2777 ,
1744 2740 1924 2782 quaeftmper
1933 2741 2058 2783 infirma
2069 2754 2119 2774 cu—

1128 2793 1180 2815 rat
1192 2795 1204 2820 ,·
1216 2783 1254 2815 Θ
1262 2786 1305 2814 im
1309 2782 1438 2824 perfetio
1450 2782 1571 2824 perficit
1582 2807 1591 2821 ,
1608 2794 1763 2824 promovet
1774 2785 1821 2814 N.
1827 2783 2034 2817 Reverendum
2043 2785 2118 2818 Sub-

1128 2826 1285 2858 di.zconum
1295 2829 1328 2857 in
1340 2827 1509 2858 Diaconum
1520 2851 1527 2858 .
1541 2828 1579 2859 Et
1591 2827 1684 2858 infra:
1703 2827 1846 2860 Tandem
1856 2828 1981 2870 peralba
1991 2839 2119 2861 commu-

1128 2873 1215 2901 nione
1227 2871 1414 2901 Clericorum
1425 2872 1458 2901 in
1467 2871 1653 2902 Sam‘luario
1674 2870 1822 2910 Pontifix
1845 2874 1973 2912 porrigit
1990 2873 2118 2904 calicem

1129 2915 1269 2945 Diacono
1276 2922 1345 2944 tunc
1354 2912 1522 2953 consecrato
1531 2937 1540 2951 ,
1548 2923 1581 2945 ut
1590 2912 1652 2955 ipse
1662 2915 1765 2953 populo
1774 2916 1817 2945 nd
1825 2917 2056 2947 communionem
2065 2927 2117 2947 ac-

1127 2956 1243 2988 cedenti
1252 2953 1415 2996 distrzbuat
1425 2979 1433 2988 .
1454 2956 1487 2988 N
1490 2967 1524 2988 ec
1536 2958 1581 2988 ibi
1592 2957 1655 2988 ulla
1666 2957 1699 2988 fit
1711 2957 1833 2992 mentio
1845 2958 2030 2991 traditionis
2040 2960 2116 2990 libri

1128 2999 1374 3039 Evangeliorum
1385 3022 1392 3030 .
1414 2999 1532 3031 Rursus
1545 3000 1577 3031 in
1590 3000 1686 3031 titulo
1697 2999 1789 3032 Ordo
1807 3001 1885 3042 quid
1895 3001 2051 3034 observari
2071 3002 2117 3033 so-

1128 3045 1170 3074 let
1184 3043 1217 3073 in
1228 3042 1433 3074 ordinatione
1455 3042 1648 3084 Presbyteri.
1668 3046 1814 3082 surgente
1830 3043 1980 3086 pontifice
1995 3043 2116 3077 accedit

1127 3084 1168 3117 ad
1186 3096 1250 3117 eum
1261 3108 1270 3122 ‚
1292 3088 1341 3123 qui
1359 3085 1520 3118 ordinatur
1531 3109 1540 3121 ‚
1562 3085 1643 3123 cujus
1653 3094 1742 3126 caput
1760 3095 1807 3118 ter
1838 3097 1925 3127 ignat
1944 3086 2091 3129 Pontifex
2107 3111 2115 3118 .

1127 3130 1195 3175 Qui
1223 3130 1296 3159 vero
1314 3128 1473 3159 ordinatur
1488 3128 1590 3170 fronte
1610 3127 1780 3161 incumbens
1813 3130 1888 3162 cicrae
1907 3133 1979 3162 Arae
1999 3140 2114 3161 utrum-

1128 3182 1180 3209 qne
1195 3172 1370 3213 genuflec‘ltt
1381 3195 1388 3201 .
1419 3174 1557 3203 Diacono
1568 3174 1637 3204 vero
1656 3172 1740 3204 elata
1759 3184 1831 3205 voce
1842 3172 1976 3210 dicente,
1998 3175 2115 3205 Atten-

1128 3214 1236 3246 damus
1249 3237 1258 3251 ‚
1269 3213 1446 3255 &astatim
1460 3215 1605 3257 Pontifex
1615 3216 1756 3260 imposita
1766 3227 1856 3248 manu
1866 3216 1925 3248 und
1934 3227 1999 3249 cum
2010 3215 2118 3246 Pallio*

1127 3259 1216 3289 clara
1226 3269 1297 3289 voce
1307 3260 1447 3289 enunciat
1460 3269 1466 3289 :
1479 3261 1605 3292 Divina
1613 3263 1793 3297 graticssquae
1797 3259 1917 3300 semper
1925 3258 2051 3299 infirma
2063 3269 2113 3290 cu-
2128 3280 2135 3283 -

1128 3310 1179 3332 rat
1189 3323 1198 3337 ‚
1209 3299 1246 3332 Θ·
1256 3312 1313 3338 quae
1324 3299 1428 3339 desunt
1432 3300 1553 3342 supplet
1563 3325 1572 3339 ‚
1592 3312 1746 3343 promovet
1758 3301 2017 3333 N.Venerabilem
2028 3303 2113 3334 Dia-

1128 3354 1229 3376 conum
1239 3346 1272 3375 in
1282 3341 1495 3386 Presbyterum
1506 3370 1513 3375 .
1536 3345 1572 3377 Et
1585 3345 1665 3377 infra
1688 3344 1869 3377 immediate
1887 3355 1959 3376 eum
1980 3346 2113 3387 appellat

1128 3387 1313 3418 ordinatum
1325 3387 1369 3417 ibi
1381 3399 1388 3417 :
1408 3387 1451 3420 Ut
1460 3387 1514 3428 iste
1523 3411 1532 3425 ‚
1551 3399 1633 3426 quem
1644 3392 1669 3420 ti
1673 3387 1702 3420 lu·
1712 3389 1827 3428 placuit
1837 3386 1857 3419 a·
1867 3398 1913 3418 me
1920 3390 2091 3427 promoveri
2100 3412 2109 3420 .

1129 3430 1167 3461 Et
1180 3429 1259 3461 infra
1271 3441 1278 3460 ε
1303 3430 1353 3461 Tu
1364 3431 1494 3462 Domine
1504 3454 1513 3467 ,
1533 3432 1595 3463 &a
1608 3431 1680 3463 hunc
1690 3454 1699 3467 ,
1719 3441 1800 3468 quem
1824 3430 1944 3472 voluisti
1951 3453 1960 3467 ‚
1981 3441 2013 3462 ut
2024 3430 2111 3471 fiibi—

1127 3482 1173 3504 ret
1190 3472 1319 3511 gradum
1340 3473 1528 3517 presbyterii
1539 3497 1546 3504 .
1571 3474 1607 3505 Et
1621 3474 1662 3504 ibi
1678 3486 1683 3504 :
1704 3472 1929 3513 Induiturstola
1942 3496 1952 3510 ,
1972 3473 2009 3506 (23⁴⁶
2017 3473 2110 3513 disce*

1134 3514 1276 3556 densstnt
1287 3514 1345 3547 und
1356 3516 1423 3549 citm
1444 3517 1635 3562 Presbyteris
1647 3539 1654 3547 .
1676 3516 1711 3589 N1
1711 3526 1824 3589 ecfnon
1837 3516 1899 3548 ibi:
1922 3516 2055 3590 Acccaei'dit
2065 3528 2113 3547 or-

1711 3571 1716 3578 ’
2007 3570 2072 3590 illi&
