2397 3664
476 65 570 123 De
581 63 728 121 Sum·
745 60 943 120 Trinit.
956 61 1012 119 &
1023 60 1151 120 Fide
1167 62 1324 121 Cath.
1338 80 1381 119 c.
1404 62 1750 121 Damn'ainus
1764 69 1780 124 ξ
1789 82 1793 85 “
2031 86 2067 137 9

115 157 248 188 tentiam
256 163 362 185 veram
372 153 456 184 circa
464 152 556 183 fidem
566 170 576 184 ,
586 150 648 180 sive
657 148 692 179 fit
701 147 835 179 diffinita
843 168 852 182 ‚
864 147 925 179 sive
935 158 999 178 non
1008 158 1016 184 3
1026 148 1099 178 Ala-

115 209 174 230 nus
182 200 215 231 &
225 198 451 229 VInceritiusin
459 193 489 226 d.
498 205 522 225 c.
531 192 612 226 Cam
632 188 772 232 Christus
781 211 792 226 ‚
813 189 850 222 de
864 192 976 223 Haeret.
988 192 1099 223 dicunt

114 239 285 274 secundum
295 241 376 272 hanc
391 237 605 277 acceptionem
615 233 739 266 licitum
759 233 815 265 effe
823 235 861 264 de
878 233 1018 267 articulis
1025 232 1100 264 fidei

114 285 256 317 dubitare
266 304 275 318 ‚
285 283 305 315 si
316 282 453 314 nondum
462 277 588 310 diffiniti
597 276 713 308 fuerint
722 296 733 310 ‚
748 278 1015 317 quemadmodum
1025 276 1100 308 lice-

117 330 168 359 bat
183 327 324 359 dubitare
331 327 368 356 de
384 323 447 365 jam
469 320 610 353 diffinitis
619 329 691 352 ante
699 318 943 354 diffinitionem,
964 320 1099 361 allegant

114 382 139 403 ς,
150 373 249 403 Dixit
258 365 420 407 Apostolus
431 375 478 405 24.
490 373 549 402 q.1.
558 362 726 396 inferentes
736 373 895 403 propterea
904 373 976 396 ante
984 362 1099 394 diffini-

115 417 235 446 tionem
246 408 394 452 praeditfitae
404 406 578 439 Decretalis
587 427 596 441 ‚
604 405 686 439 Ciam
696 404 834 447 Christus
841 427 850 441 ,
858 406 1006 439 videlicet
1014 405 1099 446 quod

115 456 255 489 Christus
266 453 300 484 sit
311 461 401 484 verus
411 451 498 482 Deus
507 471 517 485 ‚
527 451 560 482 &
570 460 660 482 verus
672 450 766 482 homo
775 460 812 486 ex
819 449 926 481 anima
934 449 1098 483 rationali,

116 503 150 532 δέ
159 500 295 530 humana
309 505 402 527 carne
413 494 568 526 subfisteris
577 513 588 528 ‚
611 493 726 524 licuisse
740 496 934 524 contrarium
954 492 1080 524 afferere
1089 513 1097 521 .

115 542 242 583 Qvibus
259 540 382 571 videtur
400 537 555 579 suffragari
564 556 575 571 ,
595 537 679 576 quod
694 537 738 567 ait
748 535 939 577 Augustinus
960 535 1073 566 relatus
1082 533 1100 565 a

114 582 239 624 Ptaepos.
248 584 282 614 in
298 593 322 613 c.
333 583 431 613 Sicut.
445 578 569 620 15.,disl·
579 578 751 619 EuangelIO
767 589 832 610 non
842 579 1019 612 crederem,
1041 577 1099 611 nili

113 626 247 659 Ecclesia
255 626 332 657 illud
342 626 508 665 reciperet:
526 622 625 654 Unde
634 622 720 654 enim
728 622 817 653 nobis
827 621 979 653 constaret
989 642 998 655 ‚
1013 619 1098 662 quod

114 671 190 702 illud
200 667 317 701 Christi
338 667 545 709 Euangelium
556 665 653 700 foret,
674 664 730 696 nisi
741 674 864 705 propter
883 663 1026 698 Ecclesiae
1046 675 1100 704 ap-

114 713 349 754 probationem?
372 711 411 742 Et
421 720 493 742 cum
501 710 650 751 opinione
666 708 802 740 Alani&
812 708 977 739 Vincentii
991 707 1100 738 transit

113 755 187 797 glos.
197 757 261 786 inc.
272 757 428 788 Curiones,
449 756 482 785 in
491 763 556 785 ver.
567 749 734 796 Eutychem
756 759 800 790 15.
810 749 880 792 dist.
891 751 1018 783 Archid.
1029 762 1057 782 n.
1068 759 1097 787 7.

113 801 147 830 &
158 797 284 839 Prxpos.
295 809 323 828 n.
336 807 348 828 1
357 807 383 828 1.
393 795 473 829 &in
482 794 512 829 d.
523 807 547 828 c.
556 793 637 828 Cicm
647 792 802 836 Christus,
822 794 865 833 Jo.
877 794 973 826 Andr.
985 805 1013 824 n.
1027 805 1053 824 2.
1064 796 1098 825 in

106 841 230 885 fin.·ubi
245 840 454 880 exemplificat
463 840 497 871 in
514 839 678 880 Extravag.
690 836 851 870 Benedic‘ti
867 837 923 869 XI.
946 837 1096 877 incipien.

111 885 290 919 Benediifius
306 885 392 915 Deus
401 903 410 918 ‚
431 894 493 925 qua
501 882 670 915 diffinitum
687 881 727 913 est
735 883 857 912 animas
873 880 1040 927 justorum3
1060 879 1098 910 si-

113 929 178 960 mul
196 937 287 968 atque
295 925 313 958 ὲ
330 929 511 967 corporibus
528 927 732 966 migraverint
741 945 751 959 ‚
773 924 916 956 divinam
936 923 1098 955 essentiam

113 970 193 1004 clare
203 971 328 1004 videre,
350 969 371 1000 fi
382 970 462 1002 nihil
479 978 585 1002 tamen
607 968 757 1002 habeant,
778 969 862 1008 quod
873 965 1098 1008 poenisPurga-

113 1016 186 1046 torii
205 1014 395 1054 expiandum
403 1012 439 1045 sit
449 1035 456 1043 .
479 1013 517 1046 Er
531 1011 698 1054 sequuntur
717 1011 801 1043 Butr.
819 1021 898 1042 num.
908 1020 939 1051 4.
960 1010 1097 1042 Anchar.

112 1068 191 1089 num.
204 1068 230 1088 2.
241 1058 275 1090 δέ
285 1054 416 1088 Cardin.
427 1067 505 1088 num.
517 1065 543 1096 3.

153 1099 272 1132 Verum
282 1098 346 1130 haec
358 1099 501 1131 dostrina
510 1109 548 1130 eo
566 1100 661 1130 modo
670 1118 680 1132 ‚
700 1108 764 1139 quo
773 1098 955 1139 proponitur
966 1095 982 1128 52
991 1095 1099 1128 Cano-

109 1142 267 1177 nistismisi
276 1142 379 1183 aliqua
387 1144 592 1183 explicatione
601 1142 649 1173 vel
657 1142 915 1178 interpretatione
923 1140 1097 1181 adjuvetur,

102 1186 149 1218 est
161 1185 249 1218 valde
267 1185 437 1226 periculosa
447 1208 454 1216 .
478 1184 582 1217 Primo
591 1187 689 1226 igitur
707 1184 896 1215 Vincentius
904 1204 914 1218 ,
936 1185 969 1216 &
979 1184 1097 1215 Alanus

106 1229 283 1270 supponunt
292 1229 374 1261 hunc
382 1229 547 1262 articulum
555 1230 594 1260 de
602 1229 720 1260 duabus
729 1228 896 1259 naturis&
904 1226 990 1268 quod
998 1225 1095 1258 Chri-

106 1273 166 1305 stus
176 1272 213 1304 sit
227 1282 318 1303 verus
329 1271 415 1304 Deus
425 1294 435 1307 ,
454 1274 489 1305 &
506 1282 596 1304 verus
607 1271 722 1306 homo,
743 1281 808 1302 non
826 1270 912 1302 fuisse
922 1269 1094 1302 diffinitum

105 1325 177 1347 anre
187 1315 216 1347 d.
227 1326 252 1347 c.
261 1313 342 1347 Ciam
351 1314 486 1356 Chrsstus
494 1336 504 1351 ‚
524 1314 561 1346 de
571 1317 682 1348 Haerec.
692 1316 777 1356 quod
795 1324 900 1345 tamen
910 1314 951 1346 est
962 1313 1071 1345 falsum
1082 1333 1091 1346 >

103 1363 178 1399 quia
188 1359 284 1390 multa
293 1368 366 1391 ante
383 1358 488 1391 saecula
497 1358 556 1390 fuit
574 1358 744 1390 diffinitum
760 1360 793 1389 in
803 1366 913 1399 quarta
924 1356 1090 1389 universali

101 1402 230 1444 Synodo
237 1400 486 1434 Chalcedonensi
495 1403 600 1443 ,cujus
610 1401 758 1434 diffinitio
770 1403 802 1432 in
811 1403 925 1442 quinto
937 1400 1046 1441 postea,
1056 1401 1090 1431 &

101 1444 187 1476 sexto
195 1445 417 1477 universalibus
427 1445 583 1478 Conciliis
593 1454 744 1476 renovata
754 1443 813 1475 fuit
822 1465 831 1479 ,
859 1454 950 1485 prout
959 1443 1090 1475 refertur

101 1491 135 1520 in
147 1487 283 1520 Decreto
293 1489 365 1521 fidei
375 1489 461 1521 edito
469 1490 506 1522 ab
516 1488 660 1530 EugenIO
670 1488 723 1519 IV.
732 1489 766 1518 in
776 1485 927 1519 Concilio
938 1488 1090 1519 Florenti-

101 1542 144 1563 no
154 1531 188 1563 in
198 1532 316 1563 unione
326 1533 538 1564 Armenorum
548 1542 622 1564 cum
632 1530 766 1563 Ecclesia
777 1529 888 1562 Latina
900 1551 909 1565 ,
921 1533 946 1568 §.
956 1528 1091 1562 Secundo

102 1574 255 1606 tradimus
268 1577 311 1606 eis
320 1575 554 1617 diffinitionem,
575 1585 646 1607 tom.
656 1585 685 1614 4.
693 1575 901 1607 conciliorum
910 1582 976 1614 μιν.
991 1584 1015 1605 1.
1023 1581 1092 1613 pag.

101 1621 119 1649 6
128 1627 139 1648 1
148 1629 174 1649 2.
183 1618 238 1649 col.
252 1629 278 1649 2.
289 1619 434 1659 Idemque
446 1619 572 1652 habetur
582 1621 616 1650 in
626 1616 776 1650 Concilio
787 1616 1029 1659 Carthaginensi
1038 1617 1092 1648 IV.

101 1669 163 1700 cap.
178 1670 204 1692 1.
214 1660 302 1702 cujus
321 1664 412 1693 verba
420 1662 555 1703 superius
571 1662 735 1694 retulimus
746 1672 775 1692 n.
788 1670 834 1699 25.

142 1703 286 1738 Deinde,
307 1705 382 1745 quia
390 1705 637 1746 propositionum
648 1715 759 1738 contra
780 1704 970 1736 articulosin
982 1704 1038 1736 hac
1050 1704 1090 1735 la-

99 1746 212 1779 tiffima
228 1746 457 1788 fignificatione
474 1750 572 1790 plures
583 1748 651 1780 sunt
668 1751 782 1790 gradus
792 1759 800 1783 ·,
823 1748 965 1779 haeretica
976 1768 985 1782 ,
1006 1758 1090 1778 erro-

98 1800 157 1821 nea
165 1811 174 1824 ‚
198 1789 317 1833 sapiens
327 1792 462 1823 haeresim
473 1813 482 1827 ,
505 1795 626 1833 piarum
637 1792 762 1823 aurium
768 1791 916 1823 ostensiva
926 1812 936 1825 ‚
957 1801 1091 1822 temera-

99 1836 162 1869 ria,
172 1832 346 1866 scandaloso.
355 1855 364 1868 ‚
375 1836 466 1867 bonis
474 1838 612 1867 moribus
620 1838 790 1869 contraria,
802 1834 987 1876 blasphema,
999 1833 1089 1865 schis-

98 1878 224 1912 matica,
235 1876 386 1911 seditiosa,
397 1878 545 1917 injuriosa
554 1899 563 1913 ,
575 1879 728 1910 haereticis
738 1878 856 1912 favens,
865 1889 900 1909 ac
913 1878 932 1908 si
943 1888 1010 1919 quse
1021 1878 1088 1908 sunt

98 1920 210 1952 similes
220 1940 230 1954 ‚
250 1930 383 1962 quarum
393 1922 537 1962 cognitio
548 1933 660 1963 magna
672 1932 707 1954 ex
719 1931 804 1962 parte
820 1921 836 1952 ὸ.
847 1921 1022 1962 Theologis
1039 1930 1090 1960 pe-

98 1963 192 1993 tenda
201 1962 242 1994 est
251 1983 260 1996 ,
276 1973 410 2004 quorum
421 1965 460 1996 est
471 1966 718 2007 propositionum
726 1965 892 2005 qualitates
903 1986 913 1997 ‚
934 1966 967 1996 &
976 1965 1089 2003 gradus

97 2005 284 2045 dijudicare,
305 2008 338 2038 &
348 2010 517 2048 expendere
529 2020 537 2044 ·‚
558 2011 591 2041 &
601 2010 637 2040 de
655 2009 703 2039 his
714 2007 838 2039 consule
849 2007 1047 2037 Turrecrem·
1057 2008 1091 2036 in

97 2050 224 2080 Summa
234 2046 272 2079 de
283 2049 396 2089 Eccleſs
408 2048 461 2082 lib.
470 2058 572 2090 4.p.1r.
585 2064 611 2084 2·
623 2059 704 2089 capa
716 2060 740 2082 ι.
750 2051 900 2081 Albertin.
910 2050 942 2079 in
952 2047 1042 2079 trab}-
1052 2049 1090 2079 de

96 2090 213 2131 agnose.
223 2090 307 2131 affer.
319 2092 591 2130 q.6.Melchiorem
601 2092 729 2125 Canum
739 2090 928 2130 lib.12.cap.1
940 2100 964 2121 1.
975 2089 1012 2122 de
1021 2091 1095 2122 locis

98 2133 311 2172 Theologicis‚
333 2135 527 2174 Alphonsum
539 2135 682 2168 Castrum
690 2133 741 2166 lib.
757 2144 782 2165 ι.
793 2142 856 2173 cap.
870 2143 893 2172 3.
905 2133 942 2165 de
950 2131 1027 2174 justa
1037 2133 1092 2165 hae-

96 2179 182 2209 reti'c.
189 2178 286 2215 punit.
296 2175 479 2209 Simancam
500 2177 622 2209 Cathol.
631 2176 732 2218 Instit.
741 2178 792 2207 tit.
807 2185 853 2216 54.
864 2176 901 2208 Iit
911 2186 1019 2217 praeter
1030 2177 1090 2208 ho:-

97 2219 187 2252 tesun
205 2220 308 2251 multae
326 2219 550 2261 propositiones
570 2230 718 2252 notantur
735 2218 862 2251 censura
882 2222 915 2251 in
938 2219 1090 2253 Concilio

95 2261 402 2304 Constantiensiseffi
411 2266 439 2295 8.
447 2273 553 2295 contra
561 2260 703 2305 Vviclcff.
714 2261 872 2305 O'seffl15.
883 2265 1089 2306 contrchoan-

94 2316 162 2338 nem
172 2308 240 2339 Hos
250 2326 259 2339 ‚
268 2306 345 2337 &in
356 2305 643 2339 Constitutionibus
654 2306 700 2339 Pii
713 2307 749 2337 V.
763 2307 795 2338 &
807 2306 955 2347 Gregorii
967 2308 1086 2338 XXIII.

94 2358 206 2382 contra
215 2348 406 2381 Michaelem
418 2350 526 2390 Baium
535 2372 542 2379 .
555 2351 690 2391 Ideoque
702 2350 784 2381 Bald.
795 2352 829 2381 in
840 2361 865 2381 c.
878 2351 1088 2382 Neinnitaris

94 2390 218 2432 n.14.de
228 2390 473 2432 Constant-dixit
481 2392 574 2425 hodie
583 2394 639 2425 esse
651 2396 829 2434 proximum
841 2393 941 2424 haeresi
953 2393 1087 2426 affirma-

94 2445 126 2466 re
138 2445 248 2475 corpus
259 2434 439 2468 Beatissima:
450 2436 591 2478 Virginis
610 2447 673 2468 non
685 2436 768 2468 fuisse
787 2436 972 2476 all'uinptum
984 2439 1014 2467 in
1025 2448 1087 2468 coe-

95 2478 161 2509 lum
171 2500 177 2507 .
202 2477 347 2510 Prattereii
365 2481 430 2511 aliae
440 2481 554 2511 dantur
573 2480 798 2520 propositiones
821 2479 970 2511 haeretica:
991 2483 1087 2512 etiam

94 2523 129 2553 in
139 2523 277 2552 articulis
286 2523 323 2552 ab
333 2521 465 2554 Ecclesia
476 2534 539 2554 non
549 2522 702 2558 diffinitis,
710 2524 815 2565 quales
826 2522 894 2554 sunt
905 2523 1087 2564 propositio-

95 2574 149 2596 nes
157 2574 266 2595 contra
278 2566 461 2595 traditiones
478 2566 697 2606 Apostolorum
708 2587 717 2601 ‚
739 2575 772 2597 ut
788 2568 821 2597 in
830 2567 962 2598 Decreta
979 2566 1016 2598 de
1025 2570 1087 2598 Ca-

93 2610 209 2639 nom'cts
217 2605 459 2653 ᾂσνίμικνίςβθῖ
466 2617 511 2647 14.
524 2608 794 2641 ConcILTrident.
806 2611 838 2640 δέ
850 2619 961 2642 contra
970 2620 1086 2651 ea,quae

94 2652 131 2682 de
144 2652 202 2682 fide
213 2650 310 2682 lancti
320 2650 423 2682 Patres
433 2650 734 2686 unanimIconsensu
744 2655 929 2688 docuerunt,
940 2662 974 2685 ut
984 2654 1085 2685 decla—

1141 157 1188 178 rat
1197 147 1395 179 Turrecrem.
1406 151 1438 180 in
1448 151 1573 180 Summa
1582 148 1617 180 de
1628 149 1744 190 Eccleſs
1752 147 1838 189 lib-4.
1845 156 1959 189 parta.
1969 159 2032 191 cap.
2040 162 2087 184 10.
2099 154 2133 184 δε

1141 190 1300 225 Melchior
1308 189 1416 224 Canus
1424 189 1463 223 de
1475 192 1487 224 l
1490 194 1551 224 ocis
1562 190 1754 231 Theologicls
1763 190 1817 224 lib.
1824 203 1836 224 1
1844 193 2050 233 2.cap.7.Non
2060 205 2136 237 ergo

1143 232 1294 275 sequitur:
1302 234 1463 267 Atticulus
1470 245 1534 268 non
1543 234 1584 267 est
1592 236 1630 268 ab
1637 235 1772 268 Ecclesia
1782 235 1932 271 diffinitus
1948 248 1956 268 z
1974 247 2050 280 ergo
2060 238 2133 270 licet

1141 277 1336 310 contrarium
1351 277 1475 311 asserere
1484 298 1494 312 ‚
1516 288 1570 310 aut
1579 280 1617 310 de
1626 289 1664 311 eo
1673 279 1814 314 dubitare
1825 301 1833 310 .

1184 319 1255 352 Imo
1264 321 1348 361 quod
1358 321 1458 362 magis
1468 320 1508 351 est
1517 340 1526 355 ‚
1535 323 1632 353 etiam
1642 324 1674 354 ‘in
1686 321 1744 357 his,
1754 332 1821 363 quse
1831 324 1869 355 ad
1879 323 1973 356 fidem
1982 344 1991 359 ‚
2002 333 2057 356 aut
2069 334 2136 356 mo-
2159 334 2173 365 5
2180 335 2194 367 3

1141 373 1188 395 res
1197 373 1262 395 non
1272 363 1429 404 pertinent
1438 383 1448 397 ‚
1469 364 1514 394 ita
1524 364 1650 396 demum
1661 366 1783 397 licitum
1790 366 1831 398 est
1839 368 1992 408 quidquid
2003 367 2075 398 libet
2085 367 2132 398 af-

1140 406 1284 440 firmare,
1306 405 1513 439 fimateriasit
1531 407 1727 440 indifferens.
1750 407 1830 452 Qio
1839 409 1924 442 sensu
1942 410 2133 453 Augustinus

1141 451 1174 482 in
1183 460 1208 481 c.
1217 451 1255 481 In
1264 448 1382 487 quibus,
1396 460 1444 481 22.
1454 458 1481 487 q.
1494 460 1521 480 2.
1532 451 1578 481 ait
1587 460 1595 480 ε
1605 449 1641 481 In
1648 453 1758 491 quibus
1769 454 1858 484 rebus
1869 453 1948 485 nihil
1960 453 2084 485 interest
2093 456 2130 485 ad

1141 493 1358 533 capessendum
1378 501 1511 535 regnum
1531 491 1594 525 Dei
1611 513 1621 527 ‚
1643 503 1749 526 utrum
1768 497 1953 532 credantur,
1974 506 2015 527 an
2036 507 2101 528 non
2123 508 2131 532 ;

1142 545 1248 568 utrum
1256 545 1329 569 vera
1337 544 1503 578 prirentur,
1524 545 1564 567 an
1575 535 1648 568 falsa
1662 547 1669 566 :
1685 538 1719 567 in
1728 536 1774 568 his
1782 549 1902 574 errare,
1923 541 1954 571 id
1969 539 2010 572 est
2033 549 2134 571 unum

1143 589 1199 620 pro
1208 579 1271 610 alio
1288 588 1415 620 putare,
1436 588 1502 612 non
1522 579 1739 612 arbitrandum
1749 580 1789 611 est
1804 582 1859 612 esse
1868 592 2031 622 peccatum
2050 594 2057 613 :
2079 593 2133 614 aut

1141 622 1164 654 si
1181 621 1240 656 est,
1263 623 1432 653 minimum
1450 621 1524 656 effe,
1545 631 1638 665 atque
1649 621 1851 659 leviffimutm
1874 626 1926 656 ubi
1947 625 2042 666 glossa
2062 635 2088 657 1.
2100 627 2131 657 id

1141 665 1276 706 explicat
1286 665 1404 696 duobus
1414 665 1562 706 exemplis
1573 686 1582 700 ‚
1591 667 1624 697 &
1635 665 1920 699 Turrecrem-addit
1930 671 2069 703 tertium,
2080 669 2130 701 An

1141 709 1257 740 coelum
1268 708 1303 740 fit
1311 709 1483 741 rotundum
1493 729 1502 742 ‚
1520 710 1554 741 &
1563 709 1624 743 alia
1633 709 1719 750 plura
1730 709 1919 751 Augustinus
1926 712 1959 742 in
1970 713 1999 742 E
2001 711 2131 744 nchi'rid.

1140 759 1258 791 cap.21.
1268 751 1310 783 Ar
1320 751 1439 783 veroin
1451 754 1582 784 materia
1591 755 1680 794 gravi
1690 752 1886 793 Theologica
1896 753 1992 785 etiam
2002 765 2065 786 non
2075 755 2135 787 dif-
2159 762 2197 795 5-1.

1140 796 1303 829 finitamec
1314 797 1351 828 ad
1361 805 1462 827 mores
1473 794 1761 837 spectantealiquid
1771 795 1934 830 affirmare,
1943 799 2028 837 quod
2038 797 2073 829 fit
2080 800 2134 829 de-
2198 801 2199 805 ’

1141 838 1283 870 stitutum
1292 838 1414 871 ratione
1424 858 1433 873 ‚
1454 838 1706 874 &authoritate,
1728 849 1765 870 ex
1777 838 1839 871 solo
1853 840 1979 880 proprio
1995 839 2114 881 judicio
2124 861 2132 875 ‚

1141 883 1368 922 imprudentia,
1390 882 1584 923 negligentia
1593 902 1603 916 ‚
1624 882 1869 915 inconsideratio
1878 903 1888 917 ‚
1910 884 2132 924 ptaecipitatio‚

1141 925 1175 956 &
1184 927 1342 957 temeritas
1353 925 1410 958 effe
1419 925 1514 965 potest
1525 946 1535 960 ‚
1555 926 1631 968 quia
1641 927 1674 957 in
1684 926 1773 957 rebus
1782 928 1938 958 momenti
1949 926 2058 959 leviter
2067 946 2077 961 ‚
2098 929 2132 959 ἃ

1140 967 1256 1000 temere
1273 967 1384 1009 absque
1403 969 1535 1000 rationis
1557 969 1663 1010 regula
1681 969 1853 1007 iudicatur,
1875 979 1908 1000 ur
1928 978 2011 1010 patet
2032 979 2069 1000 ex
2091 969 2132 1000 D.

1140 1010 1268 1043 Thoma
1277 1013 1311 1045 In
1323 1023 1350 1042 2..
1364 1023 1390 1042 2.
1403 1009 1495 1052 quaest.
1510 1019 1556 1052 53.
1567 1012 1604 1044 &⁸
1616 1021 1662 1052 54.
1676 1011 1810 1054 Ideoque
1827 1014 1860 1043 in
1870 1011 1977 1044 officio
1988 1012 2016 1043 S.
2027 1012 2136 1053 Inqui-

1141 1054 1262 1086 sitionis
1278 1054 1406 1088 censura
1422 1055 1608 1086 temeritatis
1624 1065 1776 1087 notantur
1793 1057 1897 1087 multae
1908 1055 2134 1096 propositiones

1140 1097 1316 1128 consimiles
1327 1118 1336 1131 ,
1359 1097 1379 1128 si
1391 1097 1453 1128 solo
1463 1101 1586 1137 proprio
1598 1099 1716 1136 judicio
1738 1098 1801 1129 sine
1810 1099 2001 1130 authoritate
2012 1119 2021 1134 ‚
2043 1100 2077 1130 3<
2087 1108 2135 1130 ra-

1140 1142 1228 1173 tione
1239 1141 1423 1181 excogitata:
1441 1140 1517 1174 sint,
1538 1149 1573 1171 ut
1592 1142 1673 1180 apud
1683 1138 1864 1173 Cordubam
1886 1140 1939 1173 lib.
1955 1151 1979 1172 1.
1987 1150 2070 1182 part.
2087 1151 2134 1179 17.

1141 1186 1166 1221 §.
1182 1193 1228 1225 13.
1246 1184 1345 1215 veluti
1362 1183 1384 1214 fi
1395 1183 1466 1225 quis
1484 1183 1624 1215 assereret
1634 1183 1738 1215 locum
1754 1182 1888 1216 Paradisi
1907 1185 2054 1220 terrestris
2076 1186 2134 1218 effe

1139 1237 1225 1259 extra
1237 1237 1358 1268 portam
1369 1226 1555 1259 pincianam
1565 1247 1575 1261 ‚
1596 1236 1650 1258 aut
1657 1226 1815 1267 Judicium
1826 1227 1917 1258 finale
1928 1230 2009 1260 intra
2020 1230 2134 1260 decen-

1138 1273 1228 1302 nium
1239 1269 1396 1304 futurum,
1420 1269 1493 1302 licet
1503 1272 1664 1311 ignoretur
1678 1280 1740 1311 qua
1751 1269 1967 1302 hebdomada.
1989 1270 2070 1314 Qio
2079 1281 2132 1302 ex-

1136 1315 1241 1355 emplo
1250 1317 1348 1346 utitur
1359 1314 1472 1345 Suarez
1482 1323 1555 1345 tom.
1568 1325 1593 1345 2.
1603 1313 1640 1346 de
1649 1315 1767 1345 Gratia
1777 1334 1787 1347 ‚
1810 1312 1922 1354 disput.
1935 1314 2090 1354 19.sec'l.2.
2102 1326 2132 1346 n.

1137 1370 1152 1390 2
1160 1356 1290 1400 ³.(Qiod
1301 1360 1397 1398 igitur
1407 1359 1553 1389 dixerunt
1564 1356 1720 1389 Dostores
1729 1360 1762 1388 in
1775 1354 1806 1387 d.
1815 1364 1878 1397 cap.
1890 1356 1972 1390 Citm
1983 1355 2132 1398 Chi-istus,

1133 1401 1170 1432 cie
1181 1403 1292 1433 Haeret.
1304 1399 1342 1433 &
1350 1403 1382 1431 in
1393 1399 1422 1432 d.
1433 1409 1495 1439 cop.
1507 1403 1646 1433 Canones
1660 1410 1671 1432 1
1681 1409 1705 1438 ς.
1715 1398 1848 1441 άιβίνιῖῐ.
1860 1402 1896 1433 de
1905 1401 2045 1432 articulis
2056 1411 2134 1432 con-

1133 1445 1306 1477 tinentibus
1324 1444 1649 1476 omnemsententiam
1668 1454 1774 1476 veram
1793 1446 1877 1475 circa
1895 1443 1987 1476 fidem
2006 1445 2130 1476 licitum

1135 1489 1190 1520 effe
1211 1488 1351 1519 dubitate
1362 1508 1372 1521 ‚
1394 1497 1448 1518 aur
1469 1489 1566 1521 etiam
1589 1489 1786 1519 contrarium
1808 1486 1961 1519 affirmare
1976 1508 1985 1521 ‚
2008 1486 2030 1518 fi
2053 1497 2134 1518 non-

1137 1533 1212 1563 dum
1230 1530 1346 1562 fuerint
1363 1530 1491 1562 diffiniti
1508 1542 1516 1565 ·,
1538 1532 1762 1563 declarandum
1780 1532 1821 1563 est
1843 1532 2010 1571 procedere
2030 1531 2134 1572 quoad

1138 1575 1197 1607 hoc
1215 1573 1357 1608 tantum,
1380 1583 1414 1605 ut
1433 1574 1473 1605 lic
1488 1574 1650 1609 dubitare,
1671 1575 1720 1607 vel
1737 1572 1888 1608 affirmare
1900 1595 1908 1608 ‚
1932 1584 1997 1605 non
2013 1572 2049 1604 sit
2071 1573 2134 1605 for<

1137 1618 1260 1650 maliter
1275 1617 1410 1651 haeresis,
1432 1616 1603 1649 secundum
1624 1627 1681 1653 ea,
1702 1627 1770 1659 quae
1780 1627 1817 1649 ex
1835 1626 1941 1648 mente
1960 1615 2132 1648 S.Thomae

1135 1663 1168 1693 in
1184 1671 1208 1692 i.
1219 1670 1299 1701 part.
1312 1671 1357 1700 qu.
1369 1670 1415 1701 32.
1426 1670 1487 1692 art.
1497 1672 1527 1700 4.
1537 1659 1615 1693 &in
1625 1672 1652 1692 2.
1664 1658 1929 1702 2.quaest.11.art.
1947 1670 1971 1691 1.
1983 1658 2020 1692 CT
2042 1671 2068 1690 2.
2080 1670 2132 1691 ex-

1137 1705 1229 1745 plicat
1241 1704 1420 1745 Eymericus
1430 1707 1463 1735 in
1474 1705 1593 1736 Direr‘i.
1604 1703 1808 1744 Inqupart.
1821 1714 1848 1735 2.
1859 1702 1951 1744 quaest.
1967 1715 1992 1734 2.
2003 1713 2067 1735 non
2077 1713 2133 1735 au-

1134 1748 1342 1787 teinintelligi
1362 1748 1451 1778 debet
1465 1750 1629 1787 procedere
1637 1749 1740 1788 quoad
1760 1748 1819 1778 hoc
1829 1768 1840 1781 ‚
1862 1756 1896 1778 ut
1907 1748 1997 1779 liceat
2007 1735 2133 1778 centra-

1133 1793 1217 1823 rium
1233 1791 1358 1822 afferere
1374 1790 1483 1831 absque
1493 1799 1639 1831 peccato,
1661 1800 1715 1823 aut
1725 1789 1854 1822 censura
1867 1790 2001 1824 erroris,
2024 1790 2072 1821 vel
2084 1799 2131 1821 te-

1134 1835 1308 1868 meritatis,
1327 1835 1390 1865 &c-
1413 1843 1446 1864 ut
1468 1843 1505 1864 ex
1527 1831 1682 1874 praedistis
1702 1833 1821 1865 constat
1833 1855 1840 1862 .
1863 1833 1922 1865 Sed
1944 1833 2007 1864 hcec
2031 1831 2130 1864 meffis

1133 1877 1389 1919 Theologorum.
1413 1876 1579 1918 Qiocirca
1588 1886 1644 1907 nos
1654 1874 1834 1907 Canonistae
1854 1877 2035 1907 decidamus
2049 1886 2132 1917 qua:-

1133 1921 1246 1954 stiones
1269 1920 1385 1951 nostras
1396 1940 1406 1954 ,
1427 1922 1460 1952 &
1483 1918 1641 1960 Theologi
1662 1919 1810 1951 decidant
1830 1919 2015 1960 quaestiones
2038 1918 2104 1950 suas
2121 1940 2131 1953 ‚

1115 1966 1206 2005 -quia
1216 1974 1280 1995 non
1292 1963 1332 1994 est
1350 1962 1412 1994 sine
1423 1963 1514 2003 culpa
1525 1973 1637 2003 ponere
1656 1962 1768 1995 falcem
1787 1962 1821 1994 in
1831 1962 1955 1994 meffem
1973 1962 2110 1994 alienam
2120 1983 2130 1996 ,

1134 2017 1167 2039 ut
1176 2009 1212 2038 de
1231 2006 1359 2048 Legistis
1370 2027 1379 2040 ‚
1400 2008 1434 2038 &
1451 2005 1632 2037 Canonistis
1643 2006 1790 2037 dicebant
1807 2008 1839 2037 in
1857 2004 1985 2048 capfin.
1996 2003 2083 2048 infr-d
2095 2004 2132 2036 de

1137 2052 1251 2082 condit.
1269 2049 1396 2093 appofit.
1412 2049 1496 2082 Butr.
1513 2059 1628 2081 numer.
1638 2052 1666 2082 8.
1688 2052 1722 2081 in
1733 2048 1793 2092 fin.
1810 2051 1845 2082 δέ
1864 2050 1951 2081 Alex.
1972 2050 2010 2082 de
2029 2047 2131 2081 Naevo

1137 2104 1219 2124 num.
1244 2097 1292 2124 26.

1180 2136 1217 2169 In
1238 2145 1328 2168 textu
1349 2136 1412 2171 ibi,
1433 2134 1641 2180 Confitemur,
1663 2146 1740 2170 nota
1756 2136 1865 2169 astum
1887 2137 1958 2168 fidei
1980 2136 2136 2178 duplicem
2157 2144 2192 2175 55

1134 2179 1211 2214 effe,
1234 2189 1268 2211 ut
1284 2181 1375 2211 docet
1390 2179 1441 2212 hic
1452 2180 1492 2212 D.
1504 2180 1666 2215 Thomas,
1689 2180 1807 2213 scilicet
1827 2182 1922 2212 corde
1932 2182 2076 2214 credere,
2098 2181 2132 2211 δε

1132 2232 1188 2254 ore
1197 2223 1338 2264 profiteri
1347 2244 1357 2257 ‚
1380 2222 1549 2256 secundum
1560 2225 1635 2257 illud
1646 2226 1684 2256 ad
1709 2224 1847 2257 Roman.
1864 2234 1910 2257 to.
1922 2222 2021 2256 Corde
2032 2225 2132 2255 credi-

1132 2264 1409 2307 turadjustitiam,
1431 2278 1481 2299 ore
1490 2266 1982 2310 autemconfeffiofitadsszlutem.
2007 2267 2056 2298 Ad
2069 2267 2130 2306 pri-

1133 2320 1221 2340 mum
1232 2309 1408 2342 referuntur
1431 2312 1522 2342 verba
1535 2312 1586 2343 illa
1601 2311 1691 2353 liujus
1702 2310 1948 2342 Constitutionis
1959 2332 1968 2344 ‚
1983 2308 2126 2352 firmiter

1130 2351 1298 2385 credimus.
1323 2353 1370 2384 Ad
1382 2354 1549 2386 secundum
1566 2354 1741 2387 referuntur
1752 2353 1936 2388 immediate
1948 2353 2105 2392 sequentia
2117 2372 2128 2387 ‚

1131 2397 1326 2435 Simpliciter
1335 2395 1512 2431 confitemur
1522 2420 1530 2427 .

1175 2439 1310 2480 Reliqua
1328 2441 1365 2472 ad
1374 2436 1601 2482 expositionem
1619 2442 1708 2480 hujus
1719 2438 1964 2472 Constitutionis
1981 2439 2053 2469 vide
2076 2436 2127 2469 hic

1132 2493 1183 2523 per
1191 2482 1404 2518 Hosticusem,
1423 2484 1467 2525 jo.
1479 2484 1574 2516 Andr.
1587 2486 1620 2516 &
1636 2483 1803 2515 collectas.
1813 2482 1847 2513 &
1860 2479 2011 2521 praecipue
2022 2490 2074 2521 per
2085 2480 2125 2512 D.

1130 2526 1292 2557 Thomam
1310 2528 1342 2556 in
1355 2525 1405 2557 sua
1425 2528 1536 2566 glossa,
1557 2536 1625 2567 qus:
1642 2527 1771 2557 habetur
1787 2523 1880 2564 opusc.
1894 2533 1942 2564 23.
1962 2523 2069 2558 Nam,
2092 2533 2126 2555 ut

1130 2570 1234 2610 inquit
1247 2569 1295 2599 hic
1308 2568 1391 2598 Bald.
1402 2570 1435 2599 in
1446 2570 1546 2608 princ.
1557 2578 1611 2602 ea,
1632 2578 1700 2609 quae
1709 2569 1915 2599 continentur
1927 2567 1960 2598 in
1971 2567 2030 2598 hoc
2041 2567 2127 2608 capi-

1130 2613 1213 2645 tulo,
1237 2613 1393 2651 pertinent
1410 2612 1448 2642 ad
1459 2611 1581 2652 apicem
1600 2610 1804 2652 Theologiae‚
1826 2619 1936 2642 contra
1956 2620 2052 2651 quam
2061 2620 2127 2651 pei·-

1130 2654 1250 2688 niciosc}
1272 2663 1409 2687 erratur.

241 2834 347 2888 DE
381 2832 658 2890 SUMMA
691 2834 1133 2899 TRINITATE,
1166 2836 1263 2890 ET
1294 2837 1468 2892 FIDE
1502 2834 1977 2892 CATHOLICA.

520 2958 634 3008 'Idem
667 2965 911 3009 Innocentius
944 2965 1015 3007 ΙΙΙ.
1049 2965 1090 3007 in
1123 2961 1257 3011 eodem
1290 2961 1457 3012 Concilio
1484 2960 1696 3026 generali.

712 3070 796 3123 ·C
861 3072 914 3124 A
978 3070 1020 3122 P
1084 3071 1258 3127 U·T
1372 3073 1444 3127 II.

93 3173 178 3256 D
189 3172 394 3216 Amnamus
411 3189 523 3227 ergo,
548 3180 588 3219 &
605 3179 846 3228 reprobamus
862 3179 1028 3218 libellum
1043 3205 1054 3223 ‚
1077 3181 1139 3219 seu
1157 3182 1370 3224 tractatum,
1395 3191 1510 3230 quem
1526 3180 1837 3230 AbbasJoachim
1855 3178 1965 3217 edidit
1975 3185 2110 3231 eontra

142 3270 148 3277 ,
203 3225 412 3272 magistrum
423 3228 574 3265 Petrum
584 3228 841 3266 Lombardum
850 3229 896 3265 de
907 3229 1046 3267 unitate
1056 3255 1066 3271 ‚
1090 3230 1150 3267 seu
1161 3230 1309 3268 effentia
1318 3230 1507 3269 Trinitatis
1515 3254 1528 3271 ‚
1545 3230 1735 3278 appellans
1746 3229 1862 3278 ipsum
1873 3228 2090 3280 haereticum
2105 3250 2116 3265 2

90 3271 129 3308 &
140 3269 304 3324 {nsanum
314 3298 324 3314 ›
348 3285 418 3322 pro
431 3286 479 3312 eo
490 3276 594 3323 quod
606 3278 646 3314 in
666 3275 735 3313 suis
743 3276 831 3314 dixit
841 3277 1031 3314 sententiis
1044 3303 1054 3319 ,
1079 3279 1261 3326 quoniam
1273 3279 1437 3326 quaedam
1448 3276 1590 3315 summa
1599 3290 1656 3316 tes
1666 3278 1717 3316 est
1725 3279 1850 3317 Pater,
1874 3275 1911 3311 &
1921 3273 2029 3312 Fillus
2039 3297 2048 3312 v
2076 3273 2115 3310 &

91 3319 245 3372 Spiritus
254 3317 390 3373 sanstus
402 3348 413 3364 ,
435 3324 474 3362 &
484 3324 546 3361 illa
555 3336 638 3362 non
650 3324 699 3362 est
708 3336 891 3373 generatis
899 3350 909 3365 ‚
919 3336 1043 3374 neque
1056 3328 1181 3375 genita
1189 3352 1199 3368 ,
1217 3339 1341 3374 neque
1351 3326 1559 3374 procedens
1570 3343 1577 3362 z
1588 3327 1686 3364 unde
1694 3325 1812 3365 afferit
1821 3349 1832 3366 ,
1841 3321 1945 3372 quod
1955 3321 2019 3358 ille
2030 3332 2113 3357 non

90 3375 165 3402 tarn
175 3367 418 3420 Trinitatem,
430 3372 543 3419 quam
555 3375 841 3420 quaternitatem
854 3373 1030 3411 astruebat
1041 3376 1078 3411 in
1090 3376 1177 3413 Deo
1187 3400 1197 3415 ,
1222 3375 1393 3412 videlicet
1404 3383 1477 3412 tres
1486 3374 1678 3423 personas,
1704 3373 1851 3411 &illam
1862 3379 2111 3423 communem

94 3413 282 3452 essentiam
292 3416 392 3463 quasi
401 3429 566 3464 quartam
576 3434 587 3461 5
609 3421 798 3459 manifeste
807 3421 1012 3471 protestans
1021 3448 1031 3463 ‚
1056 3423 1159 3471 quod
1170 3422 1269 3459 nulla
1279 3434 1335 3459 res
1352 3423 1401 3460 est
1411 3435 1491 3471 quae
1499 3422 1542 3460 fit
1551 3423 1657 3459 Pater
1666 3446 1677 3462 ‚
1701 3421 1740 3458 ἀ
1750 3421 1858 3458 Filius
1872 3444 1882 3461 ‚
1909 3419 1947 3456 δε
1958 3419 2112 3474 5ριτιξι1β

93 3459 231 3501 sanstus
241 3487 251 3505 ‚
260 3475 331 3520 uec
341 3463 391 3503 est
400 3464 546 3505 effentia
555 3493 564 3510 ‚
584 3481 655 3508 nec
664 3468 855 3520 substantia
865 3495 876 3513 ,
893 3481 965 3511 nec
976 3480 1102 3510 natura
1113 3471 1301 3518 :quamvis
1313 3473 1501 3516 concedat
1511 3495 1521 3512 ‚
1540 3470 1641 3517 qued
1653 3470 1777 3511 Pater,
1797 3470 1834 3508 ὅ(
1844 3467 1971 3508 Filius,
1993 3466 2030 3502 δε
2039 3465 2113 3510 Spi-

1995 3518 2071 3544 ritus
