2397 3664
739 0 826 64 De
849 0 1098 69 Rescrip‘t·
1127 12 1170 50 c,
1190 0 1332 51 Inter
1361 7 1589 51 eaeteras.

165 93 206 128 46
231 88 440 122 Alternaetiva
449 91 631 131 regulariter
639 88 679 131 est
696 90 851 123 eleffionis
859 111 870 126 ‚
891 99 947 120 non
964 85 1083 119 ordinis
1092 109 1100 117 .

169 140 212 171 47
230 133 258 163 F
259 133 345 169 allii,
348 133 381 177 st
383 133 427 178 stt
439 135 536 177 posita
545 136 627 166 inter
635 132 778 174 diversas
789 131 929 175 perfimas
939 153 950 169 ‚
960 133 997 165 Θ·
1006 133 1039 162 in
1048 128 1145 170 prim&

277 178 445 221 nqmznatis
458 175 557 222 fiabstt
566 177 666 216 major
674 179 757 208 rasio
767 199 775 208 .
1046 204 1060 219 ,

165 219 207 257 48
227 218 394 256 DisJumS‘ba
404 222 501 265 pofita
511 224 592 252 inter
599 217 739 261 personas
749 241 760 256 ,
788 220 870 251 inter
878 227 954 256 quas
972 215 1062 250 cadit
1071 212 1145 257 affe-

276 261 335 293 eho
343 274 375 294 or
380 261 492 296 dinam
504 275 561 295 non
569 273 603 293 re
618 263 733 294 olvitur
740 264 774 293 in
783 261 971 299 conjunctam
979 284 988 292 .

166 312 208 342 49
229 304 338 337 Vitari
340 318 373 338 us
381 307 521 349 Capituli
538 308 564 338 S
565 316 578 336 e
602 316 617 336 e
626 314 759 337 vacante
767 315 823 336 non
853 303 925 345 otest
935 305 1007 343 eligi
1016 314 1072 334 non
1081 303 1148 334 Do:

274 347 352 386 Hor,
366 358 420 380 aut
430 351 640 384 Licentiatus,
659 350 692 379 ni
707 361 717 380 ι
729 350 762 380 in
780 346 818 380 de
833 347 927 380 etium
944 343 1144 387 aliorumghis

276 391 478 429 qualitatibus
487 390 678 432 praeditorum
688 414 697 423 .

164 439 205 471 50
225 434 385 473 Regularcs
393 433 604 474 nongraduati
611 445 652 466 an
661 437 766 478 pofflnt
774 433 890 475 eligi-in
899 434 1144 467 Examinatorcs

272 480 298 509 S
294 476 442 521 ynodales
451 476 646 520 existentibus
652 476 800 516 graduati
801 489 816 509 s
824 501 832 508 .

170 529 183 556 ς
192 528 204 550 1
229 520 389 558 Regulam
397 520 539 562 deputari
547 532 604 553 non
621 518 868 562 possunt-ludices
878 517 1048 563 synodales
1057 541 1067 554 9
1088 525 1142 549 aut

275 563 512 603 Conservatores
524 586 535 600 ,
552 564 612 607 nist
632 567 774 595 habentes
785 565 951 602 qualitates
961 562 1122 603 requifitas
1134 584 1141 592 ι

167 613 205 644 52
229 605 409 649 ,Qualitares
426 606 494 638 atriu
512 607 657 651 requisttae
666 604 771 639 debent
791 605 859 638 ablu
870 615 1041 637 concurrere
1051 626 1061 640 ‚
1079 615 1131 634 nec

265 645 387 689 fhfficit
405 649 544 690 aptitudo
560 674 568 682 .

168 697 185 729 5
192 699 206 730 3
228 690 334 723 Didio
346 714 356 728 ‚
368 693 472 728 Etiam
481 715 493 729 ,
510 694 653 735 implicat
665 691 787 734 causam
796 695 896 732 magis
905 688 1103 723 dubitabilem
1114 712 1122 721 .

168 739 210 772 54
226 734 391 774 Concurfiis
410 735 531 768 habitus
540 748 640 769 coram
650 733 927 768 Examinatoribus
944 745 1000 766 non
1016 731 1142 773 Magis-

272 781 332 809 tris
342 800 352 815 ,
365 778 418 820 sen
430 778 608 813 Dofloribus
618 802 627 816 ‚
645 789 699 811 aut
709 780 898 812 Licentiatis
908 781 941 810 in
952 776 1118 817 The-elogia
1131 798 1141 813 ,

273 822 325 853 vel
334 823 397 862 jure
407 826 528 855 Carioni
530 835 561 856 co
570 846 581 860 ,
602 834 657 854 non
667 821 709 864 est
718 823 817 854 nullus
829 846 836 854 .

164 869 180 901 5
186 871 201 901 5
226 864 339 898 Doaor
348 868 471 906 ignarus
477 865 602 908 perinde
611 877 648 898 ac
656 866 755 898 nullus
764 889 772 896 .

107 953 120 977 1
145 953 173 1021 Ι
187 949 270 981 Nter
279 963 314 984 cae
321 961 404 984 teras
413 976 421 985 .
442 952 486 984 Ex
497 951 686 998 disjunctive
699 952 834 985 narratis
847 952 881 983 in
892 950 1042 990 rescripto
1063 948 1141 980 suffi-

166 1022 170 1024 ,
207 993 252 1025 cit
264 995 453 1037 impetranti
465 996 598 1028 alterum
610 996 739 1037 probare
753 1019 761 1026 .
784 995 856 1027 Hoc
868 994 948 1026 dicit
966 992 1139 1024 secundum

144 1033 193 1073 Jo.
206 1036 303 1072 Andr.
313 1040 346 1071 δέ
355 1038 430 1070 DD.
442 1040 678 1073 communiter,
699 1039 756 1070 Vel
766 1036 883 1070 clarius
895 1034 1067 1069 secundum
1081 1035 1141 1066 Ab·

145 1077 252 1112 batem
263 1080 316 1113 :si
324 1081 405 1123 Papa
414 1084 543 1114 mandat
555 1082 746 1121 inrcscripto
757 1084 795 1114 de
815 1081 936 1112 duobus
959 1078 1079 1119 inquiri
1101 1079 1142 1110 al-

145 1124 304 1157 ternative
317 1127 356 1156 ad
366 1134 489 1158 certum
499 1124 644 1157 effectum
656 1124 911 1165 consequendum
922 1145 932 1159 ,
943 1121 1054 1154 sufficit
1067 1122 1143 1154 alte-

144 1173 216 1196 rum
226 1167 350 1206 probari
361 1192 369 1200 .
394 1166 586 1209 Communis
596 1167 710 1201 divisio
719 1190 727 1198 .
740 1166 946 1199 Consultatio
956 1188 965 1202 ,
977 1167 1009 1197 ὅ(
1020 1165 1143 1205 respon-

144 1206 209 1254 fio.
220 1209 364 1242 Secunda
375 1210 420 1242 ibi
431 1233 442 1248 ,
452 1213 548 1243 Huic.
562 1212 600 1245 Et
617 1210 718 1253 prima
729 1221 796 1251 pars
805 1209 1015 1242 subdividitur
1026 1231 1034 1240 .
1056 1207 1143 1240 Nam

145 1252 251 1326 portu-io
279 1254 410 1294 ponitur
436 1254 564 1296 quaestio
586 1278 594 1287 .
633 1253 780 1286 Secundo
817 1252 992 1287 declaratio
1002 1275 1011 1289 ,
1040 1251 1086 1284 ibi
1131 1274 1142 1288 ,

175 1304 246 1328 uta.

106 1345 126 1368 2
172 1378 178 1383 ⁵
191 1337 282 1373 Nota
291 1339 447 1380 primo‚ad
461 1340 714 1373 verificationem
723 1339 919 1381 disjunctivae
929 1362 938 1375 ,
951 1339 966 1370 s
963 1348 1001 1371 eu
1010 1339 1144 1370 alterna*

153 1388 226 1413 tivae
238 1382 374 1416 sufficere
386 1385 516 1417 alteram
527 1394 648 1426 partem
659 1384 717 1416 esse
729 1394 834 1415 veram
843 1407 850 1414 .
869 1383 907 1415 Et
917 1385 953 1414 ad
966 1384 1023 1413 hoc
1035 1382 1143 1422 quoti—

149 1423 203 1457 die
216 1425 370 1468 allegatur
381 1427 444 1459 haec
457 1427 646 1463 Decretalis‚
655 1429 829 1459 concordat
849 1436 915 1468 cap.
934 1428 971 1457 In
981 1426 1144 1457 alternati-

145 1470 198 1498 vis
206 1490 216 1505 ,
226 1468 262 1500 de
272 1471 364 1509 regul.
371 1470 485 1509 jur-lib,
496 1475 525 1502 6.
536 1472 597 1503 [δι’
607 1473 672 1509 quis
683 1467 1001 1511 itastipulatusfherit
1012 1492 1020 1506 ‚
1041 1467 1078 1500 &⁶
1087 1469 1142 1507 leg.

105 1517 124 1549 3
145 1511 169 1540 S
170 1512 254 1558 iguis
263 1516 311 1545 ita
313 1512 358 1554 sti
361 1516 478 1555 putetur
488 1513 545 1556 ,ff.
558 1513 593 1545 de
601 1512 755 1546 verborum
767 1513 946 1553 obligatione
957 1513 1061 1547 „Hinc
1071 1523 1144 1545 cen-

148 1558 207 1601 suit
219 1555 481 1598 &congregatio
492 1557 814 1590 ConciliiClericum
837 1557 1060 1590 beneficiatum
1081 1556 1144 1588 fori

147 1599 462 1643 privilegiogaudere
472 1624 482 1637 ,
506 1599 581 1633 licet
592 1611 697 1632 careat
709 1600 863 1641 requisiti<
876 1601 999 1633 habitus
1009 1623 1019 1637 ‚
1030 1602 1062 1632 &
1074 1610 1144 1632 ton—

150 1643 226 1672 lurae
237 1643 395 1676 clericalis
407 1667 416 1680 ,
437 1646 469 1676 ὃς
482 1644 604 1676 servitii
623 1643 786 1679 Ecclesiae,
804 1644 880 1683 quia
897 1643 1043 1675 Trident.
1055 1642 1145 1676 Con-

145 1684 216 1715 cilii
228 1688 391 1718 decretum
400 1690 433 1719 in
442 1696 510 1729 cap.
522 1686 623 1727 &sessi
636 1697 674 1728 23
699 1687 840 1728 loquitur
851 1687 1038 1720 alternative
1050 1709 1060 1723 ,
1085 1686 1142 1719 ibi:

149 1727 230 1771 Ntst
238 1727 412 1767 beneficium
425 1733 453 1762 E
457 1731 670 1773 cclefiasticum
682 1729 793 1763 habeat
804 1753 813 1766 ,
834 1741 887 1761 aut
908 1732 1080 1763 cler1calem
1092 1730 1145 1762 ha-

146 1768 243 1801 bitum
253 1794 263 1808 ,
284 1772 322 1805 0³⁹
330 1772 481 1814 tonfiiram
493 1773 628 1815 deferetis
639 1775 733 1805 alicui
744 1775 772 1804 Ε
775 1774 882 1817 cclefiae
892 1785 932 1806 ex
944 1773 1092 1807 mandato
1104 1776 1130 1805 E
1133 1793 1145 1798 -

145 1812 255 1855 piscopa
266 1815 420 1857 inserviat
430 1840 437 1848 .
461 1817 499 1848 Et
512 1818 550 1848 sic
563 1817 673 1851 sufficit
683 1818 814 1849 alteram
825 1828 943 1858 putem
956 1817 1144 1858 alternative¹

148 1858 307 1903 verificari
317 1870 368 1900 per
379 1861 520 1901 regulam
532 1861 621 1901 liujus
632 1859 808 1893 Decretalis
820 1886 830 1896 .,
851 1861 885 1892 ln
905 1861 1097 1894 alternativa
1117 1873 1145 1893 e-

150 1908 220 1932 mm
231 1902 433 1943 dispositione
442 1914 541 1936 unum
554 1903 588 1934 in
608 1903 720 1936 effectu
738 1904 945 1941 continetur,
964 1905 986 1936 l.
1007 1903 1085 1937 Ciam
1106 1905 1145 1936 il-

146 1942 201 1974 lud
209 1941 266 1986 ,ffi
277 1956 364 1983 quan.
376 1945 441 1980 dies
451 1947 506 1986 leg.
517 1944 580 1977 ced.
591 1947 647 1985 leg.
658 1949 695 1978 Si
705 1946 852 1983 illud,ubi
864 1945 994 1989 [hid-ff,
1004 1947 1040 1979 de
1050 1950 1141 1986 legat.

104 1994 125 2024 4
145 1995 174 2018 2.
196 1986 293 2020 Unde
303 1991 359 2030 qui
371 1989 563 2025 alternative
575 1989 655 2029 petit
666 2012 676 2026 ,
697 2001 764 2021 non
782 1989 902 2022 dicitur
921 1990 1048 2031 praecise
1070 1991 1144 2023 alte-

147 2039 218 2061 rum
228 2041 331 2072 petere
341 2056 350 2069 ,
373 2035 401 2070 §.
411 2035 494 2066 Huic
500 2041 601 2064 autem
612 2054 622 2068 ‚
632 2031 761 2073 institut.
774 2032 810 2064 de
820 2032 929 2064 amon.
942 2033 980 2065 Et
991 2033 1040 2065 hic
1053 2044 1143 2065 notat

106 2078 123 2109 5
147 2072 226 2104 Dec.
238 2087 271 2105 m
284 2075 421 2115 3.›1otab.
442 2076 497 2117 qui
509 2076 670 2117 propterea
689 2086 768 2107 num.
782 2086 830 2117 23.
855 2075 951 2108 insert
970 2077 1069 2108 videri
1088 2079 1144 2109 du-

148 2116 405 2152 bitabilediefflm
417 2119 504 2152 Bardi
525 2122 558 2150 in
566 2120 589 2150 b.
602 2119 673 2163 Qgtae
686 2117 743 2159 sub
753 2117 921 2151 conditione
930 2143 940 2156 ‚
964 2124 990 2154 ὁ.
1001 2123 1038 2153 Si
1058 2122 1122 2158 quis
1134 2144 1143 2157 ,

138 2157 184 2207 sf-
194 2158 231 2191 de
240 2161 350 2194 condit.
363 2160 492 2203 institut.
504 2173 598 2203 quem
610 2163 659 2194 liic
672 2161 766 2194 refert
778 2185 788 2198 ,
808 2164 840 2194 ὅ(
852 2163 991 2203 sequitur
1003 2163 1145 2199 Felmstd

139 2204 201 2245 fin,
211 2205 290 2245 verſs
303 2208 347 2237 Et
357 2215 502 2238 memento
511 2208 544 2237 in
553 2215 689 2237 aetcrnum
702 2228 712 2241 ,
735 2205 883 2238 videlicet
896 2228 905 2241 ,
925 2205 1010 2246 quod
1030 2207 1085 2247 qui
1099 2207 1144 2248 ju-

146 2246 250 2283 ravit,
270 2259 337 2281 non
346 2249 454 2282 venire
465 2259 581 2280 contra
591 2247 791 2280 contractum
802 2260 812 2284 ,-
824 2249 920 2289 potest
934 2249 1142 2281 nihilominus

154 2299 279 2330 petere,
301 2302 335 2324 ut
346 2292 481 2333 pretium
492 2291 548 2324 sibi
560 2292 754 2332 suppleatur,
775 2291 809 2323 in
819 2301 884 2332 quo
904 2291 965 2324 fuit
975 2296 1123 2334 deceptus
1134 2317 1141 2325 .

107 2332 127 2362 6
148 2333 207 2365 Sed
221 2336 238 2366 si
251 2345 368 2376 peteret
380 2334 568 2367 alternative
580 2337 716 2376 pretium
727 2335 871 2376 suppleri,
882 2336 929 2369 vel
942 2336 1141 2368 contraitum

148 2376 305 2415 rescindi,
324 2381 397 2410 esset
409 2379 548 2420 perjurus
561 2389 570 2414 ·,
590 2379 754 2419 quiaillud
767 2401 777 2414 ‚
796 2381 879 2419 quod
899 2378 940 2410 cst
961 2379 1142 2419 simpliciter

148 2421 344 2462 prohibitum
356 2444 365 2458 ,
386 2422 427 2453 est
437 2422 534 2455 etiam
553 2422 749 2462 prohibitum
770 2421 956 2454 alternative
970 2446 977 2455 .
1000 2422 1038 2455 Et
1058 2423 1141 2456 idem

149 2465 299 2496 dixerunt
309 2463 393 2506 Cyn.
404 2465 436 2496 ὃ(
447 2465 560 2505 Angel.
569 2468 601 2496 in
611 2466 635 2499 Ι,
644 2476 674 2498 2,
692 2467 724 2496 in
735 2476 764 2502 9.
777 2464 926 2506 quaestione
937 2488 946 2502 ,
966 2465 1040 2498 Cod.
1053 2465 1089 2497 de
1098 2478 1142 2496 re-

107 2510 127 2540 7
142 2506 243 2550 fitnd.
254 2508 372 2540 vendit.
394 2507 467 2538 Hoc
480 2508 609 2549 inquam
619 2507 737 2540 dietum
748 2507 918 2542 secundum
931 2509 1009 2541 Dec.
1022 2520 1087 2540 non
1098 2509 1142 2540 vi—

149 2553 242 2583 detur
253 2561 380 2587 verunr,
402 2560 470 2581 tum
479 2552 575 2591 quia,
596 2561 630 2582 ur
642 2551 784 2591 praedixi,
806 2562 913 2592 peteris
933 2552 1118 2586 alternative>
1131 2575 1142 2589 ,

149 2605 217 2627 non
227 2594 347 2626 dicitur
357 2591 485 2634 praecise
497 2594 630 2627 alterum
651 2603 771 2633 petere:
794 2594 860 2627 imo
870 2597 1060 2628 alternativa
1078 2607 1142 2628 arn-

149 2638 340 2678 biguitatem
354 2660 364 2673 ,
385 2640 415 2669 &
429 2636 657 2669 obscuritatem
668 2636 792 2670 inducit
803 2659 814 2674 ,
834 2648 868 2669 ut
878 2639 919 2673 est
930 2649 1032 2672 textus
1044 2642 1076 2669 in
1087 2640 1141 2678 leg.

152 2680 264 2714 Praetor
275 2681 376 2711 edixit
386 2703 395 2717 ‚
420 2683 446 2717 ξ.
458 2679 549 2723 Qod
558 2689 657 2710 autem
668 2701 680 2715 ,
692 2679 734 2721 fsss
747 2679 783 2710 de
791 2680 881 2719 injur.
893 2683 925 2713 in
934 2683 990 2721 leg.
1011 2682 1070 2716 Ubi
1087 2694 1141 2713 au-

108 2722 128 2752 8
151 2733 211 2755 tem
221 2746 231 2761 ,
256 2726 282 2760 ξ.
295 2723 356 2768 Qu
368 2724 402 2755 ιά
412 2746 421 2760 ,
437 2722 478 2765 ss.
487 2723 524 2756 de
532 2721 687 2755 verborum
695 2721 892 2761 obligatione,
912 2727 945 2756 &
956 2735 1046 2760 notat
1059 2726 1140 2758 Bart.

150 2769 183 2798 in
194 2768 215 2800 l.
226 2769 447 2808 Stipidationes
457 2779 514 2798 non
525 2766 707 2798 dividuntur
716 2788 726 2802 ,
745 2769 777 2796 in
787 2766 897 2797 ultima
915 2767 1064 2808 quaestione
1072 2792 1081 2805 ,
1103 2768 1140 2810 ΙΙ.

148 2809 248 2842 eodem
263 2822 274 2847 ;
295 2821 362 2843 turn
373 2810 465 2852 quia,
486 2810 540 2851 qui
552 2809 630 2850 petit
642 2808 829 2842 alternative
844 2810 978 2849 pretium
990 2808 1117 2852 suppleri
1132 2835 1142 2848 ,

149 2856 198 2884 vel
209 2854 408 2887 contractum
418 2853 573 2888 rescindi,
595 2863 660 2885 riori
673 2853 794 2883 videtur
813 2852 920 2884 venire
940 2863 1053 2885 contra
1071 2865 1140 2894 pro—

150 2896 327 2929 millionem
337 2919 346 2933 ,
367 2897 442 2938 quia
452 2897 595 2940 quamvis
607 2895 807 2936 simpliciter,
827 2897 861 2928 &
872 2894 1011 2926 absolute
1023 2898 1139 2937 promi<

150 2937 223 2972 serit
235 2950 300 2972 nori
311 2940 551 2972 contravenire:
573 2940 632 2970 hoc
645 2948 751 2970 tamen
770 2937 908 2978 intelligi
919 2940 1009 2974 debet
1027 2950 1140 2971 contra

151 2983 349 3014 voluntatem
362 2984 446 3025 ejus,
470 2983 503 3014 in
521 2982 610 3024 cujus
622 2981 761 3014 favorem
780 2981 916 3023 juravit3
937 2982 1082 3022 alioquin
1101 2993 1140 3018 eo

151 3026 279 3057 volente
292 3048 301 3061 ‚
323 3026 400 3057 benc>
411 3026 506 3066 potest
522 3024 705 3059 contractus
718 3024 855 3057 rescindi
867 3036 877 3061 ·„
895 3035 969 3056 cuin
989 3024 1048 3065 ipse
1060 3026 1139 3066 jura—

151 3078 295 3101 mentum
307 3067 359 3100 sibi
370 3069 536 3110 prasstitum
547 3069 706 3100 remittere
718 3068 808 3108 possit
819 3091 827 3104 ,
837 3078 899 3108 cap.
915 3079 942 3099 2.
954 3067 990 3100 de
1002 3067 1135 3108 sponſszl.

151 3110 284 3142 Oldrad.
295 3111 371 3151 cons,
392 3123 464 3152 241.
476 3112 600 3147 Fai‘hm
613 3114 676 3143 tale
695 3115 727 3142 in
745 3109 804 3150 fine
813 3133 822 3147 ‚
842 3110 920 3151 vers.
939 3112 1048 3142 Tertio
1067 3111 1140 3149 quid

151 3155 236 3195 plus.
259 3154 296 3186 Et
307 3155 348 3186 est
368 3155 545 3187 communis
563 3155 674 3196 opinio
683 3177 693 3191 ,
715 3165 747 3185 ut
765 3154 894 3186 testatur
913 3153 1049 3194 Rapliael
1072 3155 1140 3185 Ful-

150 3197 216 3236 ιεοιζ
227 3198 325 3240 confil.
340 3208 386 3236 39.
417 3197 466 3229 Ad
476 3201 605 3238 primum
616 3221 625 3235 ,
645 3201 677 3229 in
685 3200 782 3239 princ.
793 3200 824 3229 84
837 3199 965 3228 Alexan.
978 3196 1053 3236 cons.
1069 3206 1137 3236 125.

150 3242 233 3284 Wsis
243 3263 253 3277 ‚
275 3241 310 3273 Φ·
320 3239 515 3282 confideratis
524 3264 533 3278 ,
544 3252 623 3272 num.
638 3254 665 3275 2.
677 3240 755 3281 vers.
765 3244 789 3272 S
791 3240 897 3272 ecundia
908 3242 977 3277 quia
987 3239 1139 3278 juramen-

153 3293 216 3315 tum
227 3306 236 3320 ‚
247 3283 298 3315 lib.
315 3293 339 3315 1.
361 3286 391 3315 ὅ(
403 3284 522 3322 plenius
533 3284 610 3324 conſs
622 3295 668 3323 59.
681 3283 749 3324 Vtfh
768 3282 960 3324 instrumento
971 3305 980 3318 ,
1001 3285 1138 3324 inprinc-

150 3327 204 3359 lib.
220 3324 443 3366 1.&n.7.verſs
454 3326 632 3368 Nongobstat
651 3338 775 3359 tertium
795 3351 803 3358 .
823 3326 1043 3368 Qiamobrem
1062 3326 1139 3367 peti-

154 3371 204 3401 tio
213 3370 419 3405 alternatim,
438 3379 505 3409 qux
518 3370 550 3400 in
563 3370 672 3402 effectu
684 3373 795 3412 pendet
807 3372 822 3401 a
843 3371 1007 3402 voluntate
1017 3369 1138 3402 debito-

160 3414 202 3447 ris
213 3435 223 3451 ‚
240 3423 329 3455 cujus
340 3411 381 3444 est
390 3411 503 3444 elediio
512 3434 521 3449 ,
532 3415 553 3444 l.
563 3414 736 3452 Plerumque
745 3425 778 3445 ιη
787 3412 906 3456 fiue,ff.
916 3411 1018 3455 desjur.
1028 3411 1090 3446 ἀοῖ,
1101 3413 1138 3453 Θ

232 3455 336 3500 Prosp.
343 3458 482 3497 Fagnan.
491 3457 524 3488 in
534 3457 561 3489 J.
572 3455 642 3492 Lib.
652 3458 807 3492 Decretal.

2012 14 2114 62 ¹47

1182 85 1212 117 d.
1222 97 1281 125 reg.
1293 88 1329 118 In
1340 87 1543 118 altersmn'ws
1553 106 1563 121 ‚
1575 93 1641 116 non
1649 83 1775 117 videtur
1784 82 1842 116 esse
1852 81 2012 124 prohibita
2021 106 2030 115 .
2042 83 2114 116 Nec
2125 95 2177 117 ven

1180 139 1250 160 rum
1261 129 1401 171 est,quod
1412 129 1595 170 prohibetur
1607 126 1787 168 simpliciter
1796 126 1915 159 censeri
1926 127 2023 159 etiam
2033 127 2174 168 prohibi-

1181 182 1249 204 tum
1260 170 1448 205 alternative
1463 182 1554 204 :nam
1568 172 1601 202 in
1613 169 1812 203 contrarium
1822 168 1864 201 est
1872 169 1958 201 casus
1969 170 2033 201 inl.
2055 167 2173 208 Adige-

1179 226 1222 252 re,
1235 213 1337 256 §.r-ff.
1345 212 1573 255 &jurepatnffl‘
1582 217 1615 246 in
1625 212 1742 256 l.fi71.§.
1753 214 1784 244 Is
1793 210 1974 259 qui,ffiQi‚
1984 211 2022 246 ὠ
2031 212 2051 244 a'
2061 211 2174 250 quibus.

1180 258 1220 290 Et
1232 258 1273 290 est
1283 259 1360 299 gl.in
1370 259 1572 291 c.Multorum
1581 259 1614 289 in
1624 269 1689 289 ver.
1702 258 1772 288 Aut
1781 265 1875 293 certe,
1885 266 1935 294 27·
1945 266 1972 294 q.
1986 267 2015 287 2.
2028 254 2177 288 Praedicta

1182 311 1287 333 autern
1298 302 1423 342 regula,
1452 300 1602 333 videlicet
1613 300 1646 331 in
1665 299 1861 331 alternativis
1874 300 1946 332 satis
1964 299 2022 331 effe
2044 299 2175 331 alteram

1179 354 1300 385 partein
1309 345 1367 376 esse
1379 354 1484 376 veram
1493 366 1504 380 ,
1527 353 1589 375 tres
1601 343 1714 383 recipit
1725 343 1942 376 declaratione
1954 366 1955 369 =
1968 366 1976 374 .

1223 386 1329 420 Primo
1339 387 1427 420 enim
1437 387 1615 419 declaratur
1627 408 1636 422 ‚
1645 386 1695 417 seu
1706 385 1903 428 restringitur
1913 409 1923 422 ,
1943 395 1978 417 ut
1989 394 2173 426 nonproce-

1179 432 1233 462 dat
1246 431 1278 462 in
1290 430 1479 462 alternariva
1488 452 1497 466 ‚
1520 440 1587 470 qua:
1600 428 1728 469 ponitur
1739 428 1822 461 inter
1832 429 1975 470 personas
1985 451 1995 465 ,
2004 428 2081 470 quia
2093 438 2172 462 tunc

1178 473 1348 505 resolvitur
1361 474 1395 505 iri
1403 473 1628 513 copulativam,
1638 473 1671 502 ὃ(
1682 472 1722 504 sic
1733 472 1904 513 requiritur
1913 471 2084 504 concursus
2094 471 2174 503 utri-

1178 516 1278 557 usque
1289 517 1430 557 copulati
1441 525 1543 547 textus
1554 514 1595 546 est
1605 516 1637 545 in
1648 515 1670 545 l.
1682 513 1763 546 Ciam
1773 514 1948 553 quidamss.
1959 514 1996 547 de
2006 513 2112 547 verbor
2118 514 2176 590 ‚Sfi-,

1175 559 1279 600 gnific.
1293 558 1390 591 Unde
1402 559 1423 590 si
1434 558 1562 590 testator
1575 557 1717 591 instituat
1727 558 1879 590 liaeredem
1887 558 2031 595 Titium,
2057 567 2111 590 aut
2144 568 2175 589 e·-

1176 603 1244 645 jum
1254 625 1264 640 ,
1286 603 1379 634 ambo
1390 612 1482 634 erunt
1494 602 1647 640 haeredes,
1667 609 1700 631 ut
1713 600 1756 631 ibi
1766 601 1808 632 est
1818 601 1904 633 casus
1915 625 1923 633 .
1943 602 1980 634 Et
1992 601 2135 633 similiter
2148 600 2171 632 si

1177 646 1260 687 Papa
1267 645 1411 677 conferat
1424 645 1614 677 beneficium
1625 642 1736 679 Titio,
1757 653 1810 676 aut
1820 644 1892 687 Sejo
1902 667 1912 680 ,
1934 645 2060 685 utrique
2080 645 2173 676 debe-

1177 699 1228 721 tur
1240 689 1430 721 beneficium
1440 711 1449 725 ,
1470 691 1503 720 ὅς
1514 698 1579 719 uno
1589 686 1751 718 recusante
1761 709 1770 723 ‚
1792 687 1942 720 accrescit
1952 688 2041 719 alteri
2054 698 2063 724 ς
2085 689 2117 719 &
2127 687 2175 719 di—

1177 732 1243 765 ἃίο.
1252 755 1262 770 ,
1270 733 1342 769 Vel,
1364 734 1474 764 eodem
1486 732 1582 763 modo
1592 740 1668 761 tunc
1680 730 1808 770 ponitur
1828 729 2007 770 copulative
2019 753 2027 761 .
2050 730 2100 761 Ita
2120 740 2175 761 no-

1177 776 1320 808 tabiliter
1335 786 1387 816 per
1398 775 1428 807 d.
1440 776 1460 807 l.
1470 774 1550 807 Citm
1559 772 1682 811 quidam
1692 795 1702 809 ,
1722 773 1882 804 resolvunt
1892 773 2019 805 Archid.
2033 774 2066 804 &
2077 773 2171 805 Gem-

1176 822 1209 850 in
1221 819 1420 860 apastoralis
1432 828 1461 858 7,
1471 829 1531 857 (1.1.
1542 819 1574 850 &
1587 816 1726 857 sequitur
1737 816 1833 848 Fclin.
1846 813 1934 848 hicn.
1949 820 1994 848 16.
2006 815 2087 856 vers]
2097 816 2175 849 Fal-

1177 862 1216 894 lit
1226 863 1322 903 prime>
1331 886 1339 899 ,

1219 905 1378 938 Caeterum
1389 905 1451 936 brec
1462 903 1637 937 declaratio
1648 901 1762 943 recipit
1772 902 1846 934 ocio
1857 902 2015 935 notabiles
2028 901 2169 933 sublimi-

1177 949 1315 980 tationes
1325 972 1334 985 ‚
1355 959 1431 990 quas
1442 948 1532 989 ponit
1544 947 1602 989 Ias.
1614 949 1646 977 bn
1657 945 1686 978 d.
1699 947 1719 978 l.
1731 945 1810 979 Citm
1818 943 1941 984 quidam
1951 968 1960 983 ‚
1974 948 2010 978 ad
2021 954 2116 987 quem
2128 954 2173 976 re-

1177 992 1286 1023 misiffe
1298 992 1309 1023 s
1310 991 1428 1024 ufficiat
1437 1015 1445 1022 .

1220 1034 1378 1072 Secundo,
1391 1034 1534 1076 praedicta
1543 1034 1652 1075 regula
1661 1032 1840 1065 declaratur
1851 1035 2019 1073 procedere
2028 1054 2039 1068 ,
2052 1031 2072 1062 si
2082 1031 2175 1064 alter-

1178 1078 1286 1110 nativa
1298 1078 1498 1119 concipiatur
1509 1088 1560 1118 per
1571 1078 1665 1108 verba
1676 1075 1910 1112 affirmativam
1923 1076 1957 1108 in
1968 1076 2112 1116 exemplo
2123 1074 2174 1107 hic

1178 1121 1278 1161 posito
1289 1121 1322 1152 in
1335 1121 1460 1158 littora,
1482 1123 1514 1152 ὃ(
1525 1123 1557 1152 in
1567 1121 1589 1152 l.
1603 1120 1779 1157 Plerumque
1789 1142 1798 1155 ,
1819 1118 1918 1161 infine
1929 1119 1988 1159 ,ffl
2001 1121 2036 1150 de
2047 1117 2103 1155 iar,
2112 1116 2175 1149 dot.

1178 1163 1273 1195 Secus
1285 1164 1304 1195 si
1317 1174 1369 1205 per
1384 1166 1478 1198 verba
1488 1163 1648 1205 negativa,
1658 1162 1734 1203 quia
1743 1172 1881 1203 oportet,
1893 1172 1926 1194 ιιι
1939 1171 2086 1194 neutrum
2095 1171 2174 1193 con-

1179 1207 1296 1248 tingat.
1306 1206 1427 1240 Textus
1438 1207 1478 1239 est
1489 1210 1523 1238 in
1533 1205 1563 1239 d.
1574 1207 1635 1238 l.Si
1645 1208 1710 1243 quis
1720 1203 1939 1246 instipulatus
1950 1228 1960 1242 ‚
1970 1202 2176 1247 infine,ff.de

1179 1249 1422 1289 verborabltgat.
1434 1251 1488 1282 ubi
1500 1250 1520 1281 si
1531 1249 1691 1291 promittis
1703 1258 1733 1280 te
1741 1250 1902 1285 daturum,
1914 1248 1933 1279 si
1945 1249 2034 1280 navis
2045 1259 2111 1280 non
2123 1258 2176 1279 ve-

1179 1295 1275 1331 nerit,
1286 1304 1338 1326 aut
1351 1294 1458 1330 Titius
1467 1293 1574 1326 consul
1587 1292 1686 1325 factus
1698 1302 1762 1324 non
1773 1291 1880 1328 fuerit,
1892 1292 1991 1323 adhoc
2003 1301 2039 1323 ut
2051 1301 2116 1323 non
2128 1301 2176 1323 te-

1180 1338 1282 1369 nearis
1293 1360 1302 1374 ,
1314 1338 1487 1378 requiritur
1498 1360 1508 1374 ,
1528 1346 1697 1376 utrumque
1709 1345 1775 1366 non
1796 1333 1911 1367 facium
1923 1335 1981 1370 effe
1991 1358 1999 1365 .
2023 1335 2069 1366 Ad
2090 1336 2176 1367 idern

1181 1390 1284 1413 textus
1294 1384 1326 1412 i'n
1336 1382 1356 1413 l.
1368 1383 1404 1413 Si
1415 1383 1442 1411 is
1454 1384 1501 1418 qm'
1513 1378 1640 1411 ducenta
1651 1402 1661 1415 ,
1684 1384 1712 1416 ς,
1723 1378 1832 1411 Utrum
1841 1400 1850 1414 ‚
1865 1375 1910 1418 ffi
1922 1376 1958 1409 de
1967 1375 2027 1410 reb.
2040 1375 2108 1414 dub,
2119 1377 2175 1410 ubi

1182 1424 1202 1454 si
1216 1424 1254 1456 sic
1269 1424 1471 1465 concipiatur
1482 1422 1641 1464 stipulatio
1651 1444 1661 1458 ,
1684 1422 1704 1453 li
1717 1422 1795 1453 illud
1808 1443 1818 1457 ,
1829 1431 1882 1452 aut
1896 1421 1972 1452 illud
1982 1420 2097 1456 faustum
2109 1430 2179 1453 non

1180 1469 1242 1501 erit
1252 1490 1262 1504 ‚
1274 1476 1399 1509 oportet
1410 1490 1419 1503 ,
1432 1477 1466 1498 ut
1477 1476 1625 1498 neutrum
1634 1464 1751 1497 fastum
1763 1464 1799 1496 sit
1810 1487 1818 1495 .
1838 1463 1875 1496 Et
1886 1474 1995 1499 tenent
2018 1463 2068 1495 hic
2079 1463 2179 1496 Card-

1180 1523 1209 1542 η.
1221 1523 1250 1551 4.
1262 1513 1294 1542 in
1305 1513 1407 1551 prima
1418 1508 1514 1551 oppos.
1526 1511 1557 1541 δέ
1571 1509 1650 1541 Abb.
1662 1512 1695 1540 in
1709 1519 1736 1549 3.
1745 1517 1804 1540 not.
1815 1519 1845 1540 n.
1859 1519 1887 1539 2.
1900 1508 1985 1541 Idem
1996 1517 2083 1540 tenet
2094 1507 2179 1549 Ang-

1180 1557 1213 1586 in
1223 1560 1254 1585 a.
1265 1555 1327 1586 LSi
1340 1556 1405 1592 quis
1415 1556 1462 1585 ita
1474 1576 1484 1590 ,
1506 1554 1538 1585 &
1549 1552 1689 1586 Marian..
1699 1551 1791 1584 Socc.
1801 1550 1878 1592 conſs
1890 1560 1939 1592 52.
1951 1551 1994 1585 Ut
2004 1562 2113 1585 veram
2123 1551 2178 1583 col·⁴

1180 1599 1292 1639 penult.
1305 1598 1419 1630 relatus
1429 1595 1478 1628 hic
1491 1597 1508 1628 :i
1524 1596 1602 1629 Dec.
1614 1608 1643 1627 n.
1657 1600 1707 1628 26.

1221 1640 1430 1674 Contrarium
1441 1649 1529 1673 tenet
1539 1637 1691 1672 1mol.hic
1703 1662 1713 1675 ,
1725 1637 1762 1671 Φ·
1771 1641 1804 1671 in
1814 1639 1869 1677 leg.
1878 1641 1992 1678 Siquis
2002 1638 2180 1680 itastipule-

1181 1695 1230 1717 tur
1242 1708 1251 1721 ,
1273 1685 1328 1716 ubi
1339 1682 1475 1726 Alex.fJ'L
1500 1682 1535 1715 de
1545 1680 1627 1715 verb.
1637 1680 1725 1722 oblig.
1734 1682 1810 1723 quia
1821 1682 1880 1715 sive
1890 1682 1991 1715 sermo
2001 1683 2037 1716 sit
2049 1683 2181 1716 affirma-

1183 1729 1267 1762 tivus
1279 1751 1288 1764 ,
1301 1728 1360 1760 sive
1373 1727 1540 1768 negativus
1560 1749 1568 1762 ‚
1586 1726 1747 1766 dispositio
1758 1725 1902 1758 effectum
1914 1727 2005 1759 habet
2017 1727 2182 1759 verificata

1182 1773 1280 1804 altera
1290 1781 1375 1813 parte
1385 1794 1394 1807 ,
1418 1781 1451 1802 ut
1460 1773 1492 1802 in
1503 1769 1536 1804 d,
1545 1770 1600 1808 leg.
1618 1771 1731 1807 Siquis
1751 1771 1798 1800 ita
1811 1767 1980 1810 stipulatus
1990 1793 1997 1801 .
2023 1770 2061 1802 Et
2080 1770 2121 1802 est
2140 1779 2180 1801 ex

1185 1825 1291 1847 mente
1305 1814 1390 1857 Dyni
1401 1826 1433 1845 cn
1444 1812 1473 1845 d.
1482 1813 1573 1852 regul.
1585 1815 1623 1844 ln
1633 1813 1837 1845 alternativis
1847 1835 1858 1848 ,
1880 1812 1957 1854 verfi
1968 1811 2178 1854 adsecundam

1181 1868 1299 1899 partem
1311 1867 1419 1899 oppono
1430 1880 1439 1893 ,
1462 1857 1516 1889 ubi
1534 1855 1615 1888 dicit
1625 1856 1683 1889 esse
1693 1855 1907 1889 differentiam
1920 1856 2002 1889 inter
2014 1855 2178 1889 alternati-

1181 1913 1252 1934 vam
1270 1901 1489 1934 affirmativam
1500 1923 1510 1936 ‚
1530 1902 1561 1931 &
1583 1899 1805 1931 alternativam
1826 1900 2006 1940 negativam
2017 1923 2027 1936 ‚
2048 1900 2124 1941 quia
2142 1899 2178 1932 in

1182 1945 1368 1979 affirmativa
1379 1943 1488 1976 sufficit
1500 1944 1633 1975 alterum
1645 1943 1712 1975 fieri
1723 1965 1732 1978 ,
1756 1942 1791 1973 in.
1800 1942 1949 1981 negativa
1957 1954 2081 1984 oportet
2102 1944 2178 1977 alte·-

1181 2000 1250 2020 rum
1262 1999 1328 2020 non
1339 1988 1428 2024 fieri3
1450 1997 1557 2019 tamen
1568 1987 1651 2019 idem
1662 1986 1720 2018 eii‘e
1741 1986 1916 2027 inutraque
1926 2009 1937 2023 ‚
1959 1986 1980 2018 si
1997 1987 2177 2019 considere-

1182 2043 1233 2065 tur
1243 2031 1369 2065 effeetus
1380 2053 1389 2067 ‚
1408 2030 1484 2072 quia
1494 2030 1527 2062 in
1540 2029 1727 2061 affirmativa
1736 2028 1848 2061 sufficit
1861 2029 1995 2062 alterum
2015 2029 2176 2063 affirmati-

2197 1039 2236 1064 10

1181 2074 1218 2107 ve
1229 2098 1238 2112 ‚
1261 2075 1293 2106 in
1307 2075 1456 2114 negativa
1465 2072 1577 2105 sufficit
1589 2074 1722 2105 alterum
1735 2071 1882 2112 negative
1895 2097 1903 2104 .
1925 2072 1976 2104 Tu
1993 2072 2151 2113 distingue
2163 2097 2172 2107 .
2204 2109 2206 2111 ,

1181 2120 1244 2150 Αιιι
1255 2118 1405 2160 quaeritur
1417 2140 1427 2154 ,
1449 2128 1489 2149 an
1501 2117 1535 2148 in
1544 2117 1733 2148 alternativa
1743 2116 1890 2155 negativa
1900 2116 2029 2148 sufficiat
2041 2113 2176 2150 alterum

1181 2161 1343 2202 adimpleri
1355 2164 1459 2201 quoad
1470 2159 1616 2192 effectum
1627 2182 1636 2195 ,
1658 2170 1691 2191 ut
1703 2160 1925 2191 committatur
1938 2159 2094 2201 stipulatio
2107 2171 2117 2195 ;
2139 2161 2175 2194 ὃς

1180 2204 1343 2237 conclusio
1355 2204 1390 2236 sit
1402 2214 1469 2240 non
1478 2204 1536 2237 else
1546 2202 1758 2235 differentiam
1768 2225 1778 2240 ,
1791 2213 1830 2235 an
1842 2203 2030 2235 alter-nativa
2040 2203 2176 2236 affirma<

1181 2247 1246 2281 ιἰνὲ
1258 2271 1268 2284 ,
1288 2249 1334 2281 vel
1346 2247 1492 2288 negative
1513 2246 1733 2287 concipiatur:
1753 2246 1830 2288 quia
1841 2256 1975 2288 utroque
1983 2246 2075 2283 casu,
2097 2246 2117 2278 fi
2130 2248 2177 2279 al-

1180 2302 1283 2325 terum
1293 2291 1473 2323 verificetur
1484 2313 1494 2328 ,
1505 2290 1721 2324 committitur
1732 2288 1889 2331 stipulatio
1899 2312 1909 2326 ‚
1932 2300 1965 2321 ut
1979 2290 2011 2321 in
2031 2291 2174 2331 exemplo

1180 2334 1321 2376 proxime
1345 2335 1446 2367 relato
1466 2357 1477 2368 ι
1495 2333 1534 2366 Et
1560 2334 1594 2365 in
1607 2334 1665 2365 lioc
1677 2333 1781 2373 primo
1791 2333 1861 2365 casu
1871 2333 2009 2374 loquitur
2021 2332 2108 2375 Dyn.
2118 2333 2174 2367 ubi

1179 2379 1267 2418 supra
1278 2402 1285 2409 .
1309 2377 1373 2411 Aut
1383 2377 1533 2419 quaeritur
1544 2400 1554 2413 ,
1575 2387 1615 2409 an
1625 2375 1754 2409 sufficiat
1766 2377 1899 2408 alterum
1910 2375 2072 2416 adimpleri
2090 2386 2172 2416 quo-

1180 2424 1215 2454 ad
1227 2421 1371 2453 effectum
1383 2443 1396 2457 ,
1415 2430 1449 2452 ut
1471 2420 1628 2461 stipulatio
1649 2430 1715 2452 nori
1734 2418 1977 2454 committatur,·
1996 2420 2028 2450 &
2042 2419 2172 2450 conclu-

1178 2467 1316 2498 dendum
1327 2464 1368 2496 est
1381 2474 1445 2495 non
1459 2463 1594 2495 sufficere
1604 2485 1614 2499 ,
1634 2462 1683 2495 sed
1699 2471 1844 2502 oportere
1857 2483 1866 2497 ‚
1887 2472 1920 2493 ιιι
1938 2471 2085 2493 neutrum
2095 2462 2149 2493 fiat
2161 2486 2169 2494 .

1180 2508 1279 2540 Unde
1292 2509 1324 2538 in
1336 2507 1495 2545 exemplo,
1516 2508 1553 2538 de
1564 2516 1629 2545 quo
1639 2505 1744 2545 supra,
1767 2504 1920 2544 promitto
1930 2507 2037 2536 decem
2050 2526 2059 2540 ‚
2082 2504 2102 2535 si
2116 2516 2169 2537 na-

1179 2551 1226 2583 vis
1237 2561 1302 2583 non
1313 2551 1436 2583 venerit
1447 2572 1456 2585 ,
1477 2559 1530 2580 aut
1540 2548 1647 2580 Titius
1657 2547 1764 2579 consul
1776 2558 1844 2579 non
1854 2547 1966 2580 fuerit:
1989 2547 2008 2578 si
2021 2557 2170 2580 neutrum

1179 2594 1347 2633 contingat
1357 2615 1366 2628 ‚
1389 2603 1454 2623 non
1465 2590 1680 2623 committitur
1700 2590 1857 2631 stipulatio
1867 2613 1877 2627 ,
1899 2601 1956 2622 nec
1976 2590 2041 2625 sum
2051 2592 2171 2632 obliga-

1179 2648 1228 2670 tus
1238 2661 1245 2668 .
1268 2637 1317 2668 Ita
1337 2637 1369 2668 iu
1388 2634 1500 2669 effectu
1519 2634 1717 2674 distinguunt
1736 2631 1786 2665 liic
1797 2634 1892 2665 Felin.
1903 2645 1932 2665 n.
1941 2637 1986 2665 16.
1998 2632 2076 2675 vers.
2088 2635 2163 2666 Fal-

1179 2683 1218 2713 lit
1228 2689 1332 2719 quarto
1343 2702 1353 2715 ‚
1372 2681 1405 2711 ὃς
1418 2678 1495 2710 Dec.
1507 2689 1536 2709 n.
1550 2681 1599 2709 26.
1621 2677 1677 2718 qui
1688 2677 1849 2718 propterea
1859 2677 1970 2709 dicun-t
1994 2680 2172 2710 cavendum

1179 2725 1237 2756 ell'e
1259 2725 1294 2754 ab
1313 2722 1434 2755 Abbate
1444 2744 1454 2758 ‚
1473 2723 1549 2753 dum
1570 2721 1603 2752 in
1622 2721 1676 2753 suo
1694 2722 1836 2761 exemplo
1845 2742 1855 2756 ,
1885 2719 2032 2761 videlicet
2043 2744 2053 2756 ,
2075 2720 2171 2753 Dabo

1179 2770 1290 2799 decem
1302 2789 1310 2802 ‚
1331 2765 1352 2796 si
1364 2766 1536 2806 Imperator
1547 2774 1612 2796 non
1628 2764 1749 2796 venerit
1762 2763 1794 2795 iri
1805 2763 1929 2795 Italiam
1940 2785 1950 2800 ,
1962 2765 2008 2795 vel
2021 2764 2102 2796 filius
2113 2765 2171 2796 mi-

1179 2811 1212 2842 hi
1224 2820 1289 2841 non
1301 2809 1443 2841 nascatur
1455 2830 1463 2843 ‚
1474 2806 1646 2844 dixit,Non
1657 2807 1721 2838 sum
1733 2806 1927 2847 obligatum
1938 2807 2072 2839 alterum
2083 2808 2168 2840 acci-

1178 2856 1247 2888 ιι;ιι,·
1258 2852 1366 2884 debuit
1376 2852 1462 2883 enim
1472 2851 1621 2888 dicerc„si
1632 2860 1779 2882 neutrum
1790 2850 1915 2881 accidat
1926 2873 1933 2881 .
1947 2849 1986 2882 Et
1996 2851 2055 2882 lioc
2068 2850 2107 2882 sic
2119 2854 2169 2883 de-

1177 2895 1405 2936 c-laratur,qui:i
1416 2895 1435 2924 si
1446 2895 1579 2926 alterum
1590 2894 1643 2925 fiat
1654 2903 1690 2924 ex
1703 2892 2070 2933 altei·nativis,stipulatio
2080 2905 2168 2926 coui-

1179 2938 1341 2975 mittitur,
1353 2948 1387 2970 ut
1398 2937 1516 2970 dietam
1528 2938 1569 2972 est
1581 2961 1590 2973 .,
1600 2937 1684 2976 Ergo
1694 2936 1710 2966 «i
1720 2937 1884 2968 contrario
1894 2936 1990 2973 sensu,
2004 2937 2023 2967 si
2036 2938 2168 2969 alterum

1179 2993 1244 3013 non
1256 2983 1321 3017 fiat,
1336 2992 1401 3013 non
1412 2981 1627 3013 committitur
1638 2979 1799 3020 stipulatio
1808 3003 1815 3010 .
1828 2980 1865 3011 Et
1877 2989 1911 3011 ut
1924 2991 2030 3012 verum
2044 2981 2147 3011 sithoc
2159 3002 2169 3016 ,

1180 3026 1209 3056 id
1222 3025 1410 3060 est,alterum
1422 3035 1488 3055 nori
1500 3023 1615 3055 factum
1625 3023 1693 3058 esse,
1705 3022 1823 3055 necesse
1833 3022 1923 3060 est,ut
1934 3034 2082 3055 neutrum
2094 3025 2147 3055 riat
2158 3046 2166 3054 .

1178 3068 1216 3099 Et
1230 3068 1275 3099 ita
1286 3069 1322 3098 ad
1334 3068 1392 3098 lioc
1405 3077 1438 3098 ut
1451 3077 1516 3097 non
1527 3066 1649 3097 oriatur
1657 3065 1813 3106 obligatio
1831 3066 2011 3107 copulative
2035 3066 2167 3106 requiri,-

1179 3121 1229 3142 tur
1239 3133 1248 3146 ,
1260 3120 1294 3141 ιιι
1304 3119 1451 3142 neutrum
1464 3110 1517 3140 fiat
1528 3132 1535 3140 .
1558 3110 1616 3141 Sed
1628 3107 1713 3141 certe
1726 3109 1828 3141 Abbas
1840 3109 1874 3141 in
1883 3120 1955 3141 ineo
1967 3110 2077 3141 codice
2100 3119 2165 3140 non

1177 3154 1258 3184 dicit
1269 3153 1345 3184 illud
1356 3175 1366 3189 ‚
1378 3155 1414 3183 ad
1425 3155 1509 3193 quod
1522 3162 1593 3183 eum
1606 3152 1743 3192 allegant
1754 3152 1850 3184 Fclin.
1861 3154 1894 3184 δε
1908 3153 1985 3184 Dec.
1999 3151 2146 3182 videlicet
2157 3173 2168 3186 ,

1180 3195 1258 3228 Non
1271 3196 1336 3227 sum
1346 3196 1505 3236 obligatus
1516 3217 1525 3231 ‚
1546 3196 1568 3225 si
1578 3195 1709 3229 alterum
1731 3196 1872 3228 accidat:
1897 3196 1946 3229 sed
1965 3194 2043 3226 dicit
2054 3216 2064 3229 ,
2088 3193 2169 3226 Non

1178 3239 1244 3271 sum
1255 3239 1412 3278 obligatus
1423 3261 1433 3275 ,
1454 3238 1476 3269 si
1487 3247 1635 3270 neutrum
1644 3237 1772 3272 istorum
1785 3239 1918 3271 accidat.
1931 3238 1968 3269 Et
1979 3238 2024 3268 ita
2034 3247 2167 3269 concor-

1178 3284 1231 3314 dat
1241 3292 1314 3313 curn
1326 3281 1393 3322 ipsis
1404 3305 1411 3312 .

1218 3326 1354 3356 Adverte
1366 3335 1472 3356 tamen
1482 3347 1492 3361 ‚
1513 3324 1590 3365 quia
1599 3324 1661 3356 haec
1672 3324 1831 3358 distinctio
1842 3321 1995 3364 procedit,
2006 3321 2028 3354 si
2037 3323 2168 3355 alterna-

1179 3369 1246 3401 tiva
1255 3377 1408 3408 concepta
1421 3368 1522 3399 vei-bis
1533 3368 1689 3409 negativis
1702 3367 1737 3398 sit
1749 3367 1845 3407 posita
1857 3367 2088 3399 iti-conditione
2099 3389 2108 3402 ,
2130 3377 2164 3397 ut

1179 3411 1373 3455 inhexcinplo
1389 3410 1525 3453 superius
1543 3410 1643 3453 posito
1655 3433 1667 3449 2
1686 3410 1778 3444 Dabo
1794 3411 1903 3484 dkcem
1914 3431 1923 3445 ‚
1944 3409 1965 3446 si
1983 3410 2072 3444 navis
2099 3420 2165 3440 non

1889 3463 1907 3486 ε,
2079 3463 2127 3484 vc-
