2397 3664
222 27 315 86 238

167 106 524 148 compromissariiwotis
537 105 726 144 singulorum
739 111 790 140 per
802 101 953 132 secretum
964 98 1152 130 scrutinium

169 149 326 191 inquisitis
340 173 349 187 ‚
371 158 539 183 teneantur
559 157 629 178 eum
651 145 787 182 eligere,
814 143 846 173 iu
865 153 960 182 quem
972 144 1071 183 major
1084 151 1151 189 pars

165 192 307 232 Colli-eii
327 192 533 224 conseni‘ciit.
558 189 591 219 Et
616 188 676 217 lioec
689 186 790 216 forma
800 187 838 216 de
849 186 917 227 jure
928 194 1156 216 communim-

167 237 232 267 lida
251 226 335 269 emt,
360 245 393 266 ut
415 243 504 265 notat
524 231 610 271 gloss.
632 241 663 259 m
675 228 1002 268 p1·ae.1lleg.c.1p.Sicui
1016 250 1023 263 ,
1045 239 1078 258 in
1088 239 1154 274 foer.

167 282 279 312 J'raetcr
292 301 299 312 ,
320 277 356 309 de
374 277 453 308 vices.
473 278 504 305 iu
524 278 553 304 6.
573 275 604 303 ὃ(
624 281 745 311 ροισι-ιι
765 270 858 302 sieria
875 271 994 302 duabus
1015 271 1154 310 partibus

166 321 407 354 cardinalium,
429 327 461 349 ut
484 318 515 347 in
536 313 650 355 puncto
669 315 938 345 tenetAnton.de
963 312 1080 344 Rosell.
1102 324 1156 345 cu-

172 367 216 396 'us
231 365 324 394 verba
335 364 370 393 aid
384 361 522 391 litteram
534 357 699 388 retulimus
711 355 796 396 suprai
813 367 893 387 num.
915 365 965 393 77.
981 367 1041 388 ver.
1055 358 1099 387 Et
1109 359 1156 387 ita

167 377 245 438 imnc
258 404 462 445 sententiam.
484 400 569 432 Nam
592 400 646 431 etsi
669 400 795 431 liaberet
815 399 1004 439 implicitam
1021 398 1155 430 formam

169 446 378 488 coinpromissi
397 467 407 481 ‚
433 446 466 476 &
485 442 631 474 scrutinii
654 453 662 477 3
684 452 759 473 tunc
783 443 932 483 temporis
952 443 986 473 in
1005 442 1160 474 ele-<stione

167 491 253 531 Phpa:
271 500 335 520 non
357 488 510 518 habebant
533 487 638 517 locum
649 485 776 523 formae,
797 485 929 517 seds‘atis
939 494 1026 521 erat,
1050 495 1084 517 ut
1095 487 1161 517 dua:

169 543 269 574 partes
289 531 516 572 quoquomodo
536 528 754 561 consentirent
778 551 788 565 ,
810 538 845 560 ut
865 526 970 569 saepius
991 528 1162 569 repetitum

167 575 228 607 cst.

209 616 330 648 Verum
351 616 445 647 liodie
476 615 572 647 stante
595 615 828 647 constitutione
846 614 1011 654 Gregorii,
1031 614 1085 654 qui
1098 614 1160 645 for-

169 671 236 693 mas
257 660 422 700 praefinivit
435 681 444 695 ,
465 658 615 702 ejusmodi
636 658 890 698 compromissum
908 658 949 689 est
968 656 1093 697 prorsus
1114 658 1160 688 in-

107 704 111 707 *
164 704 303 734 validum
322 725 332 739 ,
360 704 393 734 δε
424 703 491 734 fieri
512 713 575 733 non
596 701 691 741 potest
713 703 827 732 nedum
847 700 863 731 τὶ
883 702 1001 731 duabus
1021 700 1159 740 partibus

147 746 391 778 ‘Cardinalium
402 768 411 781 ‚
434 746 481 777 sed
495 756 550 776 nec
565 746 601 776 ab
613 744 761 775 omnibns
784 743 912 774 nemine
928 742 1129 774 dissentiente
1151 765 1160 779 ,

165 800 202 821 ut
226 788 291 821 fuse
312 789 465 820 ostensum
484 788 523 819 est
546 786 1044 827 mpisce-dentiquxstioncnum.
1057 790 1105 824 56.
1127 788 1160 818 &

165 832 288 864 constat
302 843 338 864 cx
351 833 452 864 vei-bin
463 832 605 873 glossaei'n
615 831 676 861 eod.
687 838 754 870 cap.
765 832 801 861 Si
813 831 858 860 cui
871 851 879 865 ‚
891 832 929 859 -in
940 840 1004 861 ver.
1018 833 1129 861 l’raeter
1151 842 1157 861 :

166 875 228 907 Sed
237 875 330 908 nonne
343 875 463 916 ‚inquit
479 897 488 911 ,
507 873 704 905 nominatum
715 874 826 903 minori
846 881 952 912 parte,
974 881 1076 908 exquo
1095 873 1160 913 pla-

165 923 231 951 sm‘t
239 915 392 955 omnibus,
412 927 443 949 ut
455 917 518 958 ipse
529 917 705 953 digeretur,
727 914 994 955 ellnomimitusab
1003 916 1157 947 omnibus}

165 961 300 995 Unde&
318 964 350 993 in
369 961 505 991 eleffione
526 961 653 991 Romam*
673 956 833 996 Pontificis
843 959 989 998 servatur
1008 958 1160 990 interdum

168 1006 221 1038 hoc
233 1029 242 1042 ‚
264 1004 337 1043 qnbd
347 1006 518 1035 nominatus
528 1002 547 1032 a¹
558 1003 667 1032 minori
679 1023 688 1037 ,
708 1002 795 1038 qua'm
806 1002 825 1032 a=
838 1000 950 1033 duabus
959 1001 1096 1042 partibus
1105 1001 1160 1039 ,de

168 1048 305 1089 consensu
313 1057 442 1078 omnium
453 1045 599 1077 habeatnr
607 1052 659 1084 pro
682 1046 815 1077 Romano
824 1043 972 1086 Pontifice
984 1067 992 1075 .
1013 1047 1077 1077 Dic
1086 1045 1162 1083 quod

164 1091 234 1131 jura
255 1092 409 1122 voluerunt
426 1098 525 1123 cerras
538 1088 656 1129 formas
671 1085 826 1127 servaris
838 1091 875 1119 (Υ
891 1088 966 1119 licet
987 1099 1085 1120 omnes
1096 1100 1163 1120 con-

157 1134 320 1176 sentiant,
333 1132 366 1175 si
382 1143 439 1163 non
453 1131 622 1172 servantur
638 1128 759 1171 forme,
778 1142 835 1161 non
845 1140 927 1162 tenet
944 1132 1067 1163 cleffio.
1087 1134 1165 1164 Car-

163 1175 283 1209 diaemles
302 1187 357 1207 non
376 1176 533 1206 arflantur
555 1197 564 1209 ,
583 1185 635 1205 nec
656 1172 693 1205 de
707 1172 793 1216 saffo
806 1173 940 1214 ftrvant
954 1174 1092 1217 formas,
1107 1175 1163 1215 sed

157 1220 294 1263 sufficit,
315 1218 389 1257 quod
409 1218 468 1249 dne
487 1228 590 1259 partes
611 1217 797 1256 consentiant
812 1241 819 1248 .
842 1217 917 1249 Haec
940 1217 1003 1248 ibi.
1024 1218 1108 1258 Ergo
1128 1229 1164 1249 ex

171 1258 283 1295 mente
303 1263 404 1303 glossa:
425 1272 498 1292 cum
519 1260 612 1292 hodie
633 1260 820 1292 Cardinales
841 1262 1000 1292 arctentur
1012 1264 1047 1293 ad
1063 1271 1164 1293 certas

167 1306 288 1338 formas
299 1328 309 1342 ,
333 1305 354 1337 si
365 1305 472 1336 foi-mm
493 1315 559 1335 non
581 1303 740 1336 serventur
751 1326 760 1339 ‚
783 1305 869 1335 nulla
881 1304 921 1335 est
933 1304 1046 1335 eiectio
1057 1327 1066 1341 ,
1089 1304 1165 1336 licet

164 1360 278 1381 omnes
289 1348 491 1380 consentiant
502 1371 509 1377 .
532 1347 571 1378 Et
584 1348 668 1379 idem
680 1347 781 1378 voluit
796 1347 874 1378 Abb.
885 1346 961 1387 conſs
979 1347 1089 1388 25.Jub
1099 1359 1161 1387 714.

164 1392 221 1426 lib.
236 1404 265 1425 2.
286 1393 415 1428 dicens,
436 1391 490 1422 ubi
510 1392 549 1422 de
568 1390 751 1422 necess-itate
776 1401 841 1421 non
852 1391 1081 1422 essetservanda
1102 1391 1163 1422 for-

164 1447 221 1468 ma
238 1447 262 1467 c.
283 1436 369 1479 Quia
389 1443 507 1476 propter
525 1455 536 1470 ‚
557 1433 675 1474 possent
695 1432 844 1465 electores
864 1434 1064 1465 convenii-eii
1085 1435 1167 1474 prin-

166 1478 278 1520 cipio,
299 1488 334 1510 ut
348 1478 399 1510 ille
415 1476 592 1512 siteletffhis,
614 1477 647 1507 in
657 1486 749 1516 quen]
774 1477 875 1518 major
897 1488 964 1517 pars
978 1478 1166 1509 conveniret

166 1522 307 1565 partium
325 1520 563 1561 comparatione
583 1530 744 1551 minorum
764 1541 773 1555 ‚
794 1520 868 1560 quia
888 1530 1011 1561 propter
1031 1521 1168 1561 primum

165 1565 353 1598 consensum
372 1587 382 1600 ‚
416 1566 449 1596 &
469 1563 718 1596 conventionem
737 1573 846 1594 omnes
864 1563 1012 1595 videntur
1037 1564 1168 1596 consen-

167 1609 251 1646 tire,
272 1609 350 1641 sicut
368 1610 551 1649 plerumque
564 1606 729 1637 observant
750 1605 936 1638 Cardinales
956 1607 991 1638 in
1011 1607 1165 1639 electione

164 1650 272 1694 Papae.
754 1692 760 1697 .

212 1695 359 1738 Qiintus
370 1694 456 1726 casus
465 1693 507 1725 est
530 1693 563 1725 in
586 1693 809 1732 compromisso
825 1691 842 1723 Ξι
862 1692 1089 1725 Cardinalibus
1109 1693 1167 1725 ini-

169 1750 206 1772 to
217 1740 250 1772 in
263 1739 386 1779 aliquos
396 1741 434 1770 de
454 1736 604 1778 Collegio
614 1737 667 1767 sub
677 1737 734 1767 hac
746 1736 848 1767 forma
858 1759 867 1772 ,
890 1747 923 1767 ut
936 1737 1169 1778 compromissa—

169 1783 210 1815 rii
223 1791 391 1814 teneantur
409 1781 525 1822 eligere
537 1779 738 1811 nominatum
750 1780 767 1810 ἐι
777 1780 889 1822 majori
903 1790 988 1820 parte
1007 1780 1147 1821 Collegii
1160 1803 1169 1817 ,

168 1828 257 1871 juxta
269 1834 390 1857 textum
405 1824 439 1856 in
450 1834 516 1865 cap.
528 1822 608 1856 Citm
621 1822 746 1854 asi-lesbus
756 1845 766 1859 ‚
790 1826 815 1860 §.
836 1825 944 1854 Verum
956 1845 965 1860 ‚
975 1823 1048 1866 infr.
1060 1826 1121 1854 eod.
1135 1827 1167 1855 ὃς

167 1871 221 1901 liic
240 1871 352 1901 modus
374 1868 472 1900 etiam
492 1867 556 1908 post
576 1865 806 1907 Gregorianam
827 1865 1102 1899 constitutionem
1120 1867 1168 1898 su-

171 1913 279 1945 ssineri
291 1911 389 1953 potest
399 1934 409 1948 ‚
431 1921 465 1942 ιιι
479 1910 545 1942 fuse
557 1910 757 1951 probavimus
770 1911 803 1940 in
814 1910 984 1950 quaestione
995 1912 1167 1951 praeceden.

172 1957 198 1989 ti
220 1967 298 1987 mim.
323 1964 370 1994 57.
391 1955 450 1986 Sed
471 1953 545 1985 cum
565 1953 598 1984 in
615 1954 672 1984 hac
694 1952 796 1983 forma
806 1952 1000 1993 singulorum
1011 1964 1085 1985 vota
1101 1965 1168 1985 non

172 2000 234 2032 sint
245 1999 411 2030 scrutanda
421 2020 430 2034 ‚
451 1997 501 2029 sed
512 1996 641 2028 sufficiat
653 1996 836 2027 nominatio
848 1997 976 2038 majoris
986 1998 1083 2037 partis
1094 1996 1170 2029 Col—

171 2043 250 2084 legii
272 2042 370 2073 etiam
393 2041 463 2072 aliis
475 2051 540 2072 non
552 2039 812 2079 suffragantibus,
833 2040 921 2071 &ita
931 2043 1170 2082 agaturdeprte-

174 2086 296 2128 judicio
308 2085 502 2123 singulorum
523 2083 555 2114 in
567 2093 642 2114 voce
653 2082 728 2117 sua;
742 2092 806 2114 non
817 2082 973 2114 sufficiunt
985 2086 1051 2115 duae
1063 2094 1176 2125 partes,

170 2128 222 2165 sed
242 2129 414 2170 requiritur
446 2126 612 2158 consensus
632 2125 776 2157 omnium
798 2127 925 2157 nemine
945 2127 1145 2159 dissentiente
1165 2150 1176 2164 ,

171 2183 209 2205 ιιι
221 2174 371 2214 probatur
386 2172 418 2202 in
431 2169 575 2211 predicta
586 2168 749 2200 Decretali
760 2191 768 2204 ,
793 2169 873 2200 Cam
894 2169 1023 2200 di'lefffus
1039 2193 1048 2206 ,
1067 2174 1100 2201 in
1109 2182 1173 2202 ver.

170 2216 387 2250 Unanimi-ter.
411 2215 459 2245 Ita
477 2213 540 2254 post
560 2213 647 2253 Joan.
668 2214 705 2243 de
725 2211 870 2252 Lignano
888 2213 1027 2244 declarat
1046 2214 1168 2245 Anton.

174 2262 214 2291 de
226 2260 312 2290 Butr.
325 2259 357 2289 in
372 2256 444 2288 diff.
454 2266 520 2297 cap.
532 2259 611 2288 Cum
622 2254 781 2295 expediat,
792 2266 861 2286 num
877 2266 923 2287 10.
933 2255 996 2291 eod,
1007 2259 1092 2288 tinia
1103 2260 1168 2289 6.&

173 2302 290 2334 clarius
313 2301 433 2343 patebit
454 2311 491 2332 ex
511 2300 577 2335 liis,
598 2309 666 2340 quae
685 2299 832 2330 dicentur
851 2299 964 2330 incasti
976 2300 1169 2339 proximese-

171 2345 301 2388 quenti.

218 2389 330 2420 Sextus
349 2388 435 2420 casus
457 2386 497 2419 est
510 2409 520 2423 ,
537 2396 612 2418 cuin
632 2384 820 2417 Cardinales
839 2384 955 2417 dii-cete
968 2386 1173 2426 compromit-

178 2443 252 2465 tunt
273 2432 307 2463 in
327 2432 479 2473 majorem
493 2439 612 2471 partem
623 2428 783 2470 collegii,
806 2428 896 2460 itaut
907 2429 1008 2471 major
1017 2439 1087 2470 pars
1096 2429 1173 2461 Col-

177 2475 254 2517 legii
266 2475 383 2515 eligere
393 2475 506 2505 debeat
517 2473 599 2504 votis
608 2472 804 2513 fingi-ilerum
815 2471 974 2512 inquisitis
984 2494 994 2508 ,
1015 2473 1066 2504 seu
1076 2473 1174 2504 serva-

177 2529 211 2551 ta
230 2519 334 2550 forma
352 2517 500 2552 scrutinii
519 2540 526 2548 .
549 2516 586 2547 Et
597 2515 679 2546 hunc
701 2517 832 2546 modum
850 2515 908 2547 esse
926 2516 1138 2556 improbatum
1157 2515 1175 2546 ὲ

177 2561 376 2602 Gregoriana
385 2558 747 2595 constitutione‚eti³msi
758 2558 813 2589 fiat
823 2559 951 2590 nemine
962 2559 1174 2595 dissentiente,

182 2604 304 2637 abunde
326 2604 527 2645 probavimus
545 2603 579 2635 in
589 2602 759 2644 quaestione
770 2602 1048 2642 praecedentinum.
1062 2605 1111 2642 58.
1123 2601 1173 2633 liic

105 1704 149 1735 86

110 2395 151 2430 87

1182 508 1184 511 ,
1202 481 1400 522 Gregoriana
1407 481 1647 520 constitutione,
1658 482 1801 518 similiter
1813 484 1959 517 latissime
1970 486 2137 526 probatum
2148 483 2190 516 est

531 20 697 88 Prosp.
722 16 940 84 Fagnan.
981 18 1030 67 in
1043 12 1263 69 Primum
1284 11 1487 67 Librum
1516 10 1779 68 Decretal.

1193 98 1278 129 enini
1290 96 1390 127 sextus
1400 97 1486 127 casus
1497 95 1653 127 coincidit
1664 104 1716 136 per
1726 96 1835 129 omnia
1844 106 1918 130 cum
1927 104 2042 148 quarto
2051 99 2066 130 s
2064 91 2187 140 uper-isis

1193 140 1331 180 expresso
1341 160 1351 175 ‚
1373 149 1407 170 ac
1419 136 1551 178 proinde
1561 138 1698 178 regulari
1710 139 1803 171 debet
1813 140 1983 174 secundum
1993 142 2078 175 illius
2089 144 2188 174 deter-

1196 191 1409 214 minationem
1420 204 1427 211 .

1237 224 1392 265 Septimus
1404 246 1413 260 ‚
1433 225 1467 255 &
1476 223 1606 256 ultimus
1616 224 1714 261 casim,
1725 223 1767 256 est
1777 235 1851 258 cum
1861 224 2047 260 Cardinales
2056 225 2172 261 directe
2184 250 2194 265 ,
2213 230 2254 261 88

1195 269 1228 298 ὅ(
1249 267 1431 308 simpliciter
1441 289 1451 303 ‚
1473 268 1559 300 nulla
1578 267 1697 299 adiecta
1717 268 1829 305 forma,
1850 270 2115 310 compromittunt
2125 271 2189 303 ele-

1196 309 1334 341 ctionem
1359 311 1394 342 in
1404 312 1556 354 majorem
1566 319 1685 352 partem
1696 310 1836 352 Collegii
1847 335 1855 343 ,
1876 312 1974 354 Qiod
1987 313 2190 354 compromis-

1195 353 1261 384 sum
1278 355 1317 384 de
1336 354 1402 396 jure
1422 354 1587 386 communi
1610 353 1749 386 validum
1760 356 1819 387 csse
1830 378 1839 392 ,
1859 365 1995 388 concors
2004 355 2190 389 Canonista-

1201 406 1270 427 rum
1281 395 1437 428 sententia
1446 395 1489 428 est
1499 418 1510 433 ‚
1530 407 1564 428 ιιι
1573 396 1664 438 plene
1675 397 1829 430 ostensum
1841 398 1882 430 est
1906 398 1939 430 in
1951 398 2113 439 questione
2127 409 2191 450 pre-

1199 439 1327 470 cedenti
1345 439 1365 470 a*
1382 449 1462 470 num.
1483 449 1532 480 3¹·
1552 440 1638 480 usi1ue
1647 438 1692 471 ad
1700 451 1779 472 num.
1795 451 1844 482 37.
1855 441 1895 473 Et
1906 452 1971 472 non
1982 441 2154 482 improbari
2172 452 2190 472 a

1201 524 1221 556 a*
1230 535 1342 556 numer.
1354 530 1404 557 60.
1416 525 1551 567 usquead
1560 537 1671 558 numer.
1684 535 1735 564 72.

1243 567 1409 610 Qiinimb
1443 569 1663 610 compromitti
1699 569 1797 609 potest
1824 569 1859 603 in
1887 571 2041 614 majorem
2069 580 2192 612 partem
2211 574 2252 611 89

1201 611 1298 643 etiam
1318 613 1454 653 patrium
1474 615 1712 654 comparatione
1730 614 1909 651 minorum,
1930 615 1976 647 ita
1986 625 2020 647 ut
2032 615 2052 646 si
2064 616 2128 647 duo
2137 613 2193 647 cli-

1201 664 1311 695 gerent
1332 666 1450 692 unum,
1470 658 1536 687 duo
1554 656 1651 688 alium
1664 677 1674 691 ,
1695 657 1727 687 &
1747 666 1808 688 tres
1828 657 1945 695 alium,
1964 657 2080 691 eledluis
2099 658 2116 689 ὰ
2137 658 2194 690 tri-

1203 698 1260 729 bus
1270 698 1343 730 esset
1354 698 1452 739 Papa.
1474 699 1527 731 Sic
1536 700 1645 740 probat
1666 708 1767 730 textu5
1796 700 1867 736 liic,
1888 702 1943 732 ubi
1964 701 2066 741 primo
2078 701 2194 733 consti-

1200 741 1302 772 tuitur
1322 743 1449 782 regula,
1470 752 1505 774 ut
1525 742 1558 774 in
1578 741 1690 783 Papam
1708 752 1773 773 non
1796 742 1956 783 sitaliquis
1967 745 2162 777 assumendus
2183 768 2194 782 ,

1200 784 1257 815 nisi
1278 786 1340 824 due
1360 794 1461 824 partes
1480 785 1702 818 Cardinalium
1713 785 1933 823 consentiant,
1955 797 1990 819 ac
2001 787 2116 819 deinde
2139 798 2195 828 po-

1200 826 1287 858 nitur
1299 826 1451 859 limitatio
1462 827 1495 859 in
1514 829 1576 860 illis
1587 829 1688 860 verbis
1700 839 1710 857 .·
1731 828 1810 869 Ncfi
1818 829 1915 867 major
1934 829 2087 862 concordia
2098 832 2194 862 inter-

1199 872 1319 901 venerit
1337 893 1346 907 ,
1367 870 1443 902 idest
1465 892 1474 906 ,
1497 871 1555 902 nisi
1575 882 1685 904 omnes
1706 871 1906 903 consentiant
1926 894 1936 908 ‚
1956 882 1990 904 ιιι
2009 872 2122 905 eiectio
2142 875 2196 906 fie-

1200 913 1227 944 ri
1240 913 1570 954 possitapaucioribus
1581 938 1588 946 .
1613 915 1651 946 Et
1663 915 1708 947 ita
1717 923 1805 946 tenet
1824 915 1911 954 gloss.
1923 918 1956 946 in
1967 915 2062 947 Clem.
2075 917 2129 947 Ne
2139 918 2195 949 Ro-

1203 959 1288 987 mani
1308 979 1318 993 ,
1338 959 1370 987 in
1395 968 1458 988 ver.
1482 955 1700 998 minabamur,
1720 961 1756 988 de
1774 958 1854 989 elea.
1877 969 1945 1000 quae
1966 956 1983 990 5.
2003 957 2197 990 Doctoribus

1203 1000 1420 1031 communiter
1432 1002 1635 1040 approbatur,
1659 1001 1754 1033 Card.
1767 1000 1815 1033 hic
1826 1012 1904 1032 num.
1920 1005 2003 1035 10.in
2018 1000 2105 1034 Io&
2119 1014 2129 1034 1
2139 1011 2194 1040 Lq-

1203 1043 1340 1074 Ancliar.
1349 1045 1382 1074 in
1391 1055 1416 1075 c.
1425 1046 1462 1075 Si
1472 1046 1518 1075 cui
1528 1043 1599 1084 ,sub
1608 1055 1687 1076 num.
1703 1054 1729 1085 3.
1742 1043 1778 1075 de
1788 1044 1869 1076 elea.
1880 1044 1933 1077 lib.
1946 1045 2196 1087 6.Abb.conſs25.

1203 1087 1404 1125 num.4.lzb.2.
1416 1090 1448 1118 ὅ(
1459 1097 1542 1127 patet
1553 1097 1589 1118 ex
1601 1087 1694 1120 dictis
1705 1087 1738 1118 in
1749 1088 1937 1128 praecedenti
1947 1089 2038 1131 quaest.
2050 1099 2131 1122 num.
2146 1094 2195 1131 36.

1206 1138 1254 1169 37.
1265 1129 1302 1160 Θ
1315 1133 1362 1170 38.
1780 1146 1793 1171 y

1248 1173 1366 1204 Verum
1384 1173 1417 1205 in
1439 1174 1496 1205 liac
1515 1173 1616 1206 forma
1635 1184 1699 1207 tam
1710 1175 1748 1206 de
1759 1175 1825 1217 jure
1836 1175 2001 1208 communi
2013 1198 2022 1213 ‚
2044 1176 2140 1217 quiam
2160 1187 2197 1208 ex
2217 1186 2259 1216 90

1208 1215 1351 1257 pia-ditia
1370 1217 1600 1249 constitutione
1622 1221 1689 1250 duae
1706 1228 1742 1250 ex
1765 1218 1865 1250 tribus
1881 1219 2021 1260 partibus
2039 1219 2197 1251 Cardina-

1206 1259 1284 1289 lium
1303 1269 1369 1291 non
1390 1260 1545 1295 sufficiunt
1564 1283 1574 1298 ‚
1603 1262 1650 1293 sed
1672 1262 1844 1303 requiritur
1862 1263 2028 1295 consensus
2049 1263 2196 1295 omnium

1206 1302 1333 1334 nemine
1354 1303 1556 1335 dissentiente
1576 1327 1583 1334 .
1607 1304 1707 1337 Ratio
1727 1305 1790 1342 est,
1811 1304 1888 1345 quia
1905 1306 1967 1338 hrec
1988 1306 2029 1338 est
2049 1317 2143 1346 pura,
2164 1308 2196 1338 &

1206 1345 1329 1385 simplex
1350 1345 1452 1378 fornia
1470 1348 1683 1387 compromissi
1695 1370 1704 1384 ‚
1724 1351 1807 1389 quod
1830 1358 1894 1380 tam
1912 1351 1950 1381 de
1971 1351 2037 1391 jure
2056 1359 2199 1380 commu—

1206 1388 1239 1419 ni
1261 1399 1297 1419 ex
1317 1389 1489 1426 decretali,
1510 1391 1595 1434 Qia
1605 1400 1745 1432 propter,
1766 1390 1859 1432 quam
1869 1403 1906 1423 ex
1924 1391 2068 1434 praeditsta
2087 1391 2201 1423 consti-

1212 1432 1340 1463 tutione
1361 1433 1453 1464 'aliter
1470 1434 1536 1464 fieri
1557 1444 1621 1465 non
1641 1435 1739 1475 potest
1751 1457 1761 1471 ,
1782 1434 1876 1476 quain
1887 1435 2084 1467 ab·omnibus
2096 1434 2200 1466 nenii-

1212 1485 1251 1505 ne
1270 1475 1486 1508 dissentiente.
1507 1477 1546 1508 Et
1566 1487 1639 1509 cum
1660 1477 1837 1521 adjunctam
1855 1489 1920 1510 non
1939 1479 2051 1510 lrabeat
2064 1477 2200 1510 formam

1210 1518 1375 1555 scrutinii,
1397 1520 1480 1551 &fic
1494 1528 1604 1560 agatur
1614 1521 1841 1562 depraejudicio
1861 1521 2056 1562 fingulorum
2067 1521 2101 1553 in
2121 1531 2201 1553 voce
2243 1523 2257 1532 ·“

1210 1561 1281 1596 sua,
1302 1562 1468 1594 consensus
1486 1566 1620 1595 duarum
1639 1575 1704 1595 non
1716 1564 1844 1596 sufficit.
1867 1565 1908 1596 Et
1928 1565 1974 1597 ita
1984 1564 2127 1596 etiamin
2137 1563 2201 1595 for-

1207 1605 1341 1636 tioribus
1363 1607 1509 1638 terminis
1528 1607 1605 1648 juris
1626 1607 1823 1643 communis,
1844 1610 1973 1647 quando
1994 1609 2081 1639 nulla
2100 1607 2200 1640 forma

1206 1657 1274 1679 erat
1293 1648 1467 1690 praescripta
1486 1651 1520 1682 in
1539 1649 1695 1683 electione
1712 1651 1799 1692 Papae
1819 1672 1828 1686 ,
1850 1652 2041 1683 determinat
2059 1649 2198 1691 Compo-

1208 1691 1283 1722 stell.
1295 1689 1343 1723 hic
1351 1703 1430 1723 num.
1443 1699 1471 1725 6.
1482 1693 1535 1725 ubi
1546 1693 1825 1734 postquamdocuit
1835 1716 1844 1730 ,
1864 1695 1945 1734 posse
1955 1693 2142 1726 Cardinales
2154 1694 2200 1724 in-

1210 1744 1258 1765 ter
1279 1734 1306 1766 se
1327 1735 1491 1773 ordinare,
1513 1747 1547 1768 ut
1568 1738 1670 1769 valeat
1690 1737 1803 1770 eiectio
1830 1736 1972 1769 Romani
1991 1736 2159 1768 pontificis
2180 1738 2198 1767 εὶ

1210 1777 1324 1819 majori
1344 1789 1429 1818 parte
1451 1780 1591 1820 Collegii
1610 1782 1786 1816 celebrata,
1807 1791 1879 1811 mox
1901 1780 2022 1811 subdit:
2044 1779 2126 1811 Uno
2147 1790 2200 1811 au·-

1211 1830 1274 1852 tem
1298 1823 1541 1857 contradicente
1559 1834 1624 1855 nori
1635 1834 1731 1864 puro,
1752 1822 1836 1864 quod
1850 1822 2169 1864 posfircoinpromitti
2189 1845 2201 1860 ‚

1208 1874 1267 1895 nec
1288 1864 1451 1897 ordinatio
1477 1866 1531 1898 ista
1549 1867 1638 1902 fieri,
1658 1868 1734 1908 quia
1754 1868 1786 1898 in
1807 1877 1838 1897 re
1851 1866 2014 1898 communi
2031 1866 2137 1907 potior
2158 1866 2201 1897 est

1206 1907 1354 1939 conditio
1364 1909 1558 1949 prohibentis
1569 1932 1579 1946 ,
1600 1912 1622 1942 l.
1633 1910 1766 1943 Sabinus
1775 1932 1785 1946 ,
1797 1907 1836 1951 ff.
1848 1920 1990 1940 commun.
2002 1906 2202 1941 dividuas&-

1208 1950 1319 1991 quitur
1336 1951 1427 1992 Joan.
1447 1953 1544 1985 Andr.
1566 1952 1614 1986 hic
1630 1964 1708 1985 num.
1733 1964 1780 1992 14.
1792 1952 1921 1984 dicens:
1942 1951 2070 1984 Possunt
2088 1950 2202 1984 Cardi-

1209 1994 1296 2026 nales
1316 2005 1352 2026 ex
1372 1995 1463 2027 causa
1473 1997 1621 2029 ordinare
1633 1996 1717 2028 inter
1727 1995 1775 2032 se,
1797 1996 1942 2027 utvaleat
1953 1995 2067 2027 electio
2086 1994 2167 2027 facta
2184 1994 2203 2026 τὶ

1209 2037 1324 2080 majori
1344 2047 1430 2078 parte
1451 2050 1462 2074 ,-
1493 2042 1526 2071 &
1550 2050 1627 2072 tunc
1646 2040 1762 2072 electus
1783 2039 1800 2070 :i
1820 2039 1936 2081 majori
1963 2049 2049 2080 parte
2067 2038 2203 2070 censebi-

1218 2091 1269 2112 tur
1289 2082 1404 2113 electus
1427 2083 1464 2113 ab
1483 2084 1650 2115 omnibus:
1672 2094 1739 2115 uno
1755 2093 1861 2115 tamen
1872 2082 2113 2115 contradicente
2133 2092 2202 2114 non
2394 2056 2397 2119 l

1216 2125 1496 2164 compromittetur
1524 2124 1696 2158 secundum
1722 2125 1925 2167 Compostell.
1953 2125 2049 2157 Guid.
2080 2126 2115 2157 &
2133 2125 2205 2157 Ho-

1215 2167 1314 2199 stiens.
1324 2168 1409 2200 Idem
1421 2169 1557 2209 expresse
1568 2170 1680 2201 docuit
1690 2169 1819 2201 Areliid.
1829 2172 1861 2200 in
1872 2178 1940 2208 cap-⁴
1951 2168 2003 2208 fin.
2013 2179 2093 2200 num.
2105 2180 2202 2199 πων.

1214 2208 1277 2241 Sed
1287 2210 1527 2253 Host.dicebdt‚
1548 2222 1598 2251 79.
1611 2211 1678 2253 dist.
1692 2214 1724 2244 &
1736 2213 1906 2253 sequuntur
1919 2211 1994 2248 alii,
2016 2220 2095 2253 quos
2104 2210 2202 2244 citavi

1196 2254 1295 2302 :supra
1303 2266 1381 2286 num.
1396 2262 1444 2295 35.

1256 2297 1408 2338 (fogitavi
1419 2299 1625 2340 tamen‚'quia
1633 2299 1667 2330 in
1679 2298 1770 2330 dietis
1782 2297 1845 2330 titm
1856 2297 1889 2329 in
1899 2297 1956 2329 hac
1965 2320 1974 2334 ‚
1984 2296 2079 2338 quam
2090 2297 2123 2329 in
2133 2307 2205 2338 prae-

1213 2341 1341 2372 cedenti
1352 2341 1542 2382 quaessione,
1561 2343 1646 2382 quod
1655 2342 1767 2382 spectat
1778 2344 1815 2373 ad
1833 2339 2106 2372 Constitutionem
2125 2341 2203 2377 Gre—

1213 2385 1316 2423 gorii,
1336 2385 1418 2416 nihil
1431 2386 1531 2416 audeo
1550 2385 1693 2421 firmare,
1714 2385 1762 2416 sed
1770 2383 1881 2416 censeo
1900 2382 2204 2422 Beatissiiuum.Ro-·

1213 2437 1342 2459 manum
1353 2427 1541 2460 Pontificem
1554 2429 1611 2460 esse
1622 2428 1848 2459 consulendum
1857 2449 1867 2463 ‚
1879 2428 1917 2458 ad
1927 2437 2022 2468 quem
2030 2424 2129 2458 solun‘i
2139 2428 2203 2469 pet*

1215 2471 1295 2502 tinet
1307 2470 1580 2503 Constitutionem
1593 2471 1687 2511 ipsam
1698 2470 1898 2511 interpretari
1909 2493 1917 2500 .

1257 2514 1416 2555 Qiaerunt
1426 2513 1476 2545 liic
1490 2513 1643 2546 Doctores
1655 2537 1664 2551 ,
1686 2525 1726 2546 an
1747 2514 1826 2554 Papa
1837 2512 1928 2554 possit
1942 2513 1997 2545 sibi
2008 2513 2124 2554 eligere
2135 2513 2201 2545 suc-

1214 2558 1380 2589 cessorem.
1401 2556 1470 2599 Ego
1488 2560 1525 2589 de
1543 2558 1602 2590 hoc
1622 2557 1747 2590 differui
1766 2557 1800 2589 in
1818 2565 1883 2597 cap.
1895 2557 2097 2598 Accepimus,
2117 2556 2202 2597 infra'

1213 2602 1250 2634 de
1260 2602 1360 2642 pastis
1370 2624 1377 2633 .

551 2791 718 2850 DE
823 2755 1843 2848 ELECTIONE.

607 2907 720 2959 Idem
744 2906 986 2959 Alexander
1013 2908 1085 2959 ΙΙΙ.
1107 2913 1148 2957 in
1167 2906 1298 2957 eodem
1317 2904 1498 2956 Concilio
1516 2903 1770 2955 Latera-nen.

826 3019 876 3075 C

946 3012 1569 3074 APUTVII.

275 3135 352 3172 Um
378 3133 415 3170 in
439 3130 582 3168 cunetis
603 3128 709 3170 sacris
730 3131 933 3171 Ordinibus
947 3155 962 3177 3
986 3129 1026 3167 &
1044 3127 1308 3168 Ecclesiasticis
1331 3126 1547 3167 ministeriis
1575 3125 1644 3165 sint
1663 3127 2004 3180 aetatismaturi‘tas
2022 3151 2038 3174 5
2073 3129 2198 3176 gravi·

288 3194 346 3219 tas
368 3191 515 3218 morum
533 3202 547 3224 9
572 3178 609 3215 &
630 3179 839 3219 litterarum
857 3177 1038 3224 scientia„
1066 3176 1284 3224 inquirenda
1297 3187 1317 3217 1.·
1344 3175 1466 3216 multo
1499 3172 1633 3214 fortius
1665 3178 1702 3213 iii
1721 3172 1913 3230 ‚Episcopo
1929 3177 2021 3231 ‘haec
2049 3188 2197 3230 oportet

188 3231 353 3278 inquiri„
379 3231 446 3277 qui
468 3226 514 3265 ad
534 3238 658 3264 curam
681 3228 840 3268 aliorum
858 3227 994 3275 pofitus
1019 3252 1034 3274 ³
1062 3229 1099 3265 iii
1121 3223 1234 3273 seipso
1250 3224 1359 3265 debet
1377 3224 1567 3264 ostendere
1585 3248 1600 3270 ,
1624 3222 1786 3272 qualiter
1805 3223 1900 3279 alios
1924 3237 1962 3263 in
1983 3224 2098 3264 domo
2119 3223 2195 3263 Dei

187 3289 359 3324 oporteat
383 3273 591 3316 conversari
609 3304 618 3313 .
644 3274 698 3312 Ea
722 3289 903 3322 propter-3
930 3289 977 3314 ne
994 3274 1095 3325 quod
1115 3275 1158 3312 de
1179 3272 1397 3323 quibusdam
1411 3287 1478 3320 pro
1498 3270 1705 3311 necessitate
1726 3284 1903 3327 temporis
1934 3270 2157 3328 factumest
2180 3295 2197 3317 ῃ

186 3325 361 3363 trahatur
383 3325 405 3364 Ξι
424 3322 576 3371 posteris
596 3325 634 3360 i'u
655 3325 886 3370 exemplum:
912 3323 1076 3371 praesenti
1095 3322 1245 3361 decreto
1267 3322 1462 3362 statuimus
1476 3345 1490 3366 2
1515 3333 1556 3359 ut
1579 3319 1702 3374 nullus
1723 3334 1760 3374 in
1791 3319 2014 3368 Episcopum
2037 3320 2197 3376 eligatur

187 3372 254 3411 ni'fi
276 3376 337 3420 qui
360 3376 429 3416 jam
452 3370 677 3419 trigefimum
699 3384 837 3409 annum
857 3375 976 3411 :etatis
997 3373 1188 3419 exegerit,
1212 3371 1252 3411 &
1274 3370 1319 3412 de
1340 3371 1512 3419 legitimo
1527 3380 1775 3409 matrimonio
1790 3368 1831 3409 sit
1845 3381 1979 3419 natus,
2003 3379 2194 3419 quietiani
2368 3400 2382 3413 κ

186 3423 267 3460 vita
280 3444 295 3466 ς,
320 3421 359 3459 &
383 3418 538 3460 scientia.
555 3418 866 3460 commendabilis
883 3420 1177 3461 demonstretur.

2066 3464 2151 3497 Cum
