2397 3664
114 667 117 670 >
161 650 217 679 282

160 1252 217 1291 283

157 1598 220 1636 284

182 3191 239 3222 286

246 177 286 209 (ἢ
296 189 355 218 ops
366 186 407 207 ,ιο
416 195 426 209 ,
447 184 514 216 qua·
524 176 702 215 probabilior
715 173 753 202 cst
777 181 812 201 cx
823 170 978 212 principio
992 167 1165 201 extrinseco
1172 177 1228 201 au-

247 221 405 251 thoritatis
414 239 423 253 ‚
445 228 499 249 cur
512 220 620 248 iridem
643 214 751 246 nonsit
770 213 921 252 sequenda
930 232 939 246 ‚
962 213 982 244 si
995 212 1182 252 probabilior
1191 212 1227 243 sir

244 273 279 293 cx
303 261 459 302 principio
470 259 636 291 intrinseco
658 259 814 288 rarionum
823 275 833 289 ‚
855 264 908 286 aut
928 264 965 286 ex
976 254 1152 286 intrinsecis
1161 275 1172 289 ‚
1193 256 1228 286 δε

244 305 421 336 extrinsecis
432 303 517 334 simul
531 301 661 333 ‘unum
678 297 812 330 Confert
821 307 922 329 teXtus
932 299 964 328 in
972 309 996 329 c.
1007 295 1226 332 prudentiam,

245 349 332 385 §.Ille
343 346 445 387 quippi
454 345 490 377 de
499 312 546 386 asp.
556 344 649 380 deleg.
659 343 692 373 ὃς
702 341 764 372 inl.
773 342 842 372 Duo
854 337 999 372 extribus
1007 361 1016 375 ‚
1030 337 1069 382 ff.
1079 341 1129 372 De
1136 350 1169 372 re
1180 339 1227 376 >iu-

245 392 304 422 dic.
314 393 346 422 ἃ
358 392 442 431 quod
458 396 544 419 notat
556 387 657 417 Feder.
668 385 705 415 de
721 383 792 415 sen.
804 383 880 424 confi
895 393 919 415 1.
929 395 1007 415 num.
1019 395 1046 414 2.
1057 381 1138 423 verfi
1147 384 1228 415 Pra-

245 434 404 476 terea'five
415 431 565 463 dicamus,
587 428 623 460 &
633 437 712 459 num.
728 436 754 467 3.
764 425 843 467 vers
855 426 1004 459 Praetorca‘
1025 424 1126 458 adhoc
1135 431 1147 456 .'

285 473 606 517 vigesimumtertium
635 470 876 502 fundamentum
896 470 936 501 est
954 490 963 504 ,
991 472 1066 510 quia
1088 469 1229 510 probatio

246 521 364 560 plenior
373 517 508 549 absorbet
519 535 528 549 ‚
550 516 584 546 &
605 513 771 545 confundit
781 512 885 545 inimus
907 513 1028 553 plenam
1035 511 1153 544 directe
1173 523 1229 552 op-

246 562 392 603 positam,
402 571 425 591 c.
438 557 605 598 Propofiait,
615 556 651 589 de
659 558 742 589 Cler.
754 567 866 587 excom.
878 554 1009 597 ministr.
1020 555 1102 597 gloss.
1115 557 1146 585 in
1155 566 1179 586 c.
1193 557 1228 586 ln

243 602 342 643 nostra
351 605 384 633 in
393 601 476 633 verb.
487 602 684 634 Mentionem
692 598 728 631 de
737 599 1024 632 Procurat.Gen·sin.
1033 598 1107 639 confi
1114 607 1160 636 27.
1170 600 1195 629 S
1196 610 1229 628 u-

239 656 291 686 per
299 643 397 677 dubiis
407 647 440 676 in
446 646 542 684 princ.
554 643 591 676 &¹
599 653 678 675 num.
694 653 705 674 1
717 652 740 674 1.
752 642 789 674 Et
799 642 868 673 ideo
878 642 965 673 testes
987 651 1118 672 numero
1129 642 1228 682 plures

243 691 275 721 in
284 688 436 720 concursu
443 688 608 728 praevalent
619 686 814 727 paucioribus
825 706 834 719 ‚
852 696 875 717 c.
885 686 974 716 Licet
983 682 1142 726 deprobat.
1154 695 1178 714 c.
1190 685 1228 714 In

243 730 343 774 nostra
352 730 387 763 de
398 729 493 772 testib.
506 731 607 762 Feder.
618 732 654 760 de
665 729 734 760 Sen.
745 728 894 768 conſs185.
902 731 998 767 Super
1006 739 1037 759 eo
1045 730 1079 758 in
1089 729 1184 766 princ.
1194 727 1228 758 &

245 776 387 817 praevalet
406 775 546 815 probatio
555 794 565 807 ‚
585 783 651 813 quse
661 771 771 813 majori
794 781 924 803 numero
931 771 1054 802 testium
1074 770 1114 801 est
1124 770 1228 800 muni—

243 828 275 850 ta
285 839 294 853 2
316 818 401 849 Bald.
409 816 486 858 confi
498 826 567 856 452.
579 817 658 860 Qis
666 813 776 846 melius
784 816 817 845 in
831 817 927 853 princ.
937 812 989 845 lib.
997 824 1026 853 4.
1038 813 1076 844 Et
1087 812 1126 843 est
1137 821 1227 852 regu-

244 863 304 893 lare
315 881 325 896 ‚
345 859 429 902 quod
440 861 580 901 probatio
591 859 746 899 potentior
755 859 917 897 extinguat
934 856 1038 887 minus
1050 864 1208 896 potentem
1217 875 1228 889 ‚

243 905 348 936 Socin.
360 904 579 944 conJ.54.n.13.
590 903 626 933 (ῥ’
637 903 719 931 n.18.
730 899 813 939 lib-4.
824 900 910 930 Alex.
919 898 997 939 cons.
1008 902 1057 938 84.
1069 907 1129 935 n.7.
1140 895 1226 935 lib.7.

244 947 371 979 Cravet.
380 946 458 987 cons
468 950 497 977 6.
508 955 587 976 num.
601 952 646 982 50.
662 943 777 974 Rursus
792 945 824 973 in
833 942 986 974 discordia
997 941 1136 982 praevalet
1145 941 1228 982 judi-

245 993 329 1022 cium
340 1011 348 1024 ,
371 991 453 1030 quod
476 990 679 1029 plurimorum
690 985 849 1016 sententiis
870 986 1071 1015 confirmatur
1080 1005 1089 1017 ‚
1111 996 1135 1016 c.
1146 986 1228 1016 Pru-

244 1034 381 1068 dentiam
390 1032 427 1063 de
435 1030 484 1073 off.
494 1031 601 1068 Deleg.
612 1041 635 1060 c.
646 1030 679 1059 In
690 1030 840 1059 canonicis
868 1037 913 1061 ιι).
923 1026 990 1064 dist.
1003 1027 1138 1058 Anchar.
1149 1026 1227 1066 conſs

249 1085 316 1115 157.
325 1079 454 1107 Summe
467 1073 631 1113 prudentie
641 1081 721 1102 num.
735 1080 760 1111 3.
783 1069 913 1110 ideoque
933 1070 1087 1102 Doctores
1097 1080 1227 1100 numero

244 1120 345 1160 plures
355 1117 519 1159 praevalent
530 1115 726 1156 paucioribus
734 1134 744 1148 ‚
768 1114 789 1145 l.
806 1124 829 1144 1.
839 1113 899 1144 ibi:
917 1113 999 1145 Sani
1007 1111 1140 1145 crebrior
1147 1110 1226 1152 apud

244 1172 363 1194 veteres
371 1162 472 1199 opinio
481 1157 523 1200 est
532 1155 582 1200 ,ff-
595 1159 644 1189 De
652 1154 699 1199 off.
711 1155 804 1198 quast.
812 1168 836 1187 c.
849 1157 1007 1188 Novimus
1016 1177 1026 1191 ‚
1038 1157 1094 1187 ibi:
1105 1158 1149 1187 Et
1159 1166 1227 1193 quo—

244 1203 421 1246 rundamfit
430 1204 528 1242 opinio
537 1203 557 1232 a'
570 1200 703 1240 pluribus
712 1197 876 1241 approbata
885 1221 895 1235 ‚
916 1198 952 1231 de
963 1197 1181 1242 verb-fignific.
1193 1201 1226 1230 &

242 1247 362 1279 dictum
371 1247 411 1278 est
421 1245 506 1286 supra
524 1247 557 1276 in
569 1241 822 1286 21.fundamento
840 1255 888 1275 nu.
901 1252 969 1282 275.
980 1242 1095 1274 Rursus
1103 1244 1170 1274 duae
1180 1252 1227 1272 ra-

243 1294 344 1323 tiones
354 1292 592 1330 vincuntunam
601 1307 610 1321 ‚
621 1287 734 1318 l-Nam
744 1286 814 1328 &st
822 1307 831 1321 ‚
841 1288 873 1319 δε
884 1286 1145 1318 ibicommuniter
1156 1284 1227 1316 scri-

242 1336 348 1366 bentes
358 1354 368 1368 ‚
370 1330 409 1375 ff
420 1334 470 1364 De
479 1329 562 1373 inoff.
572 1329 688 1372 testam.
699 1329 779 1360 Batt.
789 1331 822 1360 in
833 1328 982 1361 Authent.
994 1331 1098 1365 Itaque
1107 1339 1186 1359 num.
1200 1337 1226 1358 1.

243 1376 318 1410 Cod.
329 1378 393 1408 cum
402 1376 438 1407 de
453 1373 588 1415 siacceffio
598 1394 607 1408 ‚
629 1374 662 1405 &
681 1375 762 1404 ratio
771 1371 861 1404 fortis
882 1371 986 1404 minus
995 1372 1106 1403 fortem
1125 1371 1206 1403 tollit
1216 1391 1226 1405 ‚

243 1430 363 1459 argum.
372 1420 433 1450 lsi
443 1418 498 1449 duo
508 1418 637 1449 Patroni
647 1436 657 1450 ‚
667 1416 871 1453 §.Marcellus
881 1413 932 1457 ‚ff-
943 1417 993 1448 De
1002 1414 1124 1453 jurejur.
1136 1415 1168 1445 &
1179 1424 1226 1444 ar-

241 1459 327 1505 gum.
338 1462 422 1504 gloss.
431 1464 463 1492 in
485 1473 509 1492 c.
519 1463 546 1492 C
547 1460 598 1492 itm
606 1462 688 1490 inter
711 1462 747 1491 R.
757 1461 790 1490 in
808 1470 874 1490 ver.
885 1458 1046 1499 Episcopus
1067 1468 1169 1489 munus
1190 1455 1226 1488 de

242 1507 325 1538 εἰει-Ἰ.
335 1509 367 1537 ὃς
377 1507 471 1536 tradit
483 1504 601 1535 Barbar.
612 1505 645 1534 in
653 1510 745 1542 repet.
756 1502 778 1533 l.
789 1505 867 1534 Cum
877 1502 1035 1543 acutissimi
1044 1501 1099 1532 col.
1113 1511 1139 1531 2.
1149 1498 1225 1532 Cod.

243 1551 280 1582 de
297 1544 509 1589 fideicommiff.
519 1548 551 1578 &
563 1547 722 1578 Antonius
730 1544 872 1577 Nicellus
881 1544 917 1576 de
934 1544 1092 1577 concordia
1106 1542 1224 1583 gloffar.

240 1607 269 1628 n.
283 1603 329 1634 32.
339 1592 428 1624 trafl.
439 1601 513 1624 com.
522 1599 592 1621 tom.
607 1599 631 1620 1.
636 1588 686 1632 fol
690 1611 697 1618 .
708 1598 777 1620 211.
788 1588 859 1620 Sive
867 1590 963 1629 igitur
974 1587 1109 1619 sumatur
1119 1589 1227 1628 proba-

242 1639 344 1671 bilitas
354 1646 390 1667 ex
401 1636 555 1676 principio
565 1633 737 1664 extrinseco
753 1631 952 1663 authoritatis
962 1652 971 1666 ,
994 1631 1054 1662 sive
1065 1640 1101 1661 ex
1113 1631 1226 1670 princi-

243 1682 302 1724 piis
312 1677 488 1711 intrinsecis
497 1679 655 1708 rationum
664 1696 674 1710 2
692 1675 806 1716 semper
815 1675 926 1716 opinio
937 1675 1123 1715 probabilior
1131 1693 1141 1708 ‚
1159 1682 1226 1712 quae

243 1724 379 1766 pluribus
387 1721 498 1752 nititur
520 1720 710 1751 Authoribus
720 1739 730 1753 ‚
752 1729 806 1749 aut
816 1718 1017 1749 validioribus
1041 1716 1227 1747 fundamen-

241 1770 280 1799 tis
291 1788 300 1802 ,
321 1764 459 1797 absorbet
468 1784 478 1798 ‚
499 1762 666 1794 confundit
675 1782 685 1796 ,
708 1772 744 1792 ac
755 1761 880 1792 destruit
903 1762 1007 1791 minsis
1019 1759 1206 1799 probabilem
1216 1778 1226 1792 ‚

240 1821 307 1852 qun:
331 1810 490 1849 pauciores
507 1806 596 1837 haber
618 1804 773 1836 Authores
783 1824 793 1838 ‚
815 1814 850 1834 ac
872 1803 988 1834 leviora
1011 1805 1131 1833 motiva
1147 1824 1154 1830 .
1177 1801 1224 1832 Ad

239 1855 322 1895 quod
332 1852 372 1882 est
381 1860 483 1882 textus
493 1851 629 1889 optimus
638 1848 671 1878 in
680 1847 708 1878 d.
719 1849 745 1884 §.
757 1849 833 1878 Item
843 1849 972 1885 pretium
982 1843 1077 1885 infit-t.
1090 1843 1126 1875 de
1137 1852 1224 1883 empt.

243 1897 279 1930 &-
294 1894 409 1927 vendit.
423 1895 456 1925 δε
467 1896 499 1923 in
508 1893 528 1923 l.
544 1902 554 1922 1
562 1890 611 1932 .ff.
623 1889 686 1921 eod.
697 1892 729 1922 &
739 1890 777 1921 sic
789 1892 820 1920 in
831 1889 981 1920 concursu
992 1887 1205 1930 probabilioris
1216 1907 1226 1922 ‚

240 1942 350 1981 opinio
359 1947 422 1969 non
432 1936 472 1969 est
485 1934 649 1975 probabilis
662 1954 672 1968 ‚
696 1932 744 1963 sed
752 1933 951 1972 reprobabilis
964 1955 972 1962 .

280 1983 318 2013 Vi
323 1981 622 2022 gefimumquarrum
638 1976 877 2007 fundamentum
898 1977 1062 2007 deducitur
1082 1985 1119 2006 ex
1139 1983 1225 2005 more

241 2029 274 2059 ὃς
285 2023 507 2064 consuetudine
527 2022 693 2052 civitatum
704 2039 714 2053 ,
735 2019 1032 2059 rerumpublicarum
1042 2039 1051 2053 ‚
1073 2019 1227 2058 &regno—

240 2075 310 2102 rum
328 2069 424 2099 totius
432 2064 527 2096 Orbis
536 2083 545 2098 ‚
567 2061 734 2094 secundum
749 2072 850 2102 ,quam
859 2064 960 2094 decidi
981 2062 1078 2093 solent
1088 2081 1097 2095 ‚
1119 2072 1154 2092 ae
1166 2070 1227 2091 rer-

242 2113 358 2145 minari
379 2107 475 2141 causae
490 2128 499 2142 ‚
523 2108 555 2138 &
577 2105 793 2138 controversiae
815 2115 852 2135 ex
874 2105 1045 2145 pluralitate
1069 2104 1227 2144 suffragio-

242 2166 312 2188 rum
322 2166 330 2191 ·,
352 2156 383 2185 ὃ(
395 2152 435 2183 sic
456 2150 610 2191 sequendo
620 2150 719 2189 magis
742 2148 928 2189 probabilem
943 2158 979 2178 ex
1002 2147 1156 2188 principio
1177 2155 1229 2176 ex-

242 2199 375 2230 trinseco
382 2193 581 2226 authoritatis
592 2214 598 2222 .
616 2191 702 2233 Qae
711 2190 903 2223 consuetudo
912 2191 951 2221 est
960 2193 1057 2221 etiam
1073 2190 1131 2230 juri
1142 2198 1229 2220 com-

242 2244 331 2274 muni
340 2237 511 2272 conformis
521 2257 531 2271 ‚
551 2246 615 2276 quo
624 2235 770 2266 statutum
780 2234 820 2265 est
829 2254 839 2268 ‚
861 2244 894 2264 ur
905 2234 938 2264 in
954 2233 1100 2264 omnibus
1110 2231 1229 2262 aestibus

244 2283 480 2317 universitatum
488 2279 602 2319 semper
612 2279 772 2319 praevaleat
782 2277 932 2308 sententia
944 2275 1119 2316 majoris,ac
1131 2274 1230 2305 sanio-

244 2331 285 2359 ris
298 2326 391 2368 partis
400 2345 409 2359 ,
421 2333 454 2356 ut
463 2326 498 2355 de
510 2322 712 2354 electionibus
725 2320 765 2351 est
775 2330 901 2351 cautum
912 2322 944 2351 in
955 2331 978 2351 e.
990 2321 1077 2352 Licet
1088 2317 1231 2349 devitan—

246 2373 285 2403 da
295 2368 427 2411 infin-<St
436 2370 469 2398 in
479 2366 590 2407 ὡραία
597 2373 720 2404 propter
728 2362 764 2395 de
774 2364 855 2394 elec'l.
866 2373 939 2394 cum
949 2363 1054 2394 multis
1063 2360 1210 2393 similibus
1223 2370 1230 2391 ε

246 2417 278 2446 &
289 2415 324 2444 de
335 2409 537 2453 postulatione
548 2411 580 2440 in
596 2419 620 2440 c.
630 2410 784 2447 Scriptum
792 2404 892 2437 eodem
909 2408 958 2437 tit.
970 2407 1002 2438 &
1012 2407 1049 2437 de
1073 2402 1232 2444 praesenra-

249 2457 334 2488 tione
347 2458 378 2486 in
390 2466 412 2486 c.
424 2454 576 2496 Quoniam
585 2451 620 2482 de
629 2450 684 2489 jur.
692 2459 812 2490 patron.
824 2451 856 2481 &
866 2451 904 2480 de
913 2449 1015 2480 collat.
1025 2447 1119 2480 tradit
1130 2447 1232 2477 Feder.

248 2502 284 2531 de
307 2500 376 2530 Sen.
388 2496 417 2528 d.
428 2495 504 2536 cons
520 2505 544 2526 1.
557 2505 637 2525 num.
650 2504 675 2534 3.
687 2492 766 2533 verſs
779 2495 822 2523 Et
843 2491 894 2523 hoc
902 2494 997 2523 etiam
1017 2490 1156 2522 declarat
1167 2509 1176 2523 a
1199 2490 1232 2520 δε

250 2546 286 2574 de
296 2541 414 2573 achbus
423 2538 642 2578 capitularibus
652 2537 685 2568 in
695 2534 802 2568 c.Ciim
811 2537 845 2566 in
854 2535 968 2566 cunetis
977 2534 1013 2566 de
1023 2533 1080 2568 his,
1091 2543 1145 2571 quae
1151 2530 1234 2574 fiunt

249 2584 268 2617 a
277 2585 382 2619 maior.
393 2592 458 2623 par.
467 2589 530 2621 cap.
541 2579 578 2612 ὠ*
587 2588 649 2620 cap.
655 2579 713 2622 fin.
724 2581 755 2610 &
765 2579 949 2619 generaliter
958 2579 994 2609 de
1002 2577 1147 2608 omnibus
1157 2575 1234 2606 acti—

250 2630 302 2660 bus
310 2625 575 2659 Univerfitatum,
585 2625 618 2654 in
629 2623 650 2654 l.
661 2623 751 2667 Qod
760 2619 907 2663 major.ff.
920 2620 975 2652 Ad
986 2619 1192 2659 municipalem
1202 2620 1234 2649 in

253 2672 274 2704 l.
285 2672 397 2704 Nulli,
410 2667 449 2711 ff.
460 2666 550 2713 Qod
561 2665 692 2706 cujusque
700 2664 857 2707 univerfit.
869 2666 981 2695 nomin.
990 2665 1023 2694 &
1047 2665 1078 2693 in
1088 2664 1109 2693 l.
1121 2662 1236 2693 Nomi-

255 2716 422 2746 nationem,
441 2715 478 2743 C.
488 2713 537 2743 De
551 2711 708 2742 Decurion.
720 2705 772 2740 lib.
787 2718 832 2739 10.
843 2707 942 2738 Feder.
954 2708 989 2737 de
1001 2706 1069 2736 Sen.
1080 2704 1109 2736 d.
1121 2705 1196 2745 cons.
1211 2714 1234 2735 1.

255 2759 288 2791 in
297 2757 422 2795 princip.
432 2755 508 2796 vers.
521 2756 586 2786 Hoc
599 2751 802 2794 praefitppofito
813 2772 820 2780 .
842 2749 909 2781 Cur
925 2759 999 2790 ergo
1009 2758 1073 2779 non
1095 2750 1178 2779 idem
1188 2749 1235 2778 di-

257 2801 389 2832 cendum
400 2801 430 2827 in
441 2796 656 2829 controversiis
673 2795 855 2827 moralibus,
881 2803 914 2824 ut
926 2793 1076 2824 sententia
1097 2791 1237 2831 probabi-

259 2844 316 2873 lior
335 2841 491 2882 praevaleat
501 2839 603 2871 minus
625 2839 793 2880 probabili?
815 2836 944 2877 Qippe
965 2845 1032 2875 pars
1051 2834 1237 2874 probabilior

259 2886 353 2928 potest
361 2885 422 2914 dici
433 2892 498 2923 pars
508 2884 602 2922 major
620 2892 656 2914 ex
669 2881 822 2922 principio
831 2878 1002 2910 extrinseco
1011 2897 1021 2911 ‚
1043 2876 1117 2908 crim
1128 2877 1237 2907 habeat

258 2928 414 2961 Autliores
433 2935 559 2955 numero
571 2927 667 2965 plures
676 2945 686 2959 ,
707 2927 739 2956 δι
761 2925 920 2965 graviores
929 2942 938 2956 ‚
961 2931 993 2952 ur
1004 2931 1027 2951 c.
1039 2921 1075 2951 ln
1085 2921 1238 2951 canonicis

265 2981 276 3003 1
283 2968 382 3010 9.dist.
395 2969 474 2999 stem
482 2968 544 2998 dici
557 2969 646 3006 potest
657 2978 723 3009 pars
733 2966 832 2998 sanior
843 2976 878 2997 ex
890 2965 1050 3006 principiis
1061 2964 1237 2994 intrinsecis

260 3013 420 3046 rationum
431 3032 440 3045 ‚
457 3020 524 3041 tum
533 3013 605 3050 quia
617 3014 725 3044 nititur
734 3011 863 3042 motivis
875 3010 974 3048 magis
985 3005 1219 3038 rationabilibus
1229 3025 1238 3039 ‚

260 3067 327 3090 tum
337 3055 411 3096 quia
426 3062 545 3094 propter
556 3062 702 3094 majorem
716 3052 913 3086 conscientiae
924 3052 1117 3082 securitatem
1136 3047 1239 3089 praese-

263 3101 319 3134 sert
328 3098 476 3138 majorem
486 3095 546 3126 Dei
555 3096 655 3126 zelum
665 3116 674 3129 ‚
690 3097 782 3137 quim
792 3095 929 3136 opposita
939 3092 1043 3125 minus
1055 3091 1219 3133 probabilis
1230 3111 1240 3127 ,

264 3146 295 3176 ὃς
306 3144 410 3173 minus
420 3149 488 3171 tuta
498 3160 505 3168 .
518 3140 564 3169 Ad
575 3147 648 3168 text.
658 3141 688 3168 in
697 3150 720 3169 c.
731 3142 767 3171 In
776 3138 886 3180 Genefi
896 3136 933 3169 de
943 3136 1025 3168 elefl.

306 3181 645 3225 vigesnnumquintum
661 3180 897 3214 fundamentum
908 3181 1037 3212 sumitur
1051 3189 1087 3211 ex
1096 3177 1241 3210 Decretis

264 3228 483 3268 Capitulorum
492 3225 694 3255 Generalium
705 3244 713 3256 ³
736 3226 767 3255 ἅ
783 3223 1055 3256 Constitutionum
1077 3221 1240 3254 nonnulla-

264 3281 333 3303 rum
346 3272 566 3310 Religionum,
586 3276 653 3307 quac
665 3267 843 3306 praecipiunr
860 3267 918 3299 suis
929 3266 1055 3298 subditis
1079 3265 1242 3304 Regulam-

265 3317 320 3346 bus
328 3334 338 3347 ,
349 3323 380 3343 ut
391 3316 421 3343 in
431 3309 647 3343 controversiis
656 3310 821 3340 moralibus
832 3309 993 3350 sequantur
1000 3310 1166 3350 opiniones
1177 3317 1242 3338 ma-

266 3357 313 3399 gis
325 3356 492 3397 probabiles
500 3375 509 3389 ‚
521 3356 596 3385 utin
607 3351 703 3393 specie
712 3361 748 3382 ex
758 3351 892 3383 Decreto
901 3352 1021 3393 Qiinti
1031 3349 1173 3392 Capituli
1181 3349 1242 3380 Ge-

268 3400 379 3431 neralis
388 3397 583 3429 clericorum
596 3395 799 3436 Regularium
811 3393 1058 3429 Tlieatinotum‚
1079 3396 1112 3426 δέ
1123 3403 1158 3425 ex
1169 3394 1243 3424 dua-

269 3445 323 3474 bus
344 3441 476 3482 epissolis
495 3440 690 3479 pastoralibus
711 3437 871 3468 Generalis
894 3437 1025 3476 ejusdem
1049 3437 1225 3477 Religionis
1236 3446 1244 3471 ·,

267 3496 342 3527 quas
363 3483 488 3526 quidem
509 3482 754 3514 constitutiones
776 3481 910 3521 obligare
933 3482 982 3511 sub
1012 3491 1096 3512 reatu
1126 3482 1243 3523 peccati

584 88 762 160 Prosp.
780 86 1090 157 agnam-in
1111 79 1356 140 Primum
1373 79 1603 139 Librum
1627 79 1908 140 Decretas.

1268 169 1408 200 mortalis
1417 166 1555 198 defendit
1565 164 1727 199 novissime
1738 166 1895 198 Antonius
1913 163 2066 200 Merenda
2073 167 2107 200 in
2120 169 2178 211 fito
2187 179 2254 202 tra-

1265 212 1347 243 Ziatu
1357 213 1394 241 de
1402 207 1456 242 hac
1471 212 1604 241 materia
1611 211 1644 241 in
1654 209 1777 251 Praefat.
1788 217 1854 249 pag.
1870 217 1937 249 174.
1946 219 1995 241 nu.
2005 212 2079 249 485.
2091 210 2129 244 ώ-
2136 216 2208 253 48⁶·
2219 215 2254 245 &

1267 252 1402 295 superius
1410 259 1478 292 pag.
1486 263 1515 292 4.
1527 264 1556 284 n.
1568 255 1595 285 8.
1608 254 1763 294 redarguit
1772 253 1946 284 Authorem
1957 272 1966 287 ,
1981 253 2037 293 qui
2047 254 2206 296 evulgavit
2216 257 2254 287 si-

1268 298 1337 328 bros
1347 297 1383 327 de
1403 296 1519 327 casibus
1528 295 1727 328 conscientiae
1735 316 1744 331 ‚
1768 297 1801 327 in
1821 297 1933 336 quibus
1945 294 2105 336 profitetur
2128 297 2251 340 sesequi

1248 347 1251 349 ·
1267 340 1395 377 modum
1403 339 1628 370 determinandi
1639 339 1886 380 probabilitatem
1895 338 2083 379 opinionum
2092 337 2254 373 Constitu-

1268 381 1406 413 tionibus
1429 382 1474 412 sui
1482 380 1614 413 Ordinis
1623 380 1756 413 minime
1772 391 2015 423 congruentem.
2038 381 2125 412 Idem
2134 383 2254 416 constat

1268 434 1304 456 ex
1321 423 1609 456 Constitutionibus
1630 423 1763 455 Ordinis
1771 424 1972 456 Sanctissimae
1992 423 2166 456 TrInitatis
2189 424 2254 457 Re-

1267 467 1459 508 demptionis
1469 466 1677 508 captivorum,
1686 473 1780 506 cap-3.
1790 464 1828 497 de
1837 465 2018 508 off-Patrum
2027 467 2254 502 Lellorummbi

1268 510 1308 543 sic
1317 511 1475 552 legitur-:ln
1484 511 1659 550 opinionum
1665 509 1776 541 deleth
1784 506 1913 541 habeant
1922 512 2034 542 Patres
2043 510 2253 552 Lelloresspe-

1268 553 1329 585 cial
1331 564 1376 584 em
1385 552 1614 585 advertentiam
1624 573 1634 588 ,
1643 550 1681 585 ὠ·
1691 551 1782 584 enixe
1784 549 1927 592 studeant
1935 556 2147 585 communiores
2156 574 2166 589 ,
2187 563 2254 585 ma-

1265 596 1365 637 gasque
1374 594 1516 637 probatas
1517 596 1689 638 sententias
1698 597 1776 627 tueri
1786 614 1795 629 ‚
1805 605 1858 625 nec
1864 594 1905 626 ad
1915 593 2127 636 ostendendam
2135 598 2253 635 ingenii

1260 638 1470 680 subtilitatem
1478 638 1633 671 adducant
1641 640 1792 678 opiniones
1801 635 1945 678 obsoletas
1952 659 1962 673 ‚
1983 636 2130 681 abstardas
2138 660 2148 675 ,
2156 641 2255 672 inuti-

1268 683 1312 713 les
1319 702 1329 717 ,
1337 680 1518 722 praecipueve
1522 681 1625 724 falsas
1633 702 1644 717 ,
1664 691 1718 713 aut
1728 683 1826 712 minus
1831 679 2000 719 probabiles
2010 703 2018 711 .

1309 725 1348 756 Vi
1352 725 1622 766 gefimurnsextum
1639 724 1880 757 fundamentum
1897 725 2062 756 deducitur
2083 735 2120 758 ex
2142 726 2253 757 instru-

1267 767 1426 800 &ionibus
1440 768 1644 809 Synodalibus
1664 767 1704 800 R.
1715 766 1745 798 P.
1756 766 1796 797 D.
1807 766 1942 797 Antonii
1962 766 2092 799 Godeau
2108 768 2253 810 Episcopi

1267 811 1432 842 Graffenfis
1451 820 1490 842 ex
1510 811 1634 843 Gallico
1654 812 1802 843 idiomate
1825 809 1981 840 translatis
2001 811 2035 840 in
2056 809 2120 842 haec
2135 813 2228 843 verba
2244 822 2253 843 ε

1267 856 1304 886 Si
1312 852 1499 898 Confeffores
1511 864 1611 885 omnes
1618 855 1804 885 unanimiter
1818 850 2004 892 abstinerent
2012 849 2033 883 a*
2051 861 2141 885 tanta
2149 855 2254 886 indul-

1265 901 1371 936 gentia
1379 917 1389 932 ,
1399 906 1455 934 qua
1462 891 1630 936 pecc'atores
1639 894 1812 930 abutuntur,
1821 893 1919 935 eifi1ue
1926 893 2053 926 eandem
2064 897 2150 927 viam
2158 894 2255 936 osten-

1268 939 1374 972 derent
1388 948 1500 979 pravos
1509 938 1625 971 habitus
1642 937 1841 973 dimittendi,
1862 946 1949 976 atque
1964 937 2005 970 ad
2012 939 2130 970 Coelum
2145 947 2254 978 perve-

1268 982 1373 1014 niendi
1382 995 1392 1013 .·
1401 980 1611 1022 ambigendum
1622 994 1681 1014 non
1689 980 1758 1023 esset
1766 1003 1776 1017 ‚
1796 983 1866 1020 quin
1874 983 1907 1012 in
1916 979 2104 1022 Christianis
2118 992 2255 1014 cernere-

1269 1035 1319 1057 tur
1335 1024 1481 1058 notabilis
1500 1028 1629 1058 mutatio
1638 1048 1646 1056 .
1667 1024 1780 1066 Censeo
1800 1021 2006 1066 abstinendum
2027 1024 2145 1063 quidem
2159 1022 2214 1066 effe
2232 1025 2256 1057 αὶ

1261 1068 1349 1111 ferro
1359 1090 1369 1104 ‚
1391 1066 1504 1108 &igne
1525 1079 1618 1101 extra
1626 1069 1708 1111 casus
1717 1069 1926 1100 extremitatis
1946 1079 1956 1097 .·
1970 1065 2030 1108 sed
2046 1068 2097 1101 ubi
2103 1070 2255 1100 extremi-

2277 727 2337 764 287

1268 1121 1316 1143 tas
1337 1110 1501 1144 advenerit
1516 1133 1526 1146 ‚
1548 1115 1652 1151 negari
1672 1123 1731 1148 non
1749 1108 1845 1152 potest
1865 1131 1876 1146 ‚
1897 1113 1966 1149 quin
1981 1109 2070 1154 ferro
2085 1131 2096 1146 ,
2126 1109 2164 1144 (ῥ’
2185 1113 2255 1150 igne
2284 1139 2295 1143 t,

1268 1154 1410 1186 utendum
1421 1156 1467 1199 fit
1478 1177 1487 1190 ‚
1505 1154 1542 1188 Θ·
1551 1155 1714 1197 consultius
1723 1165 1827 1194 agrum
1837 1154 2194 1194 impellereadgemitus‚
2217 1153 2256 1186 &

1268 1199 1430 1234 clamores,
1451 1198 1644 1242 qua'mfinere
1651 1208 1683 1230 ut
1691 1201 1839 1230 moriatur
1848 1221 1855 1228 .
1877 1196 2107 1242 QotiesJudaei
2120 1195 2257 1238 scanda-

1267 1241 1442 1281 lizatifiint
1451 1253 1490 1274 ex
1491 1242 1679 1283 sermonibus
1688 1240 1804 1282 Christi
1811 1241 1992 1273 Salvatoris
2002 1239 2112 1282 nostri?
2122 1242 2255 1278 nunquid

1264 1284 1425 1324 propterea
1434 1287 1588 1327 immutati
1598 1284 1672 1325 fiant
1688 1291 1696 1316 Ξ
1721 1285 1834 1317 lenivit
1838 1292 1984 1324 precepta
1990 1283 2049 1325 fisa
2057 1281 2256 1323 abnegatione

1260 1326 1312 1368 fiii
1333 1328 1425 1371 ipfius
1434 1349 1444 1363 ‚
1465 1331 1559 1360 crucis
1568 1339 1668 1360 amore
1678 1348 1688 1363 ‚
1709 1328 1815 1360 mundi
1823 1325 2086 1360 abrenunciatione
2094 1346 2105 1362 ‚
2127 1325 2166 1358 ὠ·
2186 1325 2255 1357 odio

1268 1381 1369 1402 rerum
1379 1374 1509 1403 omnium
1518 1392 1528 1406 ‚
1549 1380 1605 1409 quae
1614 1371 1751 1411 saeculum
1760 1370 1896 1403 redolent
1905 1393 1912 1400 .
1935 1368 2086 1408 Nunquid
2101 1367 2254 1410 Christia-

1267 1425 1322 1444 nus
1330 1412 1371 1454 est
1379 1416 1431 1445 vir
1440 1413 1618 1446 deliciarum
1627 1420 1637 1444 ἓ
1660 1414 1778 1460 Qippe
1787 1415 1871 1446 illius
1879 1416 1950 1446 vita
1958 1434 1968 1448 a
1988 1423 2022 1445 ut
2031 1412 2256 1444 Tridentinum

1267 1458 1437 1488 Concilium
1455 1455 1605 1498 adstruit,
1623 1466 1767 1498 perpetua
1774 1459 1952 1497 poenitentia
1973 1456 2027 1498 effe
2036 1454 2123 1488 debet
2133 1477 2140 1485 .
2162 1453 2256 1530 Qzuod

1261 1500 1293 1543 st
1303 1510 1407 1531 verum
1417 1499 1458 1542 est
1467 1503 1503 1531 de
1512 1498 1685 1541 Christiano
1695 1521 1706 1535 ‚
1726 1499 1799 1539 quid
1808 1500 1844 1532 de
1849 1509 2005 1541 peccatore
2013 1521 2024 1535 ‚
2045 1502 2095 1538 qui
2103 1497 2195 1540 Chri]
2207 1501 2257 1530 ia-

1268 1545 1300 1573 ni
1309 1542 1386 1574 nihil
1395 1541 1481 1575 habet
1491 1552 1596 1583 prater
1604 1555 1709 1575 nomen
1719 1564 1729 1578 ‚
1752 1547 1789 1575 (¹9¹
1796 1547 1854 1581 qui·
1862 1543 2027 1585 gloriosam
2034 1541 2112 1575 hanc
2121 1542 2257 1580 qualita-

1267 1596 1327 1617 tem
1341 1585 1590 1629 ficpiusfoedavit
1600 1593 1608 1617 Ξ
1631 1585 1787 1632 Quomodo
1796 1588 1881 1618 arsia
1890 1589 1950 1618 erit
1960 1589 2016 1618 via
2025 1606 2035 1621 ‚
2056 1596 2114 1624 quae
2121 1584 2206 1616 ducit
2215 1581 2258 1616 ad

1268 1632 1296 1661 C
1298 1630 1334 1661 ael
1337 1640 1386 1661 um
1394 1650 1404 1663 ‚
1414 1627 1451 1662 (ῥ’
1460 1630 1480 1661 a
1488 1633 1589 1669 paucis
1597 1632 1726 1661 inventa
1736 1629 1780 1671 ,si
1787 1631 1928 1661 maxima
1938 1650 1947 1665 ‚
1965 1639 2022 1667 quae
2031 1627 2120 1660 hodie
2128 1629 2236 1667 vigent
2244 1646 2262 1662 ,4

1259 1672 1335 1713 sunt
1343 1671 1532 1710 veremudus
1541 1671 1741 1705 mediantibus
1749 1693 1759 1707 ,
1769 1671 1824 1705 haec
1834 1675 1890 1705 via
1899 1670 2057 1713 tantopere
2064 1670 2107 1713 est
2112 1671 2257 1711 prolata-

1267 1723 1366 1755 ta‚per
1376 1725 1460 1753 quam
1471 1716 1554 1747 nemo
1564 1715 1668 1756 est,qui
1676 1716 1812 1748 incedere
1822 1727 1880 1748 non
1885 1712 2184 1758 poffitpercommodk
2190 1722 2258 1745 cum

1261 1758 1327 1799 suis
1335 1758 1546 1790 ambitionibus
1554 1780 1564 1794 ‚
1572 1759 1666 1801 ufhris
1674 1780 1684 1793 ,
1693 1757 1814 1791 luxibus
1822 1781 1833 1795 ,
1844 1756 2107 1802 fhperfluitatibus
2115 1777 2126 1792 2
2133 1768 2168 1788 ac
2177 1756 2257 1787 deli-

1267 1804 1324 1833 ciis
1334 1807 1343 1832 ἒ
1356 1802 1469 1834 Nonne
1479 1813 1585 1834 verum
1595 1801 1636 1843 est
1643 1801 1729 1834 hodie
1737 1814 1771 1833 in
1779 1803 1883 1834 multis
1893 1800 2175 1845 occastonibussatis
2182 1796 2236 1841 effe
2243 1819 2256 1834 2

1267 1854 1300 1876 ut
1311 1847 1373 1882 quis
1380 1847 1533 1884 ingenium
1540 1843 1645 1878 habeat
1653 1845 1694 1877 ad
1701 1844 1912 1887 retlificandas
1919 1855 1984 1877 cum
1991 1846 2181 1876 dexteritate
2182 1842 2258 1884 suas

1267 1890 1449 1919 intentiones
1465 1888 1506 1920 ad
1516 1889 1614 1920 multa
1622 1897 1744 1928 peccata
1760 1887 1911 1920 vitanda?
1932 1886 2068 1929 Christus
2083 1889 2131 1918 ait
2140 1886 2256 1919 Coelum

1267 1929 1321 1971 effe
1328 1939 1381 1970 pro
1391 1933 1499 1963 idiotis
1507 1952 1517 1966 ,
1528 1929 1565 1963 (ῥ’
1570 1932 1725 1971 parvulis,
1734 1933 1768 1962 id
1776 1929 1828 1972 est,
1835 1940 1890 1971 pro
1900 1928 2061 1963 humilibus
2069 1950 2079 1965 ‚
2091 1928 2258 1970 &fimpli—

1267 1972 1345 2006 cibus
1355 1996 1363 2004 .
1384 1976 1493 2006 Verum
1503 1973 1556 2006 hoc
1565 1972 1663 2015 nostro
1673 1974 1780 2016 saeculo
1789 1973 1880 2012 juxta
1897 1976 1993 2012 magis
2009 1982 2176 2005 communes
2191 1981 2259 2003 ma·-

1266 2018 1367 2058 gisque
1377 2025 1511 2057 receptas
1520 2025 1610 2057 propo
1605 2018 1746 2061 fitiones,
1755 2018 1873 2050 Coelum
1880 2015 1922 2058 est
1931 2014 2141 2048 tantummodo
2146 2022 2202 2055 pro
2209 2016 2260 2046 in-

1266 2063 1364 2099 geniis
1363 2058 1527 2101 subtilibus
1536 2081 1546 2095 ‚
1568 2058 1605 2093 ά*
1611 2068 1666 2100 pro
1675 2059 1867 2099 magnatibus
1875 2081 1886 2095 ‚
1900 2068 1954 2100 pro
1964 2058 2066 2098 quibus
2074 2057 2183 2100 affidue
2189 2068 2259 2089 con-

1268 2105 1417 2135 clamatur
1424 2112 1501 2142 pare,
1508 2111 1585 2143 pax,
1595 2109 1633 2135 CT
1642 2106 1691 2142 qui
1700 2106 1733 2135 in
1742 2106 1814 2135 vita
1823 2106 2049 2136 canonizantur
2058 2100 2181 2143 inflatu
2190 2101 2258 2132 lon-

1267 2145 1303 2185 ge
1324 2146 1422 2186 dissito
1433 2145 1452 2177 (i
1465 2146 1634 2185 sanc‘iitate
1642 2169 1649 2176 .
1671 2148 1776 2191 Quam
1797 2146 1967 2186 mensuram
1977 2148 2130 2184 accipiunt
2148 2156 2198 2176 ma
2200 2144 2261 2182 jori

1269 2200 1309 2221 ex
1319 2197 1406 2228 parte
1415 2188 1577 2219 direr‘lores
1584 2189 1832 2228 conscientiarum
1840 2208 1850 2222 ‚
1872 2190 1922 2225 qui
1929 2189 1962 2230 fi
1969 2199 2028 2218 non
2034 2196 2089 2226 pro
2097 2185 2260 2218 commodi-

1271 2241 1335 2264 tate
1355 2233 1563 2271 poenitentium
1573 2251 1583 2265 ‚
1603 2230 1683 2262 certe
1691 2239 1744 2269 pro
1758 2231 1818 2272 sua
1825 2228 2051 2271 existimatione
2061 2250 2071 2264 ‚
2095 2229 2132 2261 (9²
2152 2230 2258 2260 mundi

1271 2274 1394 2314 judicio,
1402 2273 1528 2306 minime
1537 2273 1699 2315 respiciunt
1707 2272 1748 2305 ad
1757 2283 1865 2304 veram
1875 2275 1937 2305 Dei
1942 2273 2073 2312 gloriam
2083 2293 2093 2307 ‚
2102 2283 2155 2304 nec
2163 2271 2204 2303 ad
2211 2283 2260 2303 re-

1269 2318 1357 2358 gulas
1370 2319 1398 2349 E
1400 2318 1532 2356 ua‘ngelii
1541 2337 1550 2352 ‚
1570 2328 1620 2348 nec
1629 2316 1670 2348 ad
1678 2317 1856 2348 Sannorum
1865 2317 2006 2356 exempla
2013 2336 2023 2351 ‚
2044 2327 2097 2347 nec
2105 2314 2146 2350 ad
2152 2317 2260 2355 proxi-

1272 2364 1317 2394 mi
1326 2360 1544 2392 detrimentum
1553 2380 1562 2394 ‚
1584 2369 1615 2391 ut
1624 2361 1733 2391 merito
1741 2359 1840 2391 dicere
1846 2360 1985 2402 pofflmus
2000 2369 2065 2391 cum
2074 2357 2239 2400 Psalmista
2248 2369 2259 2389 .-

1273 2405 1399 2436 Salvum
1407 2414 1456 2435 me
1466 2403 1513 2435 fac
1525 2403 1611 2434 Deus
1621 2407 1634 2437 ‚³
1651 2405 1803 2443 quoniam
1814 2402 1927 2434 defecit
1949 2402 2080 2434 Sanetus
2090 2422 2100 2437 ‚
2123 2403 2156 2434 &
2165 2404 2261 2433 dimi-

1274 2457 1355 2479 nurae
1365 2447 1433 2478 sunt
1441 2448 1587 2479 veritates
1596 2445 1612 2477 a
1621 2446 1693 2477 filiis
1703 2446 1872 2477 hominum
1881 2468 1888 2475 .
1907 2447 1960 2477 Ex
1972 2446 2051 2477 rebla
2059 2442 2259 2485 administra-

1273 2493 1354 2522 tione
1362 2493 1387 2522 S
1389 2492 1557 2521 atramenti
1566 2491 1754 2521 Poenitentiae
1764 2487 1910 2528 dependet
1920 2487 2098 2530 instauratio
2108 2489 2137 2519 E
2139 2488 2261 2532 cclesia-

1268 2534 1348 2575 sticae
1368 2533 1531 2574 disciplina
1540 2552 1550 2567 ‚
1571 2543 1606 2564 ac
1627 2542 1740 2563 morum
1750 2531 1929 2574 reformatio
1947 2535 1981 2563 in
1998 2529 2186 2572 Christianis
2194 2553 2202 2561 .
2224 2532 2263 2563 In

1275 2574 1528 2608 declarationibus
1535 2573 1888 2615 cafiaumcontingentium
1890 2574 2054 2616 sequimini
2061 2574 2112 2606 hoc
2118 2574 2263 2613 generale

1275 2623 1401 2652 axioma
1409 2639 1419 2654 ‚
1440 2628 1473 2650 ut
1481 2619 1521 2650 eli
1520 2620 1602 2657 gatis
1602 2618 1721 2659 semper
1730 2629 1794 2650 eam
1804 2620 1971 2657 opinionem
1980 2638 1990 2653 ,
2007 2627 2062 2657 per
2070 2627 2156 2654 quam
2178 2618 2262 2648 Deus

1276 2665 1371 2702 magis
1378 2660 1618 2704 glorificatum&
1628 2671 1684 2699 quae
1691 2661 1836 2699 majorem
1845 2659 1933 2693 habet
1942 2661 2186 2703 conformitatem
2195 2670 2262 2691 cum

1275 2706 1361 2738 arth
1370 2708 1423 2738 via
1435 2707 1462 2737 E
1466 2705 1596 2743 uangelii
1606 2726 1612 2734 .
1623 2707 1778 2737 Maxima
1788 2703 1882 2736 valde
1886 2702 2050 2744 periculosa
2060 2701 2100 2743 ⁶st
2110 2704 2167 2734 illa
2175 2723 2185 2737 ‚
2204 2712 2261 2741 que

1275 2747 1363 2781 hodie
1371 2750 1467 2780 currit
1476 2750 1557 2779 inter
1564 2748 1721 2779 nonnullos
1730 2745 2005 2789 C'onfeffores‚quod
2015 2744 2156 2787 possumus
2166 2746 2263 2777 relin-

1277 2802 1363 2830 quere
1367 2789 1503 2831 probabis
1506 2793 1516 2821 i
1519 2802 1597 2822 orem
1619 2793 1785 2830 opinionem
1796 2811 1802 2823 ‚
1825 2799 1858 2821 ut
1870 2790 2032 2830 sequamur
2039 2792 2138 2821 minus
2153 2786 2263 2828 proba-

1277 2834 1369 2867 bilem
1377 2846 1386 2864 :
1398 2834 1435 2866 (j-
1444 2832 1625 2873 probabilem
1635 2833 1757 2874 censeri,
1758 2833 1790 2876 st
1798 2832 1854 2864 duo
1863 2831 2018 2864 Authores
2025 2833 2116 2864 illam
2125 2831 2263 2866 doceant,

1277 2878 1338 2910 imo
1349 2877 1386 2910 Θ·
1401 2878 1432 2920 fi
1440 2888 1511 2908 unus
1520 2876 1687 2909 dumtaxat
1696 2898 1703 2907 .
1727 2878 1853 2907 Etenim
1862 2884 1968 2915 aperta
1977 2874 2032 2908 hac
2048 2878 2103 2907 via
2113 2896 2124 2910 ‚
2145 2877 2205 2907 vix
2214 2885 2263 2905 re-

1276 2923 1375 2962 peries
1383 2921 1528 2952 ach-'onem
1536 2921 1631 2951 ullam
1641 2927 1775 2958 pravam
1785 2939 1795 2953 ‚
1817 2929 1872 2957 quae
1882 2930 1940 2950 non
1951 2918 1998 2962 stt
2008 2919 2097 2951 licita
2106 2940 2114 2948 .

1321 2962 1678 3005 vigesimums'eptimum
1699 2961 1938 2993 fundamentum
1961 2962 2092 2993 sumitur
2112 2971 2149 2993 ex
2166 2970 2264 3002 quam

1280 3008 1420 3049 plurimis
1438 3007 1649 3038 assertionibus
1658 3025 1668 3039 ,
1689 3015 1765 3045 quas
1782 3004 1916 3037 Parochi
1923 3004 2103 3037 Parisienses
2113 3024 2123 3039 ,
2145 3006 2178 3036 &
2195 3003 2264 3036 Ro-

1280 3048 1494 3091 tliomagenses
1512 3047 1656 3080 universo
1664 3046 1758 3080 Clero
1767 3048 1932 3080 Gallicano
1953 3049 2060 3089 paucis
2070 3050 2107 3080 ab
2125 3048 2198 3079 liinc
2209 3057 2266 3079 an-

1282 3096 1330 3125 nis
1353 3092 1573 3134 proposuerunt
1595 3102 1659 3123 non
1681 3092 1855 3123 tolerandas
1871 3111 1882 3126 ‚
1903 3093 1937 3123 &
1959 3092 2147 3123 authoritate
2169 3091 2265 3131 Supe-

1281 3139 1399 3168 riorum
1411 3135 1614 3176 probibendas
1623 3155 1632 3169 ‚
1657 3137 1737 3166 inter
1745 3145 1821 3175 quas
1832 3137 1934 3175 primo
1951 3135 2022 3167 loco
2032 3145 2179 3175 tanquam
2189 3135 2265 3165 alia-

1282 3189 1351 3211 rum
1375 3181 1560 3220 praecipuam
1568 3178 1759 3210 collocarunt
1783 3178 1864 3209 lianc
1872 3198 1881 3211 ‚
1903 3180 1940 3210 de
1956 3188 2018 3219 qua
2027 3188 2109 3209 nunc
2128 3176 2264 3217 disputa-

1283 3233 1351 3255 mus
1361 3242 1370 3256 ,
1395 3221 1539 3254 videlicet
1549 3241 1559 3255 ‚
1579 3221 1594 3251 ἐι
1606 3231 1733 3262 peccaro
1741 3221 1914 3252 immunem
1922 3222 1978 3252 esse
1985 3241 1996 3256 ,
2018 3224 2072 3262 qui
2082 3220 2188 3252 relicta
2196 3221 2266 3260 opi-

1284 3267 1379 3297 nione
1388 3285 1398 3299 ‚
1419 3274 1515 3304 quam
1533 3273 1638 3295 veram
1647 3265 1746 3294 credit
1755 3284 1765 3298 ‚
1786 3266 1818 3295 δε
1841 3274 1908 3305 quae
1917 3265 2015 3305 magis
2036 3274 2102 3296 ruta
2110 3284 2120 3299 ‚
2140 3272 2266 3295 contra-

1284 3310 1363 3339 riam
1385 3307 1519 3348 sequitur
1529 3306 1633 3338 minus
1655 3307 1843 3347 probabilem
1851 3328 1860 3341 ,
1884 3308 2045 3348 minusqtie
2056 3308 2190 3339 secutam
2199 3325 2210 3339 ‚
2231 3314 2267 3336 ut

1285 3351 1378 3384 fusius
1391 3353 1504 3391 parebit
1515 3349 1593 3381 infra
1602 3361 1650 3380 nu.
1662 3353 1728 3389 336.
1736 3350 1892 3391 Judicium
1901 3361 2003 3382 autem
2014 3361 2079 3382 ram
2090 3350 2267 3390 magnicoe-

1285 3404 1334 3425 tus
1343 3393 1592 3435 l'resbytcrorum
1602 3412 1610 3428 ,
1631 3392 1685 3432 qui
1710 3395 1741 3423 in
1751 3393 1889 3425 Urbibus
1909 3394 2010 3435 Regni
2023 3394 2182 3434 praecipuis
2199 3392 2268 3422 ani-

1288 3447 1352 3468 mas
1363 3446 1472 3477 regunt
1482 3456 1491 3470 ‚
1501 3437 1534 3467 δε
1545 3435 1749 3467 conscientias
1760 3437 1900 3477 dirigunt
1911 3458 1920 3471 ,
1933 3439 2017 3478 parvi
2029 3435 2139 3467 nonest
2151 3433 2267 3465 facien-

1285 3483 1378 3514 dum,
1387 3491 1410 3511 c.
1423 3478 1621 3512 Prudenham
1633 3499 1641 3512 ‚
1653 3481 1676 3516 ς’-
1689 3480 1748 3511 Illa
1760 3480 1862 3520 qrippe
1872 3501 1881 3516 ‚
1890 3482 1970 3523 vers.
1979 3482 2130 3519 Inte-grum
2139 3479 2217 3549 27:257:
2228 3474 2269 3518 est

2150 3530 2187 3554 551.
2201 3533 2209 3549 ι
2216 3538 2226 3542 <

2207 3648 2221 3664 Α

2285 2963 2345 2999 289
