2397 3664
242 26 338 110 ³24

184 127 314 161 Divinis
337 128 461 160 Officiis
485 125 631 159 inservire
645 145 655 159 ‚
674 125 723 155 scu
756 123 902 155 interesse
924 124 957 155 in
976 122 1180 159 Catliedrali,

183 174 231 203 vel
245 172 425 211 Collegiata
439 168 575 202 Ecclesia
599 168 767 206 important
780 166 942 197 servitium
954 165 1074 202 Cliori,
1095 168 1178 207 quod

188 215 350 254 adimpleri
364 225 428 245 non
439 213 534 253 potest
549 220 600 251 pei·
609 208 807 240 subslitutum
817 231 827 245 ‚
848 219 883 241 ut
895 209 927 240 in
938 210 967 240 d.
979 208 1179 250 cap.12.verfi

188 259 302 289 Omnes
313 269 384 289 vcro
397 279 405 289 ,
420 255 487 296 sels.
502 267 513 286 2
523 265 551 293 4.
564 257 595 284 ὅ(
609 252 702 283 fusius
715 252 833 292 patebit
846 252 878 283 in
889 251 1029 293 sequenti
1040 252 1181 292 quaestio-

190 312 244 332 ne.
270 301 339 332 Nec
361 298 538 330 adversatur
558 296 675 327 decisio
697 294 947 335 pistorien-quia
967 305 1005 326 eo
1026 295 1095 326 casu
1117 305 1182 326 non

191 343 252 376 fuit
275 342 436 384 qua-situm
458 351 496 371 an
520 339 709 380 Capellanus
728 339 855 369 deberet
874 338 1066 379 perseipsum
1084 338 1182 370 Horis

191 386 369 418 Canonicis
392 384 536 415 interesse
557 405 566 418 ‚
596 382 643 414 sed
663 380 886 413 tantummodo
915 391 954 413 an
974 382 1101 412 deberet
1119 381 1182 413 esse

186 429 339 460 Sacerdos
353 450 360 458 .
383 427 414 457 Si
426 426 500 457 vero
520 426 638 466 capella
658 423 767 456 existat
781 425 813 455 in
835 424 972 456 Ecclesia
992 434 1056 455 non
1068 423 1183 456 Catlie-

186 472 266 504 drali
280 494 290 506 ,
310 471 356 501 vel
378 467 560 509 Colle‘giata
574 491 584 505 ,
604 469 651 500 scd
675 468 708 500 in
731 468 794 500 alia
815 467 953 499 Ecclefia
971 477 1036 498 non
1048 467 1182 499 habente

190 514 353 546 servitium
373 511 493 543 Cliori:
518 513 576 542 lioc
599 511 715 543 ultimo
726 511 796 542 casii
815 511 960 551 quamvis
981 510 1013 541 in
1027 509 1183 542 fundatio-

189 568 230 588 ne
242 555 378 596 Capellae
390 555 571 595 dispositum
583 555 618 586 sit
629 565 663 586 iit
675 554 864 594 Capellanus
884 555 997 585 debeat
1008 553 1120 585 Missas
1133 563 1183 585 ce-

188 601 328 635 lebrare,
349 600 382 630 &
400 599 519 629 divinis
542 598 711 630 inservire,
733 597 939 629 seuintcresse
957 619 967 633 ,
989 606 1096 628 tamen
1116 607 1182 628 non

187 643 351 675 tenebitur
361 642 508 673 ordinem
534 642 766 673 sacerdotalem
780 640 948 680 suscipere,
969 650 1026 671 nec
1049 640 1182 675 Missas,

189 696 242 718 aut
254 686 366 717 divina
386 684 490 716 officia
509 686 668 715 celebrare
680 694 730 724 per
753 684 902 722 seipsum,
922 684 969 715 sed
991 683 1062 714 satis
1074 683 1133 714 erit
1147 692 1181 714 tit

190 731 252 761 liaec
263 729 372 760 munia
392 739 444 767 per
460 728 555 759 alium
577 728 717 766 expleat,
739 728 771 757 ὃ(
785 728 816 757 in
829 729 887 756 lioc
910 725 1033 766 speciali
1053 725 1126 756 casti
1139 727 1182 756 lo-

187 782 331 814 quuntur
339 771 516 803 declaratio
535 770 604 802 Sac.
617 770 892 810 Congregationis
904 770 936 800 in
953 769 1045 800 caiisa
1057 767 1181 799 Placen-

188 817 257 848 tiiia
267 839 277 852 ,
298 818 336 846 dc
347 825 409 856 qua
419 815 506 854 supra
516 817 619 851 nu.67.
631 812 710 852 vers.
722 812 877 844 Similitcr
887 835 896 848 ,
916 812 1033 843 decisio
1046 811 1137 842 Rota:
1146 813 1182 842 in

186 858 279 899 causa
291 861 429 891 Romana
440 857 644 898 Capellam'ae,
665 858 698 887 ὃ(
719 855 796 896 Lapi
816 856 1022 895 allegationes
1033 877 1043 891 ,
1064 858 1101 886 de
1112 854 1181 896 qui-

188 904 243 934 bus
255 902 341 941 supra
351 905 486 933 71um.6:.
498 899 535 932 ό*
546 909 597 940 73.

223 944 338 976 Tertio
363 946 450 988 juxta
469 943 620 983 praeiiiissa
640 940 821 983 QUAERO
843 953 850 971 :
874 940 975 973 Posita
993 940 1182 972 fundatione

187 989 310 1029 capellse
324 988 356 1018 in
367 987 504 1018 Ecclesia
514 984 696 1025 Collegiata
707 985 821 1015 §.Sixti
835 984 976 1015 Viterbii
992 984 1182 1024 infrascripti

188 1031 308 1063 tenoris
329 1031 498 1065 videlicet,
519 1028 715 1068 Capellanus
735 1037 901 1062 teneatur,
923 1029 954 1059 ὃ(
975 1028 1135 1066 obligatus
1147 1027 1181 1058 sit

187 1074 330 1116 qualibet
343 1074 536 1105 hebdomada
546 1072 652 1103 dicere
666 1072 696 1101 in
711 1071 771 1111 ipsa
785 1070 922 1101 Ecclesia
935 1081 990 1111 pro
1002 1071 1183 1101 remissione

187 1127 390 1158 peccatorum
403 1115 492 1156 ipsius
505 1114 660 1146 testatoris
671 1116 746 1145 duas
759 1114 870 1144 Missas
880 1135 890 1150 ‚
915 1113 1111 1145 &deservire
1125 1113 1184 1144 Ec-

188 1160 286 1192 clesiae
308 1159 469 1190 indivinis
482 1181 489 1189 .
511 1159 560 1189 An
578 1157 767 1198 Capellanus
787 1156 964 1199 hujusmodi
983 1167 1034 1197 per
1056 1157 1184 1197 seipsum

189 1203 302 1235 Missas
312 1204 469 1234 celebrare
484 1223 493 1238 ‚
514 1212 607 1242 arque
620 1200 764 1232 inservire
777 1210 922 1230 teneatur
933 1223 941 1231 .

226 1246 388 1286 Proposita
407 1247 462 1276 hac
473 1244 563 1276 caiisa
575 1245 624 1276 die
636 1255 665 1280 9.
680 1242 873 1275 Novembris
897 1247 986 1279 1619.
998 1243 1027 1274 S.
1039 1241 1185 1283 Congre-

189 1291 280 1331 gatio
291 1288 438 1321 Concilii
452 1288 515 1319 visa
525 1289 565 1319 est
579 1289 709 1327 probare
721 1286 941 1319 conclusiones
953 1286 1162 1325 infrascriptas
1175 1307 1182 1315 .

233 1333 338 1364 Prima
349 1330 511 1364 conclusio
522 1331 564 1361 est
582 1334 744 1361 decretum
757 1328 900 1361 Concilii
923 1329 1107 1361 Tridentini
1117 1338 1183 1369 cap.

188 1373 294 1417 mseff.
307 1387 356 1406 η.
371 1385 433 1416 qua
444 1384 528 1414 parte
550 1373 657 1404 statuit
669 1382 702 1405 ιιι
725 1373 872 1403 habentes
895 1373 1049 1404 beneficia
1069 1372 1103 1403 in
1124 1371 1186 1403 Ca-

188 1419 398 1454 tlicdralibus,
419 1420 450 1449 δε
471 1416 661 1456 Collegiatis
680 1416 825 1447 Ecclesi'ts
845 1414 918 1446 cuin
938 1426 1034 1447 onere
1054 1415 1185 1446 dicendi

190 1462 342 1497 Missam,
371 1459 599 1501 Evangelium,
620 1460 667 1490 vel
689 1459 855 1499 Epistolam
877 1481 886 1495 ,
916 1468 1083 1490 teneantur
1103 1457 1186 1489 infra

190 1514 310 1537 annum
320 1504 449 1535 ordines
461 1503 598 1544 recipere
611 1503 776 1542 requisitos
791 1525 799 1537 ,
820 1504 853 1533 &
877 1502 976 1533 dictos
996 1502 1123 1532 ordines
1135 1510 1186 1542 per

188 1548 300 1589 seipsos
310 1557 454 1579 exercere
465 1569 474 1581 ,
499 1557 563 1577 non
577 1547 668 1576 habet
681 1547 786 1575 locum
800 1546 832 1576 in
844 1555 895 1575 om
902 1547 991 1576 uibus
1004 1544 1166 1575 beneficiis
1176 1566 1185 1580 ,

79 1238 162 1287 .90

191 1601 328 1633 quorum
340 1589 513 1621 rectoribus
534 1588 782 1628 praedietaonem
809 1589 1014 1624 incumbunt,
1037 1588 1084 1619 sed
1108 1587 1198 1618 inii--

191 1635 232 1666 lis
260 1632 386 1665 tantum
396 1654 406 1668 ‚
426 1643 494 1672 quae
532 1642 655 1663 certum
685 1631 830 1662 ordinem
862 1632 977 1662 liabent
1000 1641 1155 1661 annexum
1178 1653 1185 1660 .

187 1676 299 1719 Qam
309 1672 547 1707 conclusionem
556 1677 619 1717 jam
635 1676 753 1705 dudum
774 1674 921 1713 probavit
931 1673 1187 1714 &Congregatio

190 1721 224 1752 in
235 1719 327 1751 causa
337 1717 515 1750 Tudertina
526 1719 602 1748 dum
612 1717 734 1748 censuit
746 1715 945 1755 Capellanias
962 1716 995 1748 in
1014 1716 1187 1749 Catliedra-

191 1764 215 1795 li
234 1761 372 1794 Ecclesia
394 1761 511 1793 erectas
531 1760 603 1792 etim
617 1769 713 1791 onere
734 1760 904 1791 Missarum
925 1760 1187 1791 celebrandarum

190 1817 256 1839 non
268 1805 496 1845 comprehendi
509 1805 542 1835 iri
554 1803 584 1834 d.
605 1812 672 1843 cap.
683 1814 712 1842 4.
735 1803 790 1833 nisi
802 1804 947 1833 ordinem
968 1813 1124 1834 annexum
1138 1804 1189 1833 lia-

190 1851 305 1881 beant.
328 1848 427 1880 Ratio
440 1848 501 1884 est,
523 1846 602 1887 quia
621 1846 773 1877 oneribus
792 1846 970 1887 hujusmodi
982 1847 1122 1885 congrue
1136 1855 1189 1885 po-

192 1893 246 1924 test
259 1902 310 1932 pet
321 1891 519 1923 substitutum
531 1889 672 1921 satisfieri
683 1911 692 1925 ,
705 1900 762 1920 nec
773 1889 915 1920 censetur
927 1890 959 1920 in
977 1889 1022 1920 liis
1033 1890 1129 1920 electa
1142 1889 1188 1919 in—

193 1935 310 1967 dustria
320 1934 453 1974 personae
465 1956 474 1969 ,
498 1944 532 1964 Ut
545 1933 684 1972 pluribus
695 1932 803 1972 probat
817 1932 892 1971 Lap.
905 1933 1030 1970 allegat.
1048 1943 1059 1963 1
1070 1941 1116 1968 17.
1132 1932 1187 1972 qui

194 1977 318 2020 proprie
331 1977 472 2017 loquitur
483 1979 520 2007 de
533 1976 623 2006 altari
633 1998 642 2011 ,
655 1976 703 2006 seu
715 1974 903 2015 Capellania
916 1975 1018 2007 erecta
1030 1977 1062 2007 in
1073 1974 1189 2007 Cathe-

194 2022 275 2053 drali
296 2019 434 2051 Ecclesia
454 2030 526 2050 cum
546 2029 641 2050 onere
664 2018 774 2049 Missas
793 2019 998 2055 celebrandi,
1029 2019 1189 2061 juxrater-

193 2065 299 2096 minos
320 2062 479 2095 Clement.
502 2062 544 2095 Ut
554 2064 578 2092 ii
590 2084 599 2098 ,
621 2061 658 2092 de
676 2071 754 2092 aetat.
767 2059 804 2093 (9⁹
823 2062 966 2100 qualitas.
986 2064 1136 2094 innovata
1156 2064 1188 2092 in

199 2108 229 2140 d.
239 2119 264 2139 c.
276 2118 306 2147 4.

236 2151 381 2182 Secunda
391 2149 552 2180 conclusio
563 2172 571 2178 .
592 2147 779 2188 Capeliania
790 2158 826 2178 ea
837 2148 902 2187 lege
915 2147 1017 2179 erecTa
1030 2147 1061 2179 in
1072 2147 1185 2180 Cathe-

195 2192 444 2230 draliEcclesia,
466 2203 499 2222 ut
523 2191 713 2231 Capellanus
736 2201 880 2222 teneatur
901 2191 999 2222 choro
1021 2191 1190 2226 inservire,

197 2236 330 2278 requirit
342 2235 498 2276 personale
521 2234 704 2270 servitium,
725 2235 808 2273 quod
829 2243 894 2264 non
908 2235 1003 2273 potest
1024 2234 1188 2273 adimpleri

200 2291 253 2321 per
274 2279 491 2311 substitutum.
515 2277 574 2308 Pro
593 2288 655 2317 qua
676 2277 880 2308 conclusione
901 2278 1106 2316 ponderatum
1131 2275 1191 2307 fuit

198 2325 361 2355 decretum
372 2321 518 2354 Concilii
527 2329 609 2360 capu
619 2319 781 2360 2.seſs.24.
797 2319 839 2350 ibi
849 2341 858 2354 ,
867 2318 988 2350 Omnes
999 2318 1073 2350 vero
1083 2319 1193 2350 divina

197 2366 287 2407 perse
300 2388 310 2402 ‚
332 2368 364 2397 &
376 2375 441 2396 non
454 2375 506 2405 ρει·
517 2364 716 2394 substituitim
737 2363 970 2403 compellantur
989 2362 1078 2393 obire
1089 2361 1193 2393 officia

137 2421 175 2449 92
199 2408 303 2452 Junc‘ta
314 2407 472 2440 decisione
484 2407 513 2438 S.
529 2406 801 2447 Congregationis
815 2411 831 2442 ,·
846 2415 908 2446 qua
920 2406 1114 2437 declaratum
1133 2404 1192 2436 fuit

199 2450 391 2491 d.c.12.vers.
398 2454 553 2486 Praenrm,
566 2450 827 2489 comprehendere
839 2448 938 2479 etiam
950 2447 1193 2492 Mansionarias,

199 2498 231 2527 δέ
243 2496 302 2526 alia
314 2495 485 2529 beneficia,
508 2504 575 2534 quae
586 2493 654 2525 suut
666 2501 834 2533 perpetua,
855 2492 888 2523 &
899 2492 1014 2523 habent
1035 2501 1191 2522 annexum

201 2538 361 2570 servitium
372 2538 404 2569 in
417 2537 515 2568 choro
527 2560 536 2568 .

243 2581 328 2612 Hinc
339 2580 413 2612 cum
424 2579 609 2612 dubitatum
624 2579 719 2610 fuerit
732 2589 772 2609 an
790 2577 982 2618 Capellaniae
995 2600 1002 2613 ‚
1022 2576 1136 2618 quibus
1148 2576 1194 2607 in-

208 2624 328 2655 cumbit
339 2634 418 2655 onus
435 2623 614 2654 celebrandi
628 2622 741 2653 hsiii'sas
753 2643 762 2657 ,
784 2622 860 2653 &in
874 2621 972 2652 choro
985 2620 1194 2656 inserviendi,

207 2667 264 2697 sint
277 2667 492 2706 coiiipatibiles
504 2677 576 2697 cum
587 2665 844 2697 canonicatibus
856 2686 866 2700 ,
885 2668 918 2696 ὅ(
939 2663 1174 2695 parochialibus
1185 2685 1195 2699 ‚

208 2709 280 2739 cum
294 2720 458 2748 percarum
479 2709 721 2740 cousliturioues
735 2709 830 2739 liceat
843 2708 887 2739 eis
908 2707 1055 2738 inservire
1067 2716 1118 2746 per
1130 2706 1195 2736 stib-

211 2750 350 2782 stitiituiii
362 2763 434 2783 cum
451 2753 582 2784 licentia
593 2751 780 2785 Ordinarii,
802 2753 834 2781 δε
846 2750 977 2790 capituli
989 2762 998 2779 :
1020 2749 1195 2789 §.Congre-

212 2793 299 2833 gatio
310 2795 426 2826 censuit
438 2806 503 2826 non
515 2795 576 2826 esse
588 2794 807 2834 compaiibiles
819 2816 827 2824 .

249 2835 327 2866 Item
339 2846 408 2867 orta
417 2838 615 2869 dubitatione
628 2849 666 2868 an
679 2836 869 2877 Capellaniae
880 2835 1078 2867 Catliedralis
1091 2834 1196 2866 Eccle-

212 2878 257 2910 siae
269 2900 278 2913 ,
288 2888 417 2918 quarum
431 2881 569 2911 redditus
583 2881 614 2911 in
625 2880 900 2912 distributionibus
913 2878 1108 2919 quotidianis
1121 2888 1197 2908 cori-

212 2921 317 2968 sistunt
329 2942 338 2956 ,
363 2922 550 2960 personalem
563 2924 762 2955 residentiam
773 2923 936 2962 requirant
949 2934 955 2952 :
969 2920 1145 2962 responsum
1155 2920 1196 2951 est

215 2974 372 3004 requirere
385 2986 391 2993 .

255 3008 312 3038 Sed
333 3009 365 3037 ὁ(
384 3005 643 3047 §.Congregatio
662 3009 884 3049 Episcoporum
905 3007 982 3038 olim
994 3006 1137 3038 consulta
1158 3017 1196 3037 an

215 3048 380 3089 Capellani
403 3049 548 3080 habentes
568 3052 801 3082 distributiones
819 3051 1043 3092 quotidianas,
1065 3052 1096 3081 ἃ
1117 3060 1197 3080 onus

213 3091 392 3124 celebrandi
403 3091 510 3121 diviua
521 3092 633 3124 Officia
644 3095 674 3124 iu
687 3094 869 3126 Carhedrali
884 3093 1018 3125 Pisarum
1031 3102 1198 3123 teneantur

214 3138 250 3167 ad
262 3134 461 3166 residentiam
475 3145 483 3165 ,-
507 3134 661 3173 respoudit
674 3136 876 3177 Capellanias
889 3137 1046 3177 requirere
1067 3135 1198 3166 residen-

213 3179 291 3210 tiam
303 3179 334 3208 in
347 3177 443 3208 choro
455 3175 621 3208 cathedr-al
630 3179 652 3207 is
664 3201 671 3207 .

250 3220 361 3252 Tertia
381 3220 561 3250 conclusio:
583 3230 619 3250 ex
643 3221 702 3251 illis
723 3222 824 3252 verbis
842 3221 1057 3257 fundationis,
1078 3223 1115 3252 de
1136 3231 1199 3261 qua

214 3275 296 3295 nuuc
310 3263 432 3301 agitur,
455 3261 803 3301 videlicetCapellanus
824 3275 967 3296 teneatur
990 3265 1100 3296 Missas
1118 3264 1199 3295 cele-

213 3308 319 3341 brare,
342 3316 405 3336 non
418 3305 614 3341 inst-rtur‚ut
627 3306 789 3345 capt-ilaus
802 3307 1028 3343 Sacculmalss,
1048 3308 1126 3347 quia
1148 3307 1200 3337 liu-

212 3349 348 3393 jusmodi
359 3349 446 3379 ont-ri
459 3348 554 3388 potest
566 3358 616 3387 per
629 3349 727 3378 alium
739 3348 879 3379 satislieii
894 3372 901 3384 ‚
914 3350 988 3381 licet
999 3351 1118 3389 capella
1134 3360 1199 3380 cre-

213 3391 368 3423 ctafucrit
382 3392 413 3421 in
424 3392 593 3429 collegiata
616 3390 769 3425 Ecclesia,
789 3402 824 3422 ex
847 3392 891 3421 liis
904 3403 970 3431 qut=
989 3392 1076 3424 dicia
1087 3393 1156 3423 sunt
1167 3392 1201 3423 in

213 3436 312 3476 prima
324 3434 524 3465 conclusione
536 3444 572 3465 cx
584 3433 740 3466 sententia
747 3433 882 3475 ejusdcm
904 3435 1163 3476 congregationis
1172 3458 1181 3467 .

130 2162 170 2191 91

139 2590 179 2622 93

145 2847 187 2876 94

148 3231 185 3262 95

607 35 1012 109 Prosp.Fagnan.
1042 35 1094 90 in
1114 28 1333 90 Prin'i'u'm
1357 30 1564 87 Librum
1580 16 1846 93 Decretaig·

1262 120 1389 160 Qiaita
1398 139 1408 156 ‚
1429 120 1462 149 &
1472 119 1584 148 ultima
1594 116 1757 148 conclusio
1768 138 1776 147 .
1799 117 1903 149 Verba
1920 116 1976 150 illa
1987 138 1996 155 ,
2018 117 2210 159 capellanus
2230 120 2272 154 96

1223 171 1365 194 teneatur
1397 161 1429 192 in
1448 161 1494 191 dii
1503 171 1564 190 irus
1594 159 1746 190 deservire
1765 181 1774 196 ‚
1805 168 1893 191 extra
1919 159 2122 193 Catliedrales
2141 183 2152 198 ,
2180 162 2214 192 &

1220 203 1415 245 Collegiatas
1435 202 1587 234 Ecclesias
1607 211 1672 233 non
1703 202 1875 242 important
1895 202 2056 235 servitium
2067 203 2211 244 persona-

1223 251 1267 280 lc:
1295 248 1332 278 in
1343 247 1458 287 quibus
1469 243 1614 276 terminis
1624 244 1765 285 loquitur
1777 244 1850 286 Lap.
1871 245 1963 284 alleg.
1980 253 2028 287 35.
2039 248 2072 278 &
2081 246 2211 278 decisio-

1226 302 1279 323 nes
1292 288 1650 329 §aencongi-cgauonis
1660 310 1670 324 ,
1690 290 1722 319 &
1736 287 1828 319 Rotae
1839 286 1974 320 inferius
1985 289 2170 329 allegandae.

1266 333 1395 374 Qubus
1405 332 1510 372 positis
1520 353 1529 367 ‚
1554 333 1591 362 ad
1602 331 1661 362 hoc
1673 330 1811 362 restricta
1821 330 1882 363 fuit
1893 331 2061 363 difficultas
2070 353 2079 366 ‚
2102 331 2209 364 'ansei-
2226 339 2269 369 97

1222 377 1295 408 licet
1308 376 1401 406 verba
1412 375 1483 410 illa,
1504 373 1696 414 Capelianus
1708 384 1853 406 teneatur
1864 374 1897 406 in
1908 375 2026 406 divinis
2035 373 2188 406 deservire
2199 397 2209 411 ,

1221 420 1254 451 in
1265 418 1435 458 collegiata
1445 418 1614 457 importem
1629 417 1790 449 servitium
1802 418 1911 454 chori,
1933 418 1979 450 ita
1999 427 2033 449 ut
2052 417 2213 458 propterea.

1228 463 1305 493 illud
1317 471 1383 493 non
1392 460 1483 501 possit
1495 460 1660 500 adimpleri
1672 470 1724 500 per
1733 460 1934 493 substitutum
1945 485 1953 492 .

1266 505 1305 536 Et
1315 505 1445 546 quidem
1456 506 1494 535 ad
1507 505 1702 544 probandum
1713 503 1775 534 haec
1786 504 1880 535 verba
1889 515 1956 536 non
1974 504 2144 544 importare
2155 502 2216 535 scr-

1221 549 1336 580 vitium
1346 547 1435 579 chori
1447 547 1643 587 infrascripta
1656 548 1857 578 adducuntur
1868 569 1876 577 .

1264 591 1369 622 Primo
1380 613 1389 627 ‚
1408 590 1593 622 divinorum
1604 589 1777 621 celebratio
1788 590 1822 621 in
1832 589 1879 622 sui
1899 590 2068 622 latitudine
2092 598 2163 629 apta
2172 587 2215 620 est

1221 634 1483 674 comprehendere
1494 643 1559 664 non
1580 632 1678 664 solum
1698 632 1923 665 recitationem
1938 633 2085 664 horarum
2106 632 2217 664 Cario-

1223 677 1368 708 nicarum
1379 699 1389 712 ,
1409 678 1496 718 juxta
1506 685 1571 716 cap.
1582 686 1606 706 i.
1618 674 1654 706 de
1664 674 2014 717 celebr.Miffar.verurn
2027 677 2124 708 etiam
2135 675 2214 706 cele-

1221 720 1397 751 brationem
1410 720 1458 750 Mi
1468 720 1513 750 ffae
1522 741 1532 755 ‚
1545 720 1713 754 sectionem
1725 718 1910 760 Evangelii,
1940 721 1973 751 &
1985 719 2126 759 Epistolae
2138 740 2147 754 ,
2179 727 2215 749 ac

1220 763 1323 794 divini
1334 762 1444 794 Officii
1454 772 1541 794 extra
1550 762 1681 793 chorum
1693 784 1704 798 ‚
1723 761 1820 802 c.3.dc
1828 765 1899 794 vita
1909 784 1919 798 ,
1931 765 1969 794 Φ·
1979 760 2217 801 honest.Clerici,

1222 809 1253 837 o&
1265 805 1452 846 c.Prop0fia·t
1462 827 1471 841 ,
1484 805 1519 836 de
1528 803 1848 849 fil-Presbyter.Card.
1857 807 1890 836 in
1901 805 1999 837 Clem.
2009 814 2033 835 i.
2045 808 2072 841 ξ.
2087 805 2142 835 Ne
2152 806 2214 842 igi-

1221 858 1269 881 tur
1281 871 1291 885 ,
1309 859 1387 880 num.
1401 857 1430 886 7.
1451 847 1530 888 verfi
1542 848 1657 891 Qinto
1667 858 1757 885 qnaero
1767 870 1777 883 ‚
1797 847 1834 878 de
1844 846 1982 879 celebrat.
1994 846 2122 888 Miffdr.
2145 846 2219 878 Hoc

1223 902 1327 924 autem
1339 890 1410 923 casu
1421 891 1507 923 diora
1517 894 1629 927 verba,
1654 891 1810 922 indivinis
1823 914 1831 927 ‚
1853 890 2002 922 videntur
2023 890 2128 931 potius
2142 889 2219 921 refe-

1223 938 1320 966 renda
1331 937 1366 966 ad
1378 934 1566 966 electionem
1586 933 1772 973 Evangelii,
1794 936 1840 965 vel
1860 933 2000 974 Epistolx
2011 955 2021 970 ,
2043 942 2096 964 aut
2117 932 2220 963 divini

1222 978 1319 1010 officii
1330 988 1418 1009 extra
1426 978 1556 1009 chorum
1569 1000 1577 1013 ,
1600 978 1694 1018 quam
1707 979 1742 1008 ad
1764 987 1843 1008 onus
1854 977 2001 1018 psallendi
2016 978 2108 1008 horas
2126 985 2222 1007 cano-

1226 1022 1317 1053 nicas
1328 1043 1338 1057 ,
1359 1023 1435 1061 quia
1445 1021 1573 1052 fuerunt
1585 1020 1721 1061 apposita
1732 1020 1766 1052 in
1778 1020 1967 1052 fundatione
1977 1019 2134 1060 Capellie,
2153 1028 2222 1059 quae
2242 1020 2283 1055 98

1222 1076 1257 1096 ex
1271 1065 1314 1095 sui
1327 1074 1439 1096 natura
1461 1075 1618 1095 annexum
1639 1073 1705 1094 non
1724 1064 1815 1095 habet
1828 1063 1990 1095 servitium
2001 1063 2110 1099 chori,
2131 1071 2166 1093 iit
2189 1062 2223 1093 in

1222 1108 1252 1139 d.
1265 1117 1333 1148 cap.
1349 1117 1375 1148 3.
1388 1119 1445 1138 nec
1458 1108 1590 1147 requirit
1611 1107 1802 1147 personalem
1813 1107 2013 1138 residentiam
2033 1117 2070 1137 ex
2081 1104 2222 1146 generali

1224 1151 1456 1182 consuetudine
1468 1161 1499 1181 ut
1515 1151 1577 1191 post
1589 1150 1721 1182 Cardin.
1734 1150 1830 1181 tradit
1843 1151 1875 1182 in
1885 1149 2130 1191 cap.fin.1mola
2139 1158 2220 1180 num.

1223 1205 1252 1232 9.
1264 1198 1294 1225 et
1308 1194 1386 1225 Abb.
1396 1204 1510 1235 num.3.
1529 1195 1566 1225 ae
1575 1196 1658 1226 Cler.
1670 1205 1726 1224 non
1735 1192 1882 1235 refidend.
1894 1193 2047 1225 Menocli.
2061 1191 2097 1224 de
2106 1190 2218 1223 arbitr.

1223 1236 1292 1277 casu
1303 1246 1374 1269 201.
1386 1246 1487 1275 ημᾶς.
1499 1247 1575 1276 ergo
1588 1238 1618 1268 in
1630 1237 1728 1268 dubio
1740 1236 1813 1267 fund
1820 1247 1890 1268 ator
1898 1235 2018 1268 censeri
2029 1236 2122 1267 debet
2133 1234 2162 1266 se
2171 1244 2220 1266 re-

1224 1280 1328 1312 tulisse
1344 1282 1380 1311 ad
1391 1280 1600 1312 universalem
1613 1280 1874 1312 consuetudinem
1887 1279 2010 1311 Bald.in
2021 1280 2043 1310 l.
2057 1276 2199 1311 Precibus
2211 1299 2222 1314 ,

1223 1324 1451 1363 nura.44.C.De
1459 1322 1639 1363 impubem&
1651 1324 1682 1354 in
1693 1323 1840 1355 terminis
1849 1322 1973 1364 Spin.in
1983 1325 2007 1354 S
2009 1319 2222 1362 pecul.testam.

1224 1366 1301 1406 glos.
1314 1376 1343 1406 4.
1354 1370 1449 1406 princ.
1460 1368 1578 1398 n.66.&
1590 1366 1768 1398 Gonzai.ad
1778 1377 1839 1405 reg.
1850 1369 1881 1397 8.
1891 1366 2069 1404 Cancell.gl.
2084 1372 2111 1403 5.
2121 1366 2224 1396 nu.80.

1225 1410 1262 1444 67⁴
1276 1410 1358 1449 seqq.
1625 1452 1630 1456 ι
1942 1453 1946 1456 .
2109 1450 2115 1454 .

1272 1451 1421 1484 Secundo
1433 1453 1521 1484 nulla
1531 1452 1753 1484 constituenda
1772 1453 1898 1484 videtur
1915 1451 2098 1483 differentia
2108 1461 2140 1481 in
2152 1449 2224 1481 tesi-

1228 1495 1370 1527 dentiam
1397 1496 1546 1527 beneficii
1566 1506 1602 1526 ex
1620 1496 1678 1526 lioc
1689 1496 1787 1526 solum
1810 1498 1894 1536 quod
1916 1495 2011 1526 fuerit
2030 1493 2168 1525 erectum
2190 1493 2225 1524 in

1226 1539 1398 1579 collegiata
1409 1561 1418 1574 ‚
1431 1540 1476 1570 vel
1489 1548 1577 1569 extra
1587 1549 1656 1570 eam
1667 1560 1677 1575 ‚
1690 1538 1736 1569 sed
1748 1541 1876 1579 quando
1887 1538 2021 1578 erigitur
2034 1536 2225 1568 beneficium

1231 1591 1321 1613 extra
1332 1581 1546 1621 Collegiatam
1556 1604 1566 1617 ,
1588 1582 1651 1612 lia‘c
1664 1582 1758 1612 verba
1768 1603 1777 1617 ,
1788 1581 1985 1622 deservirem
1995 1582 2115 1612 divinis
2126 1603 2135 1616 ‚
2157 1590 2225 1611 non

1226 1625 1385 1657 inducunt
1394 1624 1584 1665 personalem
1593 1625 1791 1656 residentiam
1804 1647 1811 1655 .
1833 1624 1906 1664 Lap.
1919 1625 2063 1665 κώμης
2073 1623 2138 1662 5.&
2154 1633 2186 1655 11
2194 1626 2235 1658 6..

1227 1672 1259 1699 ὃ(
1271 1668 1390 1699 dierum
1402 1668 1442 1699 est
1464 1668 1498 1699 in
1509 1679 1539 1708 4.
1550 1669 1655 1699 concl.
1679 1667 1761 1707 Ergo
1772 1679 1829 1699 nec
1841 1671 1972 1708 quando
1992 1667 2180 1699 beneficium
2193 1667 2227 1699 in

1227 1711 1408 1751 Collegiatzi
1416 1712 1548 1751 erigitur
1561 1734 1568 1741 .
1594 1711 1701 1752 Major
1714 1711 1846 1751 proposit
1855 1712 1887 1742 io
1898 1712 2046 1752 probatur
2057 1733 2066 1747 ‚
2086 1711 2160 1750 quia
2172 1720 2226 1742 aut

1227 1765 1264 1785 ex
1280 1755 1381 1785 verbis
1394 1754 1589 1785 fundationis
1603 1754 1724 1785 constat
1740 1755 1930 1786 heneficium
1951 1754 2110 1794 requirere
2122 1753 2225 1794 perso-

1230 1800 1334 1829 nalem
1352 1798 1552 1828 residentiam
1564 1820 1572 1833 ,
1596 1807 1648 1828 aut
1661 1808 1725 1828 non
1736 1798 1856 1829 constat
1867 1821 1874 1828 .
1897 1797 1929 1829 Si
1943 1797 2062 1828 constat
2074 1819 2084 1833 ‚
2107 1797 2227 1828 servan-

1228 1844 1267 1872 da
1279 1841 1319 1871 est
1333 1841 1378 1871 lex
1391 1841 1589 1871 fundationis
1601 1842 1666 1871 tani
1689 1841 1720 1871 in
1733 1839 1924 1882 collegiatis
1945 1840 2110 1876 Ecclefiis‚
2131 1850 2227 1879 quam

1228 1895 1318 1915 extra
1328 1894 1378 1914 eas
1391 1905 1401 1919 ,
1427 1894 1460 1914 ut
1472 1884 1503 1914 in
1517 1881 1659 1923 cas-sessa
1669 1883 1733 1920 5.de
1744 1883 1902 1926 rcforn..Si
1915 1894 1978 1914 noi]
1991 1883 2124 1919 conflat,
2136 1887 2229 1914 bene-

1226 1928 1338 1958 ficium
1348 1937 1414 1957 nori
1429 1927 1565 1967 requirit
1577 1928 1775 1958 residentiam
1788 1927 1978 1967 personalem
1989 1949 1998 1962 ,
2022 1926 2144 1957 etiamsi
2163 1925 2228 1957 fue-

1226 1972 1267 2001 rit
1278 1969 1414 2001 ereChim
1430 1971 1462 2000 'in
1473 1968 1654 2009 Collegiata
1665 1970 1741 2010 quia
1752 1980 1808 2001 nec
1820 1969 1922 2002 ciem.
1935 1970 1976 2002 Ut
1984 1972 2009 2000 ii
2021 1992 2030 2005 ,
2049 1980 2101 2001 nec
2113 1967 2143 2000 d.
2155 1980 2180 2001 c.
2193 1979 2227 2009 4.

1229 2015 1346 2044 liabent
1361 2013 1466 2044 locum
1481 2013 1515 2044 in
1528 2013 1689 2044 beneficiis
1699 2035 1708 2048 ‚
1719 2024 1786 2053 quae
1798 2023 1834 2048 ex
1847 2013 2034 2044 fundatione
2044 2022 2168 2044 certum
2179 2022 2229 2044 or-

1231 2057 1340 2088 dinem
1352 2078 1362 2091 ,
1387 2057 1417 2087 id
1431 2056 1471 2086 est
1483 2056 1642 2096 personale
1662 2056 1825 2087 servitium
1838 2066 1995 2088 annexum
2008 2066 2074 2087 non
2092 2056 2229 2093 liabent,

1228 2111 1262 2131 ut
1277 2101 1309 2130 in
1322 2110 1419 2139 prima
1431 2099 1635 2131 conclusione
1647 2122 1654 2130 .

1272 2142 1385 2173 Tertio
1402 2142 1529 2173 affertur
1540 2143 1656 2174 decisio
1668 2142 1753 2184 Rote
1763 2153 1864 2174 coram
1875 2141 2051 2183 Pamphilio
2064 2143 2232 2184 2'3Janua-

1228 2189 1271 2216 rit
1288 2188 1410 2223 ι589.,·’)ι
1422 2184 1510 2225 caiisa
1524 2189 1661 2218 Romana
1674 2189 1720 2217 Ca
1723 2187 1858 2226 pellaniae
1868 2209 1878 2222 ,
1889 2185 2026 2226 superius
2036 2188 2135 2217 relata
2144 2195 2230 2225 n.73.

1238 2230 1342 2268 inqua
1361 2228 1420 2259 fuit
1442 2229 1613 2260 resolutum
1625 2250 1635 2264 ‚
1654 2228 1874 2268 Capellaniam
1893 2239 1959 2259 non
1980 2229 2139 2268 requirere
2158 2228 2232 2259 resi-

1231 2272 1374 2304 dentiam
1388 2272 1580 2311 personalem
1592 2293 1602 2307 ,
1612 2271 1690 2302 licet
1704 2272 1736 2302 in
1749 2273 1814 2311 ejus
1826 2271 2156 2307 fundationecautum
2167 2271 2233 2303 fue-

1234 2316 1286 2351 rit,
1303 2325 1337 2345 ut
1348 2313 1538 2354 Capelianus
1551 2324 1694 2345 teneatur
1705 2314 1814 2345 Musas
1824 2315 1982 2346 celebrate
1993 2335 2003 2350 ,
2025 2316 2058 2346 ὅ(
2076 2314 2231 2346 deservite

1231 2359 1269 2390 in
1281 2357 1400 2388 divinis
1411 2379 1418 2387 .

1275 2400 1404 2440 Quarto
1417 2400 1489 2429 loco
1511 2399 1679 2431 adducitur
1700 2400 1850 2432 resolutio
1868 2400 1899 2431 S.
1910 2400 2185 2441 congregationis
2197 2400 2233 2433 in

1232 2450 1322 2475 caula
1332 2442 1516 2473 Placentina
1536 2452 1675 2483 tempore
1695 2442 1877 2475 Cardinalis
1898 2443 2042 2475 Matthaei
2054 2465 2064 2479 ,
2085 2453 2119 2474 ut
2131 2443 2232 2476 etiam

1231 2487 1369 2518 diximus
1393 2486 1426 2515 in
1445 2485 1613 2525 questione
1640 2487 1829 2526 praecedenti
1840 2497 1853 2522 ,v
1869 2497 1932 2527 qua
1950 2487 2148 2518 declaratum
2172 2486 2234 2520 fuit

1237 2528 1426 2560 beneficium
1441 2528 1475 2559 in
1487 2528 1670 2561 Cathedrali
1691 2528 1831 2561 Ecclesia
1841 2541 1876 2561 ea
1888 2531 1955 2571 lege
1967 2529 2104 2561 ereetum
2117 2552 2126 2566 ,
2149 2539 2184 2561 ut
2197 2530 2233 2562 in

1233 2571 1426 2612 eodeputati
1448 2572 1560 2603 debeat
1581 2582 1660 2604 uritis
1672 2573 1920 2613 pi-aebendarius‚
1939 2573 1996 2614 qui
2018 2572 2141 2612 singulo
2151 2583 2232 2613 quo-

1233 2625 1298 2656 quo
1309 2616 1359 2646 dic
1375 2624 1519 2645 teneatur
1530 2615 1657 2646 Missam
1668 2617 1826 2647 celebrare
1838 2639 1848 2652 ‚
1871 2619 1902 2648 ὃς
1914 2615 2030 2655 divinis
2042 2615 2169 2647 Officiis
2182 2616 2234 2648 in-

1233 2659 1340 2689 teresse
1359 2680 1368 2693 ,
1393 2668 1457 2688 nou
1478 2658 1537 2689 esse
1557 2657 1757 2690 Sacerdotale
1776 2681 1786 2695 ,
1816 2659 1951 2700 ideoque
1982 2659 2231 2699 praebendarium

1235 2702 1316 2742 posse
1329 2701 1437 2732 Missas
1451 2711 1503 2741 pei·
1514 2701 1610 2733 alium
1622 2702 1775 2733 celebrari
1789 2701 1891 2734 facere
1902 2725 1910 2732 .

1276 2744 1406 2775 Ultimo
1432 2744 1559 2776 affertur
1581 2755 1636 2785 pro
1659 2746 1715 2776 hac
1737 2756 1822 2785 parte
1839 2744 2041 2776 observantia
2051 2744 2212 2776 subsecuta
2221 2767 2231 2782 ,

1233 2788 1308 2828 quia
1327 2787 1432 2818 Sixtus
1450 2788 1486 2817 V.
1505 2799 1590 2819 anno
1604 2790 1737 2826 1588.&
1757 2787 1906 2820 Clemens
1926 2788 2012 2819 VIII.
2031 2798 2118 2819 anno
2141 2792 2231 2820 1601.

1233 2829 1348 2862 dieram
1358 2830 1576 2870 Capellauiam
1587 2832 1794 2863 contulerunt
1806 2841 1969 2872 tamquam
1980 2831 2103 2872 simplex
2115 2831 2232 2863 benefi-

1235 2874 1319 2905 cium
1340 2874 1530 2913 personalem
1552 2874 1752 2906 residentiam
1775 2885 1842 2905 non
1861 2874 2023 2915 requirens
2036 2895 2045 2910 ‚
2066 2883 2101 2905 ut
2120 2884 2156 2906 ex
2179 2875 2231 2907 lit-

1236 2918 1311 2948 teris
1322 2918 1370 2947 col
1379 2917 1507 2948 lationis
1529 2918 1676 2949 exhibitis
1686 2940 1696 2953 ,
1717 2919 1779 2948 hirc
1802 2927 1906 2948 :intem
1918 2917 2118 2948 observantia
2138 2918 2234 2958 pluri-

1236 2971 1322 2991 mum
1334 2962 1415 2992 valet
1431 2962 1466 2992 ad
1480 2960 1734 3001 cognoscendam
1746 2961 1934 2999 qualitatem
1946 2960 2092 2991 beneficii
2106 2982 2116 2996 ‚
2127 2970 2161 2991 ut
2173 2971 2235 2992 tra-

1235 3004 1281 3034 dit
1294 3003 1383 3035 Paris.
1395 3002 1610 3043 c071J250.71.19.
1621 3002 1706 3043 1154.
1719 3013 1792 3035 cum
1804 3003 1873 3034 :iliis
1887 3003 2030 3044 allegatis
2044 3003 2078 3035 in
2092 3003 2152 3035 alia
2163 3015 2234 3044 pro-

1236 3047 1392 3088 positione
1409 3047 1499 3085 hujus
1511 3047 1607 3078 causa:
1619 3069 1626 3077 .

1278 3089 1437 3121 Ca'tcrum
1449 3100 1504 3130 pro
1515 3089 1676 3121 contraria
1686 3098 1771 3129 parte
1793 3088 1993 3130 infrascripta
2011 3090 2159 3122 videntur
2169 3101 2234 3123 ma-

1237 3132 1285 3172 gis
1296 3143 1403 3172 urgere
1415 3155 1425 3169 ,
1445 3135 1476 3163 ὅ(
1490 3133 1593 3173 primo
1613 3134 1706 3164 verba
1718 3132 1774 3164 illa
1783 3155 1790 3163 .
1820 3134 2006 3172 Capelianus
2026 3132 2235 3175 teneaturser—

1237 3187 1304 3207 vire
1313 3179 1344 3206 in
1355 3178 1386 3207 di
1394 3179 1475 3207 wm's
1485 3197 1494 3211 ‚
1515 3173 1582 3207 ciam
1593 3174 1709 3213 fuerint
1719 3176 1859 3218 appostta
1868 3176 1888 3207 ιε’
1899 3175 2064 3218 fundatore
2071 3187 2229 3216 tamquam

1238 3218 1362 3259 diversa
1372 3221 1391 3251 α’
1401 3217 1569 3260 Adiffizrum
1579 3216 1778 3250 celebratione
1789 3240 1798 3254 ,
1820 3219 1888 3260 utiq
1894 3230 1931 3251 ue
1943 3220 1976 3250 in
1987 3221 2123 3252 Ecclesia
2131 3221 2227 3251 colle-

1239 3262 1324 3301 giata
1336 3263 1414 3294 nihil
1427 3263 1512 3293 aliud
1533 3261 1680 3293 videntur
1693 3261 1773 3301 posse
1793 3263 1961 3303 importare
1973 3285 1982 3299 ,
2002 3263 2095 3305 quam
2118 3256 2233 3295 recit'a-

1240 3306 1363 3337 tionem
1382 3306 1526 3337 horarum
1549 3304 1777 3336 canonic-arum
1791 3328 1798 3335 .
1818 3305 1917 3346 Qiod
1930 3306 2004 3338 satis
2023 3307 2172 3347 probatur
2195 3315 2232 3337 ex

1239 3348 1465 3381 constitutione
1479 3347 1636 3378 Bonifacii
1649 3348 1673 3376 V
1681 3348 1732 3378 111.
1747 3348 1778 3378 in
1787 3359 1811 3380 c.
1825 3352 1907 3381 :sm'co
1917 3371 1928 3386 ,
1939 3348 1976 3380 dc
1985 3351 2129 3382 Clermn
2138 3347 2228 3390 refid.

2254 2752 2294 2779 99

2255 3098 2315 3121 100

1209 3429 1215 3434 ,
1240 3389 1381 3422 li'b.6.ubi
1394 3390 1538 3422 Pontifex
1560 3400 1655 3430 agens
1675 3392 1712 3422 de
1731 3389 1929 3429 Canonicis,
1952 3393 2008 3433 qui
2025 3401 2172 3424 tenentur
2192 3391 2228 3422 in

1241 3434 1338 3465 choro
1348 3434 1438 3466 boras
1450 3433 1621 3467 canonicas
1631 3435 1764 3466 recitare
1775 3457 1784 3471 ‚
1806 3435 1907 3470 utitur
1918 3435 2052 3478 propriis
2061 3434 2163 3483 verbis
2175 3433 2228 3465 liu—

2141 3487 2188 3521 Jus
