2397 3664
83 512 120 542 28

781 32 863 87 De
883 30 1075 95 Pastis,
1111 47 1156 86 c.
1174 32 1312 89 Cum
1326 35 1520 106 pridem
1534 72 1548 87 .

146 124 193 155 vis
204 124 374 163 prohibitio
384 126 462 170 juris
475 136 540 158 tion
551 135 653 158 mutet
663 135 789 158 naturas
800 137 917 161 retium
931 135 1036 158 tamen
1048 124 1137 156 indu-

145 176 215 198 cere
226 177 340 200 novam
351 169 481 208 speciem
493 170 526 201 in
537 168 607 200 netu
619 170 752 209 peccati.
763 170 839 201 utin
849 171 991 208 exemplo
1004 169 1136 199 incestus

146 211 185 240 de
197 220 261 250 quo
271 212 357 250 supra
366 222 450 243 miz.
459 211 597 244 Confert
607 215 691 252 quod
704 210 752 244 liic
765 223 852 246 notat
866 214 1014 252 gl.noltra
1026 214 1059 243 ln
1070 222 1134 242 ver.

150 253 265 284 Illicitae
276 254 421 294 pallioni]
432 278 441 291 ,
453 255 599 287 videlicet
607 277 617 291 ,
629 254 706 296 Papa
717 256 791 288 facit
804 257 850 297 jus
861 259 899 288 de
910 266 949 288 eo
957 256 1058 296 ,quod
1071 264 1136 286 non

144 296 185 326 est
195 297 243 337 jus
251 319 261 333 ‚
270 299 364 330 c.Hoc
372 301 582 338 qm'ppe,3.11.6.
593 302 626 330 δι
638 308 782 330 naturam
795 299 839 330 rei
853 299 1018 330 immutare
1028 297 1135 337 potest,

147 349 182 369 ut
191 340 211 370 t.
220 351 228 372 i
236 363 243 370 .
255 343 290 374 C.
302 338 337 370 de
347 343 392 371 rei
402 351 487 372 uxor.
498 342 607 372 aetion.
618 343 649 373 &
660 342 704 373 ita
716 342 925 374 simoniacum
939 342 1039 374 facere
1048 343 1132 381 quod

149 392 215 412 non
227 393 292 414 erat
304 383 388 423 prius
400 406 408 415 .
428 383 612 416 Consimilis
623 386 663 422 gl.
675 384 716 416 est
728 386 793 416 inc.
808 385 930 427 Quanto
939 388 972 415 ιἰι
984 394 1047 416 ver.
1058 386 1127 414 Vm

143 426 205 456 Dei
215 424 269 460 ,de
278 427 388 458 transl.
400 428 428 457 E
432 425 504 466 pifr.
518 427 550 458 in
564 427 726 468 Exrravag.
741 429 769 459 E
773 427 941 460 secr-abilis
953 430 985 459 c‘n
997 438 1060 459 ver.
1072 429 1131 458 Vlt-

144 478 213 498 care
223 466 406 500 decernimus
414 491 423 504 ,
434 468 470 500 de
484 469 566 510 praeb.

189 511 232 541 Ad
247 512 375 542 tertium
387 512 547 553 respondet
559 514 641 545 idem
653 513 732 545 Pctt.
743 515 780 545 de
793 513 906 546 Palude
915 536 925 549 ,
946 515 978 545 &
990 512 1046 545 alii
1058 523 1132 553 prz-

146 554 271 599 allezati
285 557 429 593 negando
439 556 595 588 minorem
606 579 614 587 .
627 556 695 588 lmb
705 557 791 588 enim
802 556 857 598 qui
866 556 1009 588 comedit
1019 556 1134 596 pluries

146 607 180 627 in
191 597 302 644 die-bus
314 598 508 640 jejunii,non
524 599 623 630 solum
635 609 742 640 peccat
754 609 885 639 peccato
896 599 1113 631 inobedientia·
1125 621 1134 633 ‚

145 639 193 670 sed
205 649 304 671 etiam
316 651 446 680 peccato
458 642 706 683 intemperantioe
720 653 731 677 t
746 642 805 674 sive
816 644 915 683 gulae,·
936 643 1012 683 quia
1022 642 1135 673 sobrie-

145 691 191 713 tas
203 684 338 714 attendit
352 685 491 716 medium
502 695 567 716 non
585 685 684 717 solum
705 685 838 726 pensatis
857 685 1102 717 circumstantiis
1123 707 1133 722 ,

144 735 212 766 quae
222 725 294 766 saepc·
305 737 479 759 occurrunt
489 750 498 763 ‚
520 728 566 760 sed
580 729 753 769 etiamque
767 738 843 760 tunc
855 729 1025 763 accidunt,
1036 738 1135 768 quan-

145 771 188 800 do
196 771 351 809 agendum
361 770 402 801 est
413 793 421 806 ,
441 772 471 802 δι
485 771 622 812 sequitur
634 772 700 804 Sor.
713 770 766 804 lib.
778 772 847 807 9.de
855 770 920 811 just.
933 778 969 803 ω·
980 773 1035 809 jur.
1047 781 1092 809 qu.
1108 779 1133 808 5.

146 822 207 859 art.
222 823 249 843 2.
262 813 315 844 col.
327 818 356 844 6.
378 813 455 854 werf
466 813 551 848 [Iride
560 815 604 847 ad
610 818 742 856 primum
755 815 899 847 Durandi
909 824 1113 854 argumentum
1124 836 1134 849 ‚

148 856 256 903 ubrait
267 856 436 888 Ecclesiam
446 860 522 889 dum
543 858 762 890 abstinentiam
781 858 1077 899 quadragesimalem
1089 857 1135 888 in-

148 902 238 935 dicit,
249 899 401 940 jejunium
413 901 489 932 illud
501 901 696 934 constituens
710 901 741 932 in
755 902 869 933 virtute
881 901 1070 933 abilinentiae
1083 923 1093 936 ,
1103 903 1134 932 ὅ(

146 942 218 989 ideo
230 953 295 974 non
306 942 403 974 solum
417 945 468 976 ille
477 955 590 976 contra
600 945 814 976 obedientiam
825 955 979 985 peccaret,
988 944 1044 985 qui
1056 944 1135 986 jeju-

148 995 240 1016 mum
252 997 286 1017 ex
300 996 487 1029 contemptu
499 987 678 1027 frangerem
700 986 808 1019 verum
819 990 852 1020 &
864 988 915 1020 ille
927 997 1039 1018 contra
1050 986 1135 1018 absti-

150 1028 291 1061 nentiam
303 1052 311 1066 ,
328 1030 459 1070 quinon
472 1042 507 1062 ex
519 1041 704 1071 contemptu
714 1054 724 1067 ,
745 1031 791 1063 sed
804 1041 863 1071 prae
874 1032 947 1072 gula
959 1031 987 1062 id
1001 1029 1114 1061 faceret
1125 1053 1133 1061 .

154 1070 252 1103 Unde
263 1075 373 1104 eodem
383 1076 479 1105 modo
487 1073 622 1106 Ecclesia
633 1074 729 1115 potest
741 1074 880 1115 aliquem
890 1073 993 1106 aCtum
1003 1074 1036 1105 in
1048 1073 1129 1104 vitio

154 1113 292 1147 fimoniae
300 1116 490 1149 constituere
501 1141 508 1148 .

190 1159 237 1189 Ad
249 1169 398 1199 quartum
418 1159 559 1192 similiter
578 1160 739 1201 respondet
761 1159 909 1194 Paludan.
929 1160 962 1191 &
980 1159 1043 1200 post
1063 1169 1135 1191 eum

154 1200 389 1235 Turrecremat.
410 1205 443 1235 &
454 1201 503 1235 ubi
514 1203 609 1245 stapra
639 1202 764 1244 Przepos.
785 1206 931 1244 negando
950 1203 1105 1235 minorem
1126 1225 1134 1234 .

152 1244 254 1286 Ajunt
273 1246 361 1277 enim
389 1247 592 1279 mendacium
619 1247 759 1290 jocosum
779 1257 931 1287 praecepto
957 1246 1043 1278 addit
1072 1256 1136 1277 nori

152 1287 253 1320 solum
274 1289 332 1320 esse
351 1299 514 1329 peccatum
535 1289 757 1321 inobedientiae
768 1312 777 1326 ,
808 1289 855 1321 sed
876 1289 972 1321 etiam
993 1289 1107 1329 lingua:
1127 1312 1135 1321 .

148 1331 332 1374 Aliquando
349 1332 434 1364 enim
445 1333 486 1364 est
497 1334 608 1374 duplex
618 1331 801 1364 deformitas
811 1333 845 1364 in
855 1343 985 1373 peccato
995 1355 1004 1369 ‚
1015 1332 1064 1364 sed
1076 1342 1137 1363 una

153 1374 271 1407 nonest
284 1375 341 1407 nisi
354 1376 414 1408 alia
434 1376 586 1417 supposita
596 1399 603 1407 .
625 1375 714 1408 Sicut
727 1376 873 1416 surripere
883 1386 947 1407 rein
960 1376 1093 1407 alienam
1106 1376 1138 1406 in

152 1417 291 1450 Ecclesia
301 1418 341 1450 est
352 1420 462 1460 duplex
472 1429 636 1460 peccatum
647 1441 656 1454 ,
674 1418 794 1450 scilicet
806 1419 900 1455 furti,
921 1420 953 1450 δέ
964 1418 1118 1459 sacrilegii
1129 1440 1138 1454 ‚

153 1464 303 1495 &ftarnen
315 1462 372 1493 nisi
383 1461 486 1494 fuiffet
498 1461 632 1498 furtum,
655 1472 722 1493 non
734 1463 806 1494 eil'et
825 1462 1042 1501 sacrilegium5
1063 1460 1140 1502 quia

152 1505 294 1545 accipere
303 1516 367 1536 rem
379 1505 498 1538 sacram
509 1505 542 1537 in
554 1505 690 1537 Ecclesia
703 1506 823 1537 nullum
834 1505 874 1536 est
885 1515 1051 1545 peccatum
1063 1528 1070 1535 .
1092 1505 1140 1536 Ita

151 1548 205 1580 ubi
217 1548 304 1589 loqui
315 1559 380 1580 non
391 1550 431 1580 ell
443 1558 631 1589 peccatum,-
653 1548 671 1579 si
686 1548 721 1580 sit
732 1547 944 1589 prohibitum,
965 1558 1028 1579 non
1041 1547 1140 1579 solum

153 1591 195 1623 est
205 1601 370 1632 peccatum
381 1591 597 1631 inobedientie
610 1613 620 1626 ‚
631 1591 678 1622 sed
690 1592 787 1623 etiam
800 1592 928 1632 linguae,
941 1590 1017 1622 licet
1027 1592 1141 1622 nonsit

155 1635 289 1675 linguat,
303 1635 360 1666 nisi
374 1633 586 1675 praesupposita
596 1634 816 1675 inobedientia
826 1657 833 1666 .

189 1678 336 1710 Secundo
347 1677 562 1718 principaliter
570 1676 813 1717 QUAERQAn
825 1678 965 1718 accipere
975 1677 1141 1717 pecuniam

154 1732 210 1762 pro
220 1721 394 1753 collatione
406 1721 549 1753 beneficii
563 1720 596 1751 sit
608 1721 814 1753 simoniacum
825 1722 938 1763 dejure
949 1720 1060 1751 divino
1071 1742 1080 1756 ‚
1102 1731 1142 1751 an

154 1764 230 1796 veto
241 1775 276 1795 ex
289 1764 530 1797 Constitutione
543 1763 685 1795 Ecclesia·
698 1764 824 1795 tantum
838 1775 846 1800 3
858 1768 887 1794 d<
902 1763 940 1794 sic
953 1773 991 1794 an
1003 1765 1136 1795 vendere

158 1808 287 1840 titulum
304 1807 451 1839 beneficii
463 1807 498 1838 sit
509 1806 702 1848 prohibitum
717 1829 726 1843 ,
743 1807 816 1849 quia
829 1806 1053 1843 simoniacum,
1073 1817 1112 1838 an
1124 1806 1141 1837 ὲ

157 1851 328 1886 converso.

198 1893 258 1925 Pro
269 1893 426 1926 solutione
438 1903 500 1926 tres
509 1893 634 1925 articuli
646 1894 715 1925 sunt
725 1893 956 1934 distinguendi.
969 1892 1090 1924 Primus
1100 1892 1141 1924 est

154 1938 232 1977 quid
247 1937 319 1978 juris
332 1937 366 1968 fit
377 1936 411 1969 in
422 1936 600 1973 beneficiis,
614 1936 728 1978 quibus
742 1946 862 1968 annexa
873 1935 915 1967 est
925 1936 1072 1968 executio
1083 1935 1143 1966 Or-

160 1980 244 2012 dinis
256 2003 265 2017 ,
285 1980 335 2012 seu
344 1980 474 2020 potestas
483 1979 632 2012 Clavium
642 2002 650 2010 .
670 1979 832 2011 Secundus
841 1979 916 2020 quid
927 1979 1098 2011 dicendum
1110 1979 1142 2010 in

162 2023 418 2056 Canonicatibus
427 2045 437 2060 ,
464 2025 497 2055 &
515 2023 584 2054 aliis
603 2023 767 2054 beneficiis
788 2022 977 2063 simplicibus
988 2044 995 2052 .
1014 2021 1142 2053 Tertius

158 2068 235 2107 quid
248 2067 282 2098 in
291 2066 506 2106 Hospitalibus
518 2088 528 2103 ,
543 2076 678 2106 quotum
688 2065 835 2097 executio
845 2076 910 2097 non
921 2065 1087 2096 concernit
1097 2065 1144 2096 di-

159 2111 234 2142 vina
244 2132 253 2146 ‚
273 2109 321 2142 sed
335 2109 636 2142 administrationem
649 2108 870 2150 temporalium
879 2111 1042 2140 dumtaxat
1053 2131 1060 2138 .

204 2152 323 2195 Qload
342 2153 476 2193 primum
497 2153 667 2184 articulum
677 2174 686 2188 ,
716 2152 895 2183 communis
922 2151 1084 2182 conclusio
1103 2149 1144 2181 est

159 2198 294 2228 vendere
305 2196 434 2228 titulum
446 2195 589 2227 beneficii
600 2217 610 2231 ‚
630 2196 681 2226 cui
693 2193 732 2226 iit
744 2205 864 2226 annexa
884 2195 1029 2227 executio
1048 2193 1144 2224 Ordi-

159 2249 257 2276 num,
278 2239 326 2270 seu
337 2239 469 2279 porestas
479 2239 616 2273 clavium
627 2261 637 2274 ‚
659 2240 716 2270 effe
728 2237 797 2270 inse
809 2237 1035 2273 simoniacum,
1055 2238 1086 2268 &
1098 2238 1144 2277 iu-

159 2292 191 2314 re
200 2283 314 2314 divino
324 2283 518 2323 prohibitum
529 2305 537 2312 .
548 2281 585 2313 Et
597 2282 643 2314 ita
653 2281 816 2312 concludit
829 2281 908 2312 Abb.
920 2284 952 2310 „⁵³1
962 2281 1146 2320 capAExttr-

157 2324 260 2366 panda
270 2347 279 2362 ‚
302 2328 328 2362 §.
340 2327 406 2370 Qui
417 2336 491 2356 vero
499 2335 577 2355 num.
593 2334 640 2364 53.
656 2323 691 2355 de
702 2322 788 2365 praeb.
814 2325 845 2355 δέ
856 2326 894 2355 de
906 2323 1069 2354 communi
1080 2322 1146 2362 opi-

157 2368 417 2401 nione'testantur
427 2371 536 2408 incap.
553 2367 757 2409 1.defimom‘a
769 2389 778 2402 ,
797 2367 909 2407 joann.
922 2369 959 2397 de
973 2368 1074 2397 Anan.
1084 2364 1144 2406 post

158 2421 238 2442 ream.
250 2420 278 2448 7.
296 2413 328 2442 ὅ(
337 2411 434 2442 Felin.
444 2421 524 2442 num.
538 2422 565 2441 2.
586 2410 727 2450 &Julius
738 2409 850 2441 Clarus
861 2413 895 2440 in
906 2410 1004 2449 prasi.
1015 2412 1102 2441 crim.
1113 2410 1146 2439 in

162 2457 189 2490 §.
207 2455 347 2484 Simoniae
357 2474 367 2489 ‚
396 2463 474 2484 num.
486 2462 512 2492 5.
534 2452 611 2492 vei-sl
624 2453 728 2496 Qaero
739 2455 833 2484 etiam
844 2475 853 2487 ‚
875 2456 906 2483 &
929 2452 1066 2492 sequitur
1086 2450 1147 2482 Re-

159 2499 253 2528 doan.
261 2498 295 2527 in
303 2496 394 2527 trast.
407 2494 580 2538 defimonia
590 2517 600 2531 ‚
621 2505 788 2536 par.1.cap.
800 2507 851 2526 22.
862 2506 941 2526 num.
954 2498 981 2527 8.
993 2494 1145 2536 quidquid

163 2539 275 2571 contra
286 2538 439 2579 scripserit
450 2538 613 2571 Cardinal.
634 2538 739 2578 Jacob.
752 2541 788 2569 de
795 2539 931 2569 Concilio
938 2537 991 2569 lib.
1004 2548 1034 2578 4.
1046 2547 1104 2569 art.
1120 2546 1146 2575 5.

160 2582 244 2613 auin
256 2581 368 2622 Papam
379 2583 471 2613 cadat
484 2580 616 2612 simonia
626 2603 634 2610 .
657 2580 695 2611 Et
707 2581 737 2611 in
749 2581 808 2611 lioc
821 2583 995 2613 concordes
1006 2580 1064 2611 eise
1084 2581 1148 2612 tam

164 2625 254 2656 sacrae
264 2624 447 2665 Theologiae
466 2623 648 2665 professores
662 2645 671 2659 ‚
696 2623 790 2664 quam
808 2621 982 2654 Caiionum
1001 2623 1149 2663 interpre-

164 2678 210 2700 tes
221 2690 230 2704 ,
249 2667 381 2700 affirmat
393 2667 531 2699 Tliomas
545 2665 694 2706 Campeg.
718 2668 750 2697 in
760 2663 789 2696 d.
809 2666 942 2696 traHatu
954 2688 963 2702 ,
985 2669 1039 2697 An
1058 2668 1147 2707 Papa

162 2710 260 2742 labem
263 2711 397 2753 simonie
408 2715 561 2743 incurrere
573 2709 662 2750 posstt
674 2711 707 2739 ἐν
714 2711 808 2749 princ.
828 2708 983 2739 Probatur
992 2709 1052 2740 hrec
1074 2720 1149 2740 con-

162 2754 261 2786 clusio
271 2776 281 2791 ,
301 2754 376 2795 quia
395 2764 446 2794 per
457 2754 586 2786 titulum
604 2751 816 2783 consimilium
838 2751 1062 2783 beneficiorum
1085 2762 1150 2783 non

166 2796 293 2828 tantum
312 2798 522 2830 conferuntur
541 2797 624 2827 bona
635 2794 837 2835 temporalia,
858 2795 905 2825 sed
927 2795 1021 2826 etiam
1038 2805 1149 2826 execti·

166 2841 215 2872 tio
226 2840 357 2873 Ordinis
368 2863 378 2876 ,
397 2842 429 2872 ὅ(
439 2838 589 2872 Clavium
601 2861 608 2869 .
631 2838 666 2869 ln
678 2838 881 2870 ordinatione
890 2838 976 2868 enim
988 2840 1079 2868 datur
1099 2848 1151 2878 po-

167 2883 257 2914 testas
267 2882 416 2915 Clavium
428 2883 461 2914 in
473 2882 582 2914 liabitu
592 2904 600 2912 .
620 2881 656 2912 Et
667 2881 712 2912 ita
731 2880 874 2921 procedit
884 2882 1045 2912 decretum
1063 2879 1150 2912 Con-

169 2926 237 2957 cilii
248 2925 433 2958 Tridentini
443 2926 477 2957 in
487 2923 827 2965 cap.15.inprinc.fi=ss.
840 2935 855 2954 2
864 2933 890 2963 3.
912 2923 965 2954 ubi
976 2923 1149 2965 Presbyteri

168 2968 318 3000 dicuntur
330 2970 362 3000 in
375 2969 426 3001 sua
436 2968 640 3000 ordinatione
659 2967 676 2998 a
686 2966 824 3007 peccatis
835 2966 1012 2997 absolvendi
1024 2966 1151 3005 potcsta-

169 3020 235 3042 tem
246 3012 386 3052 accipe-re
397 3035 405 3044 .
426 3011 484 3043 Sed
495 3011 604 3042 nonin
617 3010 704 3041 aiil-u.
725 3009 762 3041 In
774 3008 972 3041 institutione
987 3008 1060 3040 veto
1071 3031 1080 3045 ,
1101 3009 1151 3040 seu

172 3054 346 3087 collatione
356 3057 435 3088 bene
443 3054 508 3086 ficii
519 3052 632 3085 Curari
643 3052 795 3084 tribuitur
805 3051 952 3083 executio
967 3051 1052 3083 illius
1061 3061 1149 3092 pote-

167 3095 255 3128 statis
265 3119 273 3126 .
292 3097 410 3130 Textus
421 3099 462 3129 est
473 3106 594 3137 apertus
604 3098 636 3127 in
646 3104 712 3135 cap.
723 3096 917 3126 Generaliter
926 3116 936 3130 ,
949 3097 975 3130 ς’.
988 3093 1152 3135 Eccesnffi-

171 3141 284 3170 cienter
293 3161 303 3175 ,
322 3141 354 3171 ὃ(
363 3140 396 3171 in
408 3140 669 3182 cap.ftqq.i6.q.1.
681 3140 712 3168 δε
724 3136 843 3168 constat
856 3146 891 3167 ex
903 3136 1044 3177 dist-cap.
1057 3146 1101 3176 15.
1121 3139 1153 3167 in

104 3192 143 3223 33
164 3180 324 3224 verfiNzfi
333 3191 386 3214 aut
396 3183 578 3214 parochiale
587 3179 762 3221 beneficium
775 3202 782 3209 .
803 3180 878 3210 Haec
891 3191 994 3211 autem
1006 3180 1152 3211 executio

174 3224 215 3256 est
226 3235 348 3257 annexa
356 3225 563 3258 Sacramento
573 3223 705 3256 Ordinis
716 3245 723 3254 .
745 3222 828 3262 Ergo
839 3224 976 3254 vendens
993 3223 1154 3254 executio—

172 3277 245 3299 nem
256 3268 388 3300 Ordinis
398 3290 408 3303 ,
426 3269 568 3301 censetur
577 3269 710 3299 vendere
721 3265 817 3306 ipsum
827 3264 981 3297 Ordinem
991 3268 1023 3297 &
1033 3268 1152 3297 donum

172 3309 254 3346 Dei,
276 3309 404 3342 utclare
414 3313 562 3351 probatur
571 3313 679 3349 incap.
693 3317 773 3346 Lqu.
788 3317 814 3348 3.
840 3307 906 3338 Ubi
925 3308 1076 3340 Pasclialis
1099 3308 1154 3339 Pa-

114 3364 155 3395 34
172 3364 210 3394 pa
221 3376 228 3383 .
240 3353 271 3384 Si
279 3353 349 3394 quis
358 3353 509 3395 objecerit
520 3364 585 3385 non
594 3351 846 3384 consecrationes
857 3350 919 3381 emi
929 3373 938 3386 ,
951 3351 997 3383 sed
1010 3362 1056 3383 res
1068 3352 1155 3392 ipsas,

171 3406 239 3436 qua:
249 3406 284 3427 cx
296 3396 533 3428 consecratione
542 3406 610 3436 proi
620 3404 754 3430 eniunt;
774 3391 897 3434 penitus
906 3394 1038 3434 desipere
1050 3395 1156 3434 proba·

177 3448 246 3471 tur:
272 3449 344 3470 nain
361 3437 435 3471 cum
453 3438 625 3479 corporalis
645 3437 781 3468 Ecclesia
792 3457 802 3471 ,
823 3445 877 3468 aut
898 3435 1063 3479 Episcopus
1073 3459 1083 3473 ,
1103 3446 1155 3468 aut

257 3483 359 3523 Prosp.
368 3485 395 3516 F
397 3493 506 3522 agnan.
517 3484 550 3513 in
560 3484 587 3513 I.
597 3477 683 3512 Libr.
694 3480 851 3511 Decretal.

2010 56 2106 108 ⁶47

1178 125 1280 156 Abbas
1291 148 1300 161 ,
1321 136 1373 158 aut
1387 129 1446 158 tale
1457 127 1573 169 aliquid
1597 126 1658 158 sine
1677 127 1766 159 rebus
1784 126 1998 169 corporalibus
2021 128 2052 159 in
2073 130 2160 159 nullo

1176 168 1319 207 proficiat
1333 180 1342 203 ‚·
1364 168 1441 200 sicut
1454 180 1510 201 nec
1523 170 1628 201 anima
1640 170 1700 202 fine
1711 181 1843 211 corpore
1852 171 2057 210 corporaliter
2071 172 2161 204 vivit:

1175 211 1315 251 quisquis
1324 213 1435 245 horum
1446 216 1580 244 alterum
1593 214 1698 245 vendit
1710 236 1719 250 ,
1731 213 1793 246 sine
1801 224 1868 257 quo
1879 223 1935 245 nec
1947 216 2078 245 alterum
2089 223 2160 254 pro-

1177 255 1282 290 venit,
1305 265 1452 287 neutrum
1467 256 1666 288 invenditum
1678 258 1868 298 derelinquit
1881 279 1890 292 ,
1911 257 1962 287 ubi
1976 258 2015 294 gl.
2029 258 2157 295 exponit

1176 298 1333 330 verbailla
1343 320 1352 334 ,
1366 299 1528 339 Episcopus
1537 308 1589 330 aut
1604 298 1721 335 Abbas,
1733 300 1805 331 idest
1815 300 1953 340 dignitas
1965 300 2161 341 Epist-opalis,

1175 343 1206 371 δέ
1219 340 1393 372 Abbatialis
1404 366 1411 372 .
1425 342 1461 373 Et
1474 345 1646 374 concordat
1659 353 1733 374 text.
1747 343 1779 375 in
1791 345 1981 379 asiitvseor,
1995 343 2160 375 immedia-

1176 382 1206 414 [ὁ
1220 384 1572 425 sequeinamobreui
1586 387 1659 416 ilum
1671 387 1740 426 quis
1764 387 1869 418 vendit
1888 385 2031 418 Ordinis
2051 396 2159 418 execu-

1176 436 1296 458 tionem
1310 449 1318 463 ,
1336 437 1403 467 quit
1417 438 1480 459 non
1494 429 1635 467 provenit
1651 433 1711 460 line
1727 429 1847 462 Ordine
1859 452 1867 463 ,
1889 429 1985 469 ipsum
2003 428 2160 462 Ordinem

1176 473 1307 502 vendere
1320 471 1526 508 intelligitur.
1539 472 1635 513 Q¹0·¹
1649 482 1734 503 tenet
1746 473 1841 510 essin.
1857 473 1888 502 in
1901 471 2016 504 <alam
2035 470 2070 504 de
2083 482 2157 512 poen.

1175 513 1227 543 ubi
1238 522 1310 544 cuin
1322 523 1422 545 textus
1433 516 1559 545 damnet
1582 515 1706 546 abusum
1725 518 1932 555 quorumdam
1958 515 2160 548 Archidiaco-

1174 565 1307 591 norum,
1318 557 1371 596 qui
1383 558 1399 586 a
1412 557 1548 588 Vicariis
1559 558 1690 597 pecunia
1702 558 1867 597 exigebant
1880 581 1889 594 ,
1908 568 1941 590 iit
1958 558 2011 589 libi
2033 559 2159 598 permit·

1174 608 1275 630 terent
1288 599 1320 630 in
1333 599 1468 632 Ecclesia
1478 601 1644 636 celebrate,
1657 603 1688 632 δε
1702 601 1739 631 iic
1752 601 1935 640 potestatem
1946 601 2079 633 Ordinis
2089 612 2157 634 exe-

1172 641 1227 682 qui
1241 653 1250 675 ,·
1273 643 1313 680 gl.
1327 643 1430 683 inquit
1442 665 1450 677 ,
1473 644 1531 674 lioc
1543 653 1608 675 erat
1622 644 1827 676 liinoniacum
1839 667 1848 680 ,
1869 644 1941 676 ci‘im
1953 644 2043 676 Ordo
2055 644 2090 676 sit
2101 644 2154 677 Sa-

1173 695 1380 721 cramentum,
1391 686 1443 716 cui
1456 687 1587 719 adil-tl'et
1598 687 1753 718 executio.
1767 687 1799 718 Si
1809 698 1885 728 ergo
1896 698 1992 718 unuin
2007 690 2157 725 vendunt,

1172 730 1204 759 δε
1217 728 1373 769 reliquum
1387 732 1436 763 ’,δέ
1450 730 1563 768 allegat
1575 731 1740 769 prii-:itam
1750 731 1820 773 jura
1831 752 1840 765 ,
1851 730 1981 762 &illam
1993 733 2033 770 gl.
2049 731 2156 763 adhoc

1172 780 1293 811 reputat
1309 772 1492 812 singularem
1505 774 1581 804 Abb.
1594 772 1624 803 in
1636 774 1698 809 d.§.
1712 774 1775 815 Qu'
1786 784 1856 804 vero
1867 795 1876 809 ‚
1894 778 1958 803 eoa.
1968 785 1997 804 n.
2011 783 2058 813 53.
2081 774 2158 806 item

1172 816 1245 845 dum
1256 818 1400 846 venditur
1412 815 1544 847 Ordinis
1553 817 1732 851 executio,v
1741 819 1841 847 idetiir
1852 816 1943 847 vendi
1954 818 2071 848 donum
2085 816 2158 853 Dei,

1171 858 1203 888 δε
1215 867 1280 888 non
1293 856 1433 889 Ecclesia:
1446 883 1452 889 .
1466 859 1511 890 Ad
1522 860 1581 890 lioc
1589 858 1741 891 alferium
1753 859 1788 889 de
1795 857 1972 899 poen.dist.i.
1988 858 2083 891 Unde
2094 858 2157 891 Or-

1171 901 1255 931 dinis
1265 902 1410 932 executio
1421 905 1436 932 d
1444 902 1539 933 icitur
1550 902 1682 934 Ordinis
1698 901 1846 943 perfectio
1856 902 1890 934 in
1900 902 1992 945 agui
2003 900 2157 942 persefflo-
2171 910 2173 912 ·

1171 953 1236 974 nem
1249 965 1257 979 ,
1282 953 1368 980 1.q.i.
1389 944 1445 975 Sed
1460 948 1590 977 vendere
1602 945 1696 985 ipsum
1709 945 1883 981 Ordinem,
1903 945 1954 977 seu
1963 948 2084 976 donum
2095 944 2155 977 Dei

1174 987 1381 1025 proculdubio
1393 988 1430 1018 eil
1441 988 1632 1028 prohibitum
1645 989 1734 1029 ,quia
1748 988 1952 1020 simoniacum
1962 1010 1971 1023 ‚
1984 989 2015 1019 &
2027 989 2154 1019 damna-

1172 1039 1239 1061 tum
1253 1029 1282 1060 in
1295 1040 1377 1061 novo
1388 1053 1396 1065 ,
1417 1033 1448 1062 ὅ(
1462 1033 1557 1063 veteri
1568 1031 1784 1068 Testamento,
1806 1040 1839 1062 ut
1850 1041 1913 1071 cap.
1929 1031 2112 1072 Quassanda,
2128 1041 2152 1062 1.

1173 1082 1217 1110 ‹Ju-
1234 1083 1256 1103 1.
1276 1077 1307 1104 ὅ(
1318 1084 1382 1113 cap.
1394 1073 1558 1105 Vendentes
1569 1097 1577 1110 ,
1598 1085 1661 1105 cum
1672 1074 1861 1114 multirseqq.
1880 1084 1903 1105 1.
1915 1084 1960 1111 qu.
1977 1084 2002 1114 3.
2024 1076 2056 1105 &
2070 1082 2154 1113 patet

1172 1126 1208 1147 ex
1219 1116 1309 1147 dictis
1321 1117 1494 1156 l'upranmn.
1507 1127 1534 1154 7.
1557 1118 1637 1155 Ergo
1656 1121 1687 1149 ὅ(
1700 1120 1831 1149 vendere
1842 1116 1974 1148 Ordinis
1995 1117 2156 1148 executio-

1173 1169 1265 1194 nem,
1289 1161 1320 1191 &
1340 1159 1568 1200 consequenter
1589 1161 1777 1192 beneficium
1794 1159 1950 1192 Curatum
1969 1182 1977 1194 ,
2008 1159 2041 1191 in
2063 1161 2155 1199 cujus

1173 1203 1347 1233 collatione
1357 1202 1518 1234 confertur
1538 1204 1669 1234 Ordinis
1690 1203 1855 1235 executio.
1879 1203 2007 1234 Etlianc
2027 1205 2157 1234 conclu-

1174 1245 1290 1277 sionem
1300 1245 1358 1276 else
1368 1246 1485 1277 claram
1495 1247 1575 1278 dicit
1596 1246 1719 1285 Pia-pos.
1736 1247 1768 1278 in
1786 1256 1853 1286 cap.
1866 1248 2006 1278 [morem
2016 1267 2025 1281 ,
2045 1255 2155 1276 numer.

2180 611 2214 642 35

1178 1293 1279 1326 16.c1u.
1295 1298 1319 1320 1.
1341 1288 1388 1320 De
1409 1289 1547 1325 curatis,
1577 1290 1701 1330 iuquit,
1720 1291 1752 1321 ὃς
1780 1289 2010 1330 dignitatibus,
2036 1289 2155 1320 clarum
2179 1292 2219 1330 36

1175 1331 1215 1365 est
1230 1354 1240 1367 ‚
1260 1333 1343 1371 quod
1357 1333 1489 1364 vendere
1501 1333 1575 1364 talia
1588 1335 1625 1363 dc
1637 1332 1664 1363 sc
1675 1332 1716 1364 est
1727 1333 1948 1367 simoniacum,
1969 1333 2001 1363 &
2025 1332 2086 1371 jure
2111 1332 2157 1362 di-

1176 1375 1251 1406 vino
1264 1375 1474 1414 proliibitum3
1494 1378 1526 1406 ὃ(
1539 1375 1576 1406 sic
1590 1375 1631 1407 est
1644 1376 1836 1415 prohibitum
1844 1376 1918 1416 quia
1931 1374 2134 1406 simoniacum
2151 1386 2159 1404 :

1176 1428 1249 1449 nam
1259 1427 1333 1448 cum
1348 1418 1510 1449 versentur
1523 1418 1737 1459 principaliter
1746 1420 1832 1450 circa
1842 1417 1989 1449 Clavium
1999 1418 2158 1448 executio-

1176 1471 1248 1492 nem
1260 1483 1269 1496 ,
1285 1464 1316 1491 ὅ(
1328 1460 1603 1492 sacramentorum
1615 1461 1880 1493 ministrationem
1891 1483 1900 1497 ‚
1922 1460 2078 1502 c.Ci4mſst
2091 1481 2101 1496 ‚
2120 1458 2157 1490 de

1176 1513 1254 1534 aetat.
1265 1510 1301 1535 ty*
1312 1505 1420 1540 qualit.
1430 1513 1494 1544 cap.
1508 1506 1591 1536 Licet
1605 1515 1705 1535 canon.
1717 1504 1752 1535 de
1762 1501 2042 1539 elea-l4b.6.c.Ciam
2052 1501 2090 1534 ab
2100 1504 2156 1535 Ec-

1175 1545 1335 1587 clesiarum
1345 1569 1355 1583 ,
1374 1548 1405 1578 &
1416 1558 1438 1579 c.
1449 1550 1472 1578 S
1474 1550 1485 1578 ι’
1495 1547 1641 1579 Sacerdos
1652 1570 1662 1583 ,
1680 1547 1716 1578 de
1726 1547 1801 1589 offic.
1813 1546 1909 1578 ordin.
1928 1556 1993 1587 cap.
2004 1545 2084 1578 Ciam
2094 1557 2158 1577 con-

1175 1593 1297 1628 tingat,
1317 1590 1353 1622 de
1366 1588 1433 1630 foro
1448 1599 1605 1631 competen.
1631 1591 1752 1622 clarum
1779 1590 1841 1626 est,
1859 1592 1944 1631 quod
1965 1589 2096 1621 collatio
2115 1599 2159 1620 ta-

1179 1633 1258 1665 lium
1279 1632 1428 1665 transfert
1444 1634 1665 1665 executionem
1685 1633 1912 1675 spiritualium,
1935 1635 1968 1664 &
1987 1634 2023 1663 ad
2043 1632 2102 1662 hoc
2123 1633 2158 1663 fit

1178 1676 1329 1707 collatio.
1344 1676 1437 1716 ,Ergo
1450 1676 1468 1706 si
1481 1678 1657 1708 vendantur
1669 1679 1746 1708 tales
1758 1676 1945 1708 collationes
1959 1696 1969 1712 ‚
1986 1673 2060 1706 curn
2081 1675 2160 1707 talia

1178 1720 1332 1751 beneficia
1342 1719 1561 1758 multipliciter
1572 1720 1688 1751 liabent
1700 1729 1821 1751 annexa
1841 1721 1925 1750 dona
1935 1717 2046 1759 gratiae
2064 1718 2163 1758 Spiri>

1179 1772 1228 1793 tus
1239 1762 1354 1799 sancti,
1374 1763 1497 1793 dicetur
1509 1762 1699 1802 proliibitum
1708 1763 1784 1803 quia
1803 1761 2026 1793 simoniacum.
2053 1759 2090 1791 Et
2112 1760 2159 1791 in-

1176 1805 1276 1836 frssinu.
1292 1815 1337 1843 17.
1348 1804 1428 1844 vers.
1446 1804 1579 1836 Secund&
1589 1803 1748 1845 probatur,
1768 1805 1846 1837 dicit
1857 1807 1894 1836 de
1912 1804 1941 1836 se
1953 1803 2158 1836 simoniacum

1178 1849 1236 1881 else
1248 1852 1380 1881 vendere
1390 1848 1611 1884 Sacramenta,
1634 1849 1680 1880 vel
1701 1848 1933 1889 principaliter,
1955 1847 2002 1878 vel
2022 1856 2161 1887 percon-

1179 1892 1367 1927 nexionem,
1388 1901 1421 1922 ut
1435 1892 1465 1922 in
1479 1891 1638 1922 beneficiis
1658 1890 1808 1927 Curatis,
1828 1901 1894 1932 quae
1903 1889 2075 1930 spiritualia
2093 1888 2159 1921 dici

1179 1935 1320 1975 possunt,
1340 1935 1415 1975 quia
1435 1944 1558 1974 propter
1579 1933 1694 1966 Clavcs
1727 1933 1868 1966 Ecciefiae
1887 1935 2071 1965 exercendas
2091 1932 2161 1964 sunt

1179 1978 1342 2014 instituta,
1360 1977 1474 2009 &sunt
1496 1988 1576 2008 curae
1598 1977 1772 2009 animarum
1791 1986 1954 2012 connexa,
1972 1977 2005 2008 ὅ(
2024 1975 2099 2006 illud
2119 1974 2161 2006 est

1179 2021 1350 2062 principale
1361 2020 1431 2052 vere
1443 2042 1453 2056 ‚
1474 2020 1688 2061 temporalitas
1707 2020 1749 2052 est
1769 2019 1935 2052 accessoria
1944 2017 2029 2060 quasi
2048 2020 2104 2050 dos
2123 2020 2162 2059 ad

1179 2074 1420 2096 matrimonium
1429 2087 1435 2094 .

1223 2107 1280 2139 Sed
1294 2106 1434 2138 adversus
1445 2106 1622 2146 praedidtam
1629 2106 1866 2139 conclusionem
1885 2106 1995 2147 Joann.
2010 2107 2048 2137 de
2060 2105 2162 2136 Anan.

1182 2150 1216 2181 iu
1226 2162 1251 2181 c.
1270 2160 1295 2181 t.
1305 2160 1383 2180 num.
1395 2159 1424 2187 7.
1434 2149 1513 2189 verfi
1524 2151 1584 2181 Sed
1594 2158 1696 2182 contra
1705 2172 1714 2186 ,
1734 2149 1882 2190 defimon.
1900 2148 2030 2188 insurgit
2042 2149 2162 2180 duobus
2178 2156 2181 2159 ·

1181 2193 1392 2225 fundamentis
1405 2216 1412 2224 .
1435 2192 1575 2224 Primum
1586 2192 1644 2228 est,
1662 2193 1738 2233 quia
1758 2203 1859 2224 textus
1869 2194 1901 2223 in
1910 2191 1939 2223 d.
1950 2203 1973 2223 c.
1987 2194 2021 2223 Sa
2035 2194 2102 2229 quis
2112 2192 2158 2222 ob-

1181 2236 1285 2274 jecerit
1295 2258 1305 2273 ‚
1330 2246 1355 2267 i.
1367 2246 1412 2273 qu.
1429 2246 1453 2275 3.
1467 2236 1608 2275 procedit
1622 2236 1654 2266 in
1666 2236 1712 2266 liis
1723 2236 1874 2266 connexis
1886 2258 1895 2271 ,
1915 2243 2158 2275 quorumiinum

1183 2280 1244 2311 sine
1261 2280 1359 2311 altero
1381 2279 1455 2310 stare
1477 2289 1541 2309 uon
1560 2277 1656 2319 potest
1669 2301 1677 2309 .
1707 2279 1747 2309 At
1768 2276 2051 2318 porestasClavium
2063 2276 2158 2308 etiam

1182 2324 1215 2354 in
1229 2322 1297 2353 adtu
1309 2323 1404 2362 potest
1416 2323 1473 2353 ell’e
1486 2321 1547 2352 fine
1568 2321 1740 2357 beneficio,
1759 2331 1794 2352 ur
1813 2330 1894 2360 patet
1908 2321 1940 2350 in
1951 2320 2099 2350 ordinato
2120 2320 2157 2349 ad

1184 2366 1313 2397 titulum
1325 2364 1525 2405 patrimonii,
1544 2364 1645 2405 quide
1661 2363 1791 2396 licentia
1803 2363 1993 2394 Parocliialis
2007 2362 2162 2402 Presbyte-

1181 2409 1209 2440 ri
1222 2408 1318 2448 potest
1330 2408 1345 2438 a
1356 2409 1492 2448 peccatis
1503 2407 1661 2438 absolvere
1671 2428 1680 2441 ,
1703 2417 1735 2437 ut
1744 2406 1778 2437 in
1789 2417 1812 2437 c.
1833 2407 1942 2437 Omnis
1960 2404 2045 2445 infra'
2057 2403 2092 2435 de
2102 2412 2164 2444 pce-

1182 2454 1277 2483 m'terz.
1290 2449 1326 2482 θ’
1335 2449 1443 2489 remi'ffi
1464 2449 1500 2480 Er
1513 2450 1546 2480 in
1557 2449 1812 2480 Praedicatoribus
1824 2471 1832 2485 ,
1845 2451 1876 2479 ὃ(
1888 2447 2070 2479 Minoribus
2080 2469 2089 2482 ‚
2108 2446 2164 2486 qui

1184 2495 1325 2526 similiter
1335 2493 1516 2534 potestatem
1526 2493 1640 2523 liabent
1653 2492 1770 2532 ligandi
1780 2513 1789 2527 ,
1801 2494 1831 2523 ὃ(
1844 2490 2001 2525 solvendi,
2020 2489 2092 2520 licet
2105 2489 2164 2520 tint

1183 2536 1325 2569 ordinati
1337 2539 1373 2568 ad
1387 2536 1515 2567 titulum
1528 2535 1715 2575 paupertatis
1728 2557 1737 2570 ,
1765 2543 1798 2565 ut
1810 2535 1844 2565 in
1854 2533 1957 2565 Clem.
1969 2534 2092 2564 Duarum
2103 2553 2112 2568 ,
2131 2532 2170 2562 de

1176 2580 1288 2621 sepult.

1228 2622 1348 2654 Verum
1369 2622 1430 2652 liaec
1454 2620 1552 2662 prima
1569 2620 1772 2652 ratiocinatio
1792 2630 1858 2651 non
1876 2619 2042 2651 concludit
2053 2640 2062 2654 ‚
2092 2618 2169 2658 quia

1185 2666 1238 2698 etsi
1252 2665 1380 2706 potestas
1399 2663 1549 2696 Clavium
1562 2663 1593 2694 in
1605 2663 1673 2695 actu
1684 2663 1772 2703 possit
1784 2663 1841 2694 effe
1857 2662 1918 2693 sine
1940 2661 2097 2694 beneficio
2116 2671 2170 2691 cu—

1185 2720 1254 2740 rato
1265 2731 1274 2745 ,
1295 2718 1325 2739 ui
1340 2708 1373 2738 in
1384 2707 1530 2749 exemplis
1543 2707 1628 2741 ioan.
1638 2710 1675 2737 de
1687 2707 1788 2737 Anan.
1801 2715 1906 2736 tamen
1916 2704 2104 2736 beneficium
2115 2713 2168 2734 cu-

1182 2762 1287 2783 ratum
1298 2751 1354 2782 effe
1367 2760 1432 2781 non
1444 2749 1539 2790 potest
1550 2749 1613 2781 sine
1626 2748 1773 2789 potestate
1793 2747 1957 2780 Claviiiin.
1982 2746 2079 2778 Unde
2092 2744 2167 2777 cum

1185 2796 1264 2826 hanc
1277 2793 1457 2834 potestatem
1477 2792 1645 2824 necessario
1655 2792 1764 2823 iiabeat
1786 2800 1940 2822 annexam
1950 2812 1960 2826 ‚
1981 2791 2013 2821 δε
2034 2790 2096 2820 sine
2114 2788 2168 2819 illa

1187 2839 1262 2868 stare
1275 2847 1339 2867 non
1351 2836 1441 2876 poffit
1452 2858 1462 2871 ,
1482 2834 1674 2874 consequens
1685 2834 1726 2865 est
1738 2843 1772 2865 ut
1785 2834 1817 2864 in
1829 2833 2011 2864 venditione
2024 2831 2167 2864 beneficii

1186 2879 1371 2921 parochialis
1381 2879 1542 2910 censeatur
1554 2879 1680 2909 vendita
1691 2877 1784 2908 etiam
1796 2876 1926 2916 potestas
1935 2874 2109 2916 Claviuiii‚j
2117 2884 2168 2904 ux-

1187 2934 1218 2954 ta
1229 2932 1348 2953 textum
1359 2921 1392 2953 in
1404 2920 1435 2952 α’.
1446 2933 1469 2953 c.
1479 2922 1593 2958 Siquis
1602 2921 1739 2959 objecerit
1749 2941 1759 2956 ,
1779 2921 1811 2950 ὃ(
1821 2919 1853 2950 iri
1864 2918 2013 2959 astque-17.
2028 2919 2110 2958 quod
2124 2915 2165 2947 est

1187 2965 1377 3006 prohibitum
1387 2964 1453 3005 jure
1465 2963 1576 2995 divino
1589 2987 1594 2992 .

1229 3009 1372 3040 Alterum
1383 3005 1621 3038 fundamentum
1632 3004 1673 3036 est
1684 3027 1693 3041 ,
1701 3005 1776 3045 quia
1785 3004 1861 3036 ficut
1872 3003 2029 3035 concessio
2042 3002 2121 3033 facta
2132 3002 2169 3033 ab

1188 3051 1336 3092 Episcopo
1346 3050 1449 3081 omnis
1460 3049 1535 3090 juris
1544 3070 1554 3084 ‚
1564 3050 1647 3087 quod
1660 3048 1789 3079 habebat
1801 3048 1834 3079 in
1847 3047 2040 3078 Monallerio
2051 3056 2106 3085 pro
2118 3056 2170 3076 an-

1188 3105 1250 3125 nua
1261 3093 1404 3133 pensione
1416 3091 1488 3123 octo
1499 3091 1699 3123 denariorum
1712 3112 1722 3126 ,
1733 3101 1798 3122 non
1809 3090 1849 3121 est
1862 3089 2030 3121 simoniaca
2040 3110 2049 3124 ,
2062 3097 2170 3128 quam—

1188 3147 1233 3168 vis
1245 3137 1277 3167 iti
1289 3136 1418 3176 illojure
1431 3135 1465 3165 sit
1477 3134 1662 3165 connexitas
1672 3132 1899 3174 spiritualitatis
1909 3154 1919 3168 ,
1946 3136 1976 3163 ὅ(
1988 3130 2170 3170 temporali·

1189 3179 1262 3210 tatis
1273 3200 1282 3214 ,
1305 3188 1336 3209 ut
1347 3177 1387 3208 est
1399 3187 1472 3209 text.
1485 3177 1517 3208 in
1527 3188 1550 3207 c.
1561 3174 1746 3216 Constitutus
1756 3198 1766 3212 ‚
1778 3174 1813 3206 de
1823 3176 1910 3212 relig.
1919 3171 2027 3205 domtb.
2038 3173 2111 3213 quia
2125 3173 2171 3204 ni-

1189 3222 1304 3253 mirum
1315 3222 1447 3261 pecunia
1456 3219 1599 3251 censetur
1606 3223 1680 3250 data
1690 3229 1744 3260 pro
1756 3217 1918 3258 temporali
1931 3238 1940 3252 ,
1971 3226 2036 3247 non
2048 3226 2101 3256 pro
2114 3215 2171 3255 spi-

1189 3264 1315 3300 rituali,
1337 3273 1369 3294 ut
1392 3263 1434 3294 ibi
1455 3272 1505 3303 per
1528 3262 1678 3294 Doctores
1688 3274 1698 3292 :
1720 3262 1763 3293 ita
1781 3259 1920 3300 quamvis
1943 3259 1976 3290 in
1998 3258 2171 3290 collatione

1191 3305 1335 3338 beneficii
1346 3306 1380 3339 sit
1392 3315 1534 3336 connexa
1543 3305 1687 3336 executio
1708 3303 1842 3335 Ordinis
1853 3323 1862 3338 ‚
1884 3301 1934 3332 seu
1945 3301 2074 3341 porestas
2094 3300 2170 3332 Cla-

1191 3350 1398 3384 viumJtamen
1409 3348 1543 3388 pecunia
1553 3357 1617 3378 non
1631 3348 1752 3377 videtur
1761 3348 1834 3376 data
1844 3354 1900 3384 pro
1912 3343 1974 3384 ipsa
1983 3344 2169 3375 executione

1191 3392 1335 3427 Ordinis,
1347 3400 1380 3422 ut
1391 3401 1438 3422 res
1448 3390 1551 3431 potius
1564 3391 1674 3424 valeat,
1685 3388 1778 3429 quam
1787 3386 1951 3428 pereat.1ta
1963 3387 2008 3427 Jo.
2019 3389 2057 3418 de
2070 3386 2171 3417 Anan.

1191 3445 1244 3468 cui
1255 3434 1454 3475 adstipulatur
1466 3433 1542 3464 Dec.
1556 3433 1589 3463 in
1599 3431 1949 3505 c.E.i·parte,Sils1.n.27.
1958 3430 1994 3461 de
2003 3429 2171 3501 officgieieg.

1881 3483 1904 3512 4
2092 3480 2119 3501 et

2186 2114 2226 2147 37
