2397 3664
255 116 354 162 400

233 185 359 217 Fatetur
371 185 467 217 etiam
477 184 632 216 Hossiens.
643 194 722 215 num.
735 192 762 220 7.
773 181 874 223 influe
884 205 892 217 ‚
916 183 1015 214 filium
1035 183 1068 214 in
1086 183 1178 215 sacris

190 229 398 260 constitutum
410 229 468 260 ell'c
484 227 832 268 privilegiatumquoad
857 226 1014 264 peculium
1035 226 1178 259 adventi—

189 271 270 302 tium
282 294 292 306 ‚
311 282 347 303 ex
359 271 520 302 notatisin
540 281 564 301 c.
578 270 664 309 Quia
673 280 743 305 nos,
763 268 800 300 de
817 267 985 309 testament.
1007 268 1046 301 Et
1056 279 1128 301 curn
1140 280 1178 301 eo

192 312 354 345 transeunt
367 312 545 354 simpliciter
556 313 667 352 joann.
688 314 785 344 Andr.
796 321 874 343 num.
890 321 938 350 13.
954 312 1033 353 versi
1046 315 1177 345 Fatetur

189 365 291 388 tamen
303 379 309 387 .
337 357 459 387 Bellum.
470 354 569 387 codem
579 366 657 386 num.
670 355 748 395 verfi
769 356 839 386 Nec
849 357 946 386 etiam
953 365 1005 396 per
1020 364 1176 397 promotio-

187 410 254 430 nem
265 400 305 430 ad
314 399 413 438 sircros
428 421 435 428 .
460 399 543 429 ssntr.
555 409 634 429 num.
658 402 686 429 8.
699 398 753 430 nbi
775 398 816 429 ait
826 400 930 439 quoad
949 399 1108 439 peculium
1123 401 1176 430 ad-

191 443 363 473 ventitium
376 442 433 472 effe
457 441 609 473 sublatum
629 441 772 473 effetftum
794 442 898 481 patriae
911 441 1068 481 potestatis
1079 465 1088 477 ,
1109 442 1175 473 An-

188 485 271 515 char.
283 494 394 515 mima.
406 483 616 524 vers.F.1tetur
626 494 727 516 tamen
738 508 745 515 .
767 484 939 516 Hostiensis
949 507 958 521 ,
980 486 1012 516 &
1024 485 1078 516 alii
1089 495 1175 516 com-

188 528 342 558 muniter.
366 527 449 558 Idem
461 528 563 559 firmat
575 528 694 568 Specul.
711 529 743 559 in
756 528 839 560 titul.
849 527 885 559 de
894 528 991 559 afim
1001 550 1011 565 ,
1031 527 1175 568 verfiSed

188 572 462 605 cnmClc-ricorum,
482 572 515 602 δε
535 570 607 611 Lap.
620 571 722 602 Abbas
743 571 775 602 in
789 570 817 602 d.
829 568 917 612 c.fin.
927 570 964 602 de
976 570 1064 607 judic.
1076 569 1129 602 lib.
1142 576 1171 602 6.

187 613 242 644 ubi
260 623 345 644 tenet
365 614 465 645 tilium
477 624 528 654 per
543 614 663 645 sacrum
674 614 818 645 ordinem
831 624 895 645 non
909 614 1035 645 liberari
1045 614 1060 645 ii
1072 615 1172 654 patria

193 656 342 695 potestate
355 657 386 687 in
397 657 488 688 bonis
500 657 774 697 patrimonialibus
785 679 794 693 ,
815 659 847 688 &
858 656 1064 696 profeffitii53
1087 658 1172 688 secus

187 699 221 730 in
233 700 439 735 adventitiis,
459 701 534 731 &in
553 701 685 741 quceliris
700 700 762 739 post
782 699 1001 731 Clericarum:
1024 701 1170 741 quamvis

189 742 262 773 alitis
272 744 309 774 de
321 743 504 774 adventitiis
515 744 735 775 filiusfamilias
755 742 857 774 testari
869 753 932 774 non
948 742 1037 783 poffit
1050 765 1060 779 ,
1080 743 1176 774 etiam

188 785 390 825 permittente
410 796 494 826 patre
505 809 514 823 ‚
536 797 570 818 ut
589 788 609 818 l.
624 788 727 830 Qm'in
739 785 896 826 potestate,
911 783 949 826 ff.
960 787 1010 818 De
1019 785 1135 826 testam.
1147 788 1179 817 &

189 838 279 860 notat
291 827 340 860 liic
354 829 432 860 Petr.
444 832 482 861 de
495 830 629 861 Anchar.
651 841 699 862 nu.
713 841 739 859 z.
755 828 830 868 vers.
843 831 876 859 ln
886 830 1073 860 adventitiis
1083 831 1162 859 enim
1171 853 1178 861 .

123 877 160 913 53
185 870 225 902 Et
237 871 281 902 ita
293 882 326 903 ex
339 871 421 903 facio
440 873 592 913 respondit
607 872 742 903 Barthol.
757 872 789 901 in
811 871 887 909 confi
899 876 949 903 61.
962 873 1104 912 incipien.
1123 874 1176 905 Fi-

186 914 389 956 liusfizmilias
399 937 409 951 ‚
428 927 505 946 num.
522 925 546 955 3.
559 914 638 955 verſs
649 917 676 947 C
677 917 742 946 irca
754 914 826 951 quod
836 913 990 954 sciendum
1000 913 1040 955 est
1050 937 1059 951 ‚
1078 913 1132 946 lib.
1148 925 1173 947 Χ.

188 956 275 989 Nam
286 980 295 994 ‚
317 967 350 989 ut
364 958 422 997 ipse
433 958 477 990 ait
487 981 497 994 ,
519 958 674 998 quidquid
687 957 863 997 aequiritur
875 955 891 988 ὲ
901 958 967 989 filio
979 957 1174 999 Presbytero,

188 1001 339 1040 quaeritur
352 1000 405 1031 fibi
417 1002 508 1040 pleno
520 1002 587 1043 jure
599 1013 608 1037 ·,
619 1002 651 1032 δέ
662 1001 720 1031 hoc
733 1000 753 1030 st
764 1010 920 1040 quaeratur
931 1000 1021 1032 causa
1031 1001 1174 1032 adventi-

189 1043 236 1074 tia
248 1065 256 1079 ,
280 1054 344 1074 non
357 1043 626 1084 contemplatione
639 1043 781 1075 Eccleliae
792 1065 801 1078 ,
823 1044 871 1074 vel
894 1044 1095 1075 sacerdotalis
1112 1044 1176 1075 offi-

188 1086 231 1116 cii
245 1098 253 1113 .·
277 1087 388 1126 allegat
401 1096 476 1117 text.
489 1088 520 1118 in
532 1089 561 1117 d.
574 1085 907 1130 AnthemPresbyteros
917 1089 1024 1122 ,C.De
1035 1085 1176 1128 Effusa&

188 1128 270 1159 Cler.
283 1129 414 1160 subdens
429 1129 487 1161 lioc
500 1139 606 1161 tenere
620 1130 664 1162 ibi
675 1129 802 1171 Cynum
816 1152 825 1165 ,
846 1131 877 1161 ὃ(
889 1130 1056 1161 Innocent.
1068 1131 1099 1161 ὃ(
1109 1130 1176 1161 Ho-

187 1171 289 1202 inens.
304 1172 335 1202 in
353 1171 383 1202 d.
395 1182 458 1212 cap.
473 1172 558 1216 Quia
567 1185 638 1208 nos,
659 1171 695 1203 de
706 1170 821 1213 testam.
841 1173 1051 1204 &concludit
1072 1174 1176 1214 quoad

188 1214 365 1261 hujusmodi
394 1217 634 1259 acquilitionem
660 1215 897 1248 filiumfamilias
929 1216 1037 1248 haberi
1068 1216 1115 1247 sui
1134 1217 1180 1259 ju-

188 1267 231 1289 ris
242 1280 249 1288 .

128 1306 170 1340 54
230 1300 306 1332 Non
326 1301 448 1333 obstant
474 1313 659 1343 argumenta
680 1302 815 1343 superius
827 1302 959 1334 addud'ka
980 1313 1035 1343 pro
1055 1311 1180 1334 contra-

190 1343 239 1375 ria
268 1345 422 1384 opinione
434 1370 441 1376 .
462 1347 509 1378 Ad
541 1347 675 1387 primum
705 1347 792 1377 enim
813 1346 1015 1386 respondetur
1036 1356 1102 1377 non
1121 1346 1179 1377 effe

191 1387 421 1420 inconveniens
433 1411 442 1424 ,
462 1390 562 1430 utqui
574 1389 652 1421 alios
664 1389 763 1430 regit,
785 1389 978 1420 nliilominus
1001 1399 1127 1430 regatur
1140 1390 1176 1420 ab

193 1430 274 1461 alin.
297 1430 458 1471 Qiinimb
469 1454 479 1469 ,
501 1442 535 1464 ut
550 1432 654 1473 inquit
664 1432 819 1463 Hostiens.
832 1432 880 1464 hic
897 1443 1009 1463 numer.
1023 1442 1050 1472 3.
1063 1434 1095 1463 &
1116 1432 1180 1472 post

189 1482 263 1504 eum
274 1473 361 1514 Joan.
384 1475 482 1507 Andr.
493 1487 571 1507 num.
582 1486 611 1512 9.
632 1477 663 1507 δε
684 1475 809 1507 Bellam.
820 1486 899 1508 num.
913 1484 958 1515 15.
970 1474 1049 1515 verfi
1069 1475 1181 1517 Supple

190 1514 298 1556 glossas
309 1539 319 1552 ,
340 1517 378 1548 eo
390 1517 454 1558 ipso
465 1517 550 1559 quod
571 1519 663 1551 habet
673 1518 789 1558 aliquis
809 1519 907 1550 alium
927 1518 1019 1550 subse
1032 1541 1041 1555 ,
1062 1518 1180 1550 necesse

193 1558 236 1590 est
248 1581 258 1594 ‚
279 1569 312 1590 ut
324 1562 529 1600 recognoscat
542 1562 637 1592 alium
652 1563 736 1601 super
747 1561 774 1592 se
785 1583 795 1598 ,
806 1571 936 1602 excepto
946 1561 1026 1602 Papa
1035 1583 1045 1598 ,
1055 1563 1181 1598 c.Licet,

192 1600 276 1643 §.fin-
288 1602 324 1633 de
341 1604 420 1634 elea.
433 1604 575 1644 alioquin
586 1605 658 1635 etl'et
680 1604 842 1644 acephalus
851 1626 860 1640 ,
883 1616 907 1636 c.
930 1607 965 1636 A
975 1602 1161 1636 Subdiacono
1173 1627 1181 1641 ,

192 1646 227 1676 δε
238 1645 368 1677 alvulla
381 1668 390 1682 ‚
410 1645 739 1687 93.d1st.c.Abbatibus
749 1670 758 1683 ,
782 1650 829 1679 18.
841 1646 1007 1688 quaestaAEt
1019 1648 1179 1688 propterea

193 1687 229 1719 in
240 1688 261 1719 l.
274 1685 345 1730 2.ff.
358 1690 406 1721 De
416 1700 528 1720 muner.
540 1689 577 1722 (ῥ’
588 1689 686 1721 honor.
695 1699 854 1730 quantum
866 1692 902 1722 ad
917 1691 1051 1722 honores
1062 1691 1182 1722 dicitur

193 1731 305 1762 habere
320 1732 421 1764 filium
432 1733 465 1764 in
477 1732 626 1773 potestate
637 1733 734 1764 etiam
747 1733 840 1773 is,qui
852 1734 892 1764 est
903 1733 936 1765 in
947 1734 1095 1774 potestate
1107 1735 1182 1766 alte-

190 1774 256 1805 rius
266 1797 274 1805 .
297 1773 345 1807 Ad
357 1775 438 1807 idem
450 1785 526 1807 text.
538 1776 600 1808 inl.
613 1778 671 1808 Per
681 1774 886 1817 adaptionem,
898 1777 930 1808 ὃς
942 1778 963 1808 Ι.
975 1780 1012 1808 Si
1022 1775 1120 1816 consul
1131 1775 1179 1819 ,ff

192 1818 243 1850 De
252 1815 353 1859 adopt.
365 1818 419 1850 ubi
434 1819 454 1850 si
465 1819 624 1850 Senatorii
637 1820 758 1860 plebejo
771 1822 946 1859 adoptetur,
958 1830 1014 1851 nec
1028 1820 1088 1860 ipse
1100 1842 1110 1856 ,
1122 1830 1180 1851 nec

192 1861 259 1901 ejus
271 1860 354 1893 filius
367 1862 479 1893 definit
488 1863 546 1894 esse
558 1862 690 1894 Senator
700 1885 709 1898 ,
729 1862 953 1903 quiadignitas
966 1873 1018 1904 per
1037 1863 1181 1903 adoptio-

194 1912 269 1934 nem
280 1914 346 1935 non
366 1915 523 1936 minuitur
536 1929 543 1937 .

237 1946 285 1978 Ad
297 1946 560 1988 secundumpatet
573 1948 687 1980 solutio
695 1959 730 1981 ex
744 1948 834 1980 dietis
855 1948 888 1980 in
899 1948 1036 1981 secunda
1054 1949 1183 1980 conclu-

196 1987 281 2020 sione
293 2012 302 2026 ‚
321 2001 453 2030 num.44.
463 1990 585 2030 &few

242 2032 290 2063 Ad
312 2033 441 2065 tertium
471 2034 614 2066 similiter
644 2045 727 2074 pater
760 2035 914 2076 responsio
940 2046 977 2067 ex
995 2035 1087 2067 dic’tis
1103 2057 1113 2072 ,
1133 2047 1184 2066 nu-

194 2085 267 2105 mer.
280 2084 331 2114 47.

231 2117 278 2149 Ad
289 2129 438 2159 quartum
450 2120 611 2160 respondet
622 2120 778 2152 Hostiens.
791 2120 838 2152 hic
849 2132 926 2152 num.
941 2129 968 2160 5.
979 2124 1059 2154 circa
1067 2121 1160 2163 finem
1172 2144 1181 2157 ,

195 2171 262 2192 non
273 2162 331 2193 esse
345 2163 464 2194 bonum
483 2163 580 2195 simile
592 2165 628 2195 de
652 2165 841 2195 dominicali
859 2166 896 2195 ad
914 2165 1183 2205 patriampotesta-

198 2213 262 2236 tem
285 2217 292 2236 :
315 2216 387 2236 nam
408 2205 463 2237 etsi
484 2206 699 2238 Dominicalis
718 2206 753 2238 sit
774 2206 889 2238 fortior
899 2211 1001 2246 quoad
1022 2210 1161 2248 quaedam
1173 2230 1183 2244 ,

129 193 165 224 51

125 748 163 780 52

128 2125 167 2158 55

199 2258 266 2279 non
278 2258 382 2281 tamen
397 2249 577 2290 simpliciter
586 2272 596 2286 ,
619 2253 651 2281 δε
663 2248 801 2281 absolute
813 2272 822 2286 ‚
835 2259 868 2280 ut
880 2259 1009 2281 notatur
1021 2251 1052 2281 in
1065 2253 1185 2286 eunica,

571 95 734 165 Prosp.
756 91 979 160 Fagnan.
1003 90 1055 146 in
1076 88 1293 147 Primum
1317 87 1524 145 Librum
1535 86 1803 142 Decretal.¹

1219 192 1274 213 vus
1285 191 1445 214 remaneat
1454 202 1464 216 ‚
1486 189 1520 211 ut
1532 180 1564 211 in
1575 178 1605 210 d.
1615 190 1651 211 ca
1653 183 1745 219 μὴν
1755 177 1981 217 venerabilem,
2004 180 2033 228 Q
2044 180 2201 212 Praeerea.

1217 227 1284 270 jS
1294 223 1401 267 stasim
1419 225 1500 261 legit.
1513 233 1577 254 cum
1596 221 1727 254 concord.
1737 221 1784 254 sed
1797 222 1898 262 patria
1914 231 2205 263 quantumcumque

1218 264 1365 302 solvatur,
1378 267 1491 307 semper
1503 266 1586 297 filius
1596 275 1736 297 remanet
1748 287 1757 301 ‚
1769 274 1804 296 ut
1816 263 2013 306 §.Adoptivi
2022 266 2093 296 verb
2104 274 2206 296 eman-

1216 313 1311 351 apati
1321 332 1330 347 ,
1354 312 1385 341 δι
1400 312 1426 345 ξ.
1433 308 1513 349 seqq.
1534 307 1630 349 instit.
1645 307 1682 340 de
1693 307 1822 340 haredit.
1842 319 1899 346 quae
1908 307 1947 340 ab
1965 305 2064 348 intest.
2072 305 2204 348 deferun.

1217 352 1367 384 Rursusus
1377 351 1591 384 Dominicalis
1601 351 1709 383 odiosa
1718 374 1727 387 ‚
1737 352 1813 392 quia
1824 352 1965 384 violenta
1973 373 1983 388 ,
2006 353 2033 389 §.
2041 351 2094 391 Jm
2105 358 2205 396 autem

1213 405 1368 435 gentium,
1388 394 1485 435 instit.
1496 394 1533 426 de
1545 395 1605 431 jure
1615 403 1715 426 natur.
1727 394 1775 426 sed
1796 395 1898 436 patria
1907 393 2111 429 favorabilis,
2129 401 2203 432 quia

1217 439 1368 471 naturalis
1381 460 1391 474 ‚
1410 447 1445 469 ut
1456 436 1551 478 instit.
1562 436 1670 477 dejure
1679 446 1780 469 natur.
1790 437 1916 479 respons.
1933 448 1957 470 1.
1969 440 2003 469 ὅ(
2011 435 2048 468 de
2069 432 2204 469 libertin.

1217 486 1245 519 §.
1261 492 1286 513 1.
1297 481 1375 513 Non
1385 490 1462 521 ergo
1480 480 1638 522 sequitur.-
1659 480 1779 512 Odiosa
1790 480 1920 513 solvitur
1933 491 1984 522 per
1996 479 2074 512 sacri
2084 477 2207 510 ordinis

1215 525 1441 566 susceptionem
1460 535 1467 554 :
1491 524 1591 564 igitur
1609 525 1642 555 &
1659 523 1860 555 favorabilis·
1881 525 1929 556 Ad
1941 524 2000 556 lion
2022 524 2043 555 l.
2056 520 2135 555 Ciam
2146 522 2208 558 qui-

1213 568 1287 599 dam
1297 590 1307 604 ,
1324 565 1361 610 ff
1374 569 1423 600 De
1434 565 1520 599 liber.
1533 564 1571 599 (ῥ’
1581 565 1722 607 posthum.
1733 568 1766 598 &
1776 568 1891 599 modia
1901 590 1911 603 ,
1931 567 1966 598 dc
1976 567 2066 606 regul.
2078 565 2133 602 jur.
2149 560 2206 595 lib.

1213 615 1242 642 6.
1253 613 1285 642 ὃ(
1296 611 1466 651 sequuntur
1475 608 1525 642 liic
1537 610 1670 642 tetidem
1683 611 1784 641 verbis
1794 610 1882 650 Joan.
1895 611 1990 642 Andr.
2004 606 2207 642 num-11.Bel-

1214 655 1284 685 lam.
1319 665 1399 685 num.
1434 662 1482 692 15.
1510 652 1589 693 vcrss
1613 651 1747 685 Dicebat
1774 651 1942 697 Hostiensis
1960 676 1971 690 ,
2002 655 2035 685 &
2065 651 2207 698 plerique

1218 697 1273 729 alii
1292 708 1299 728 :
1319 699 1352 729 &
1381 707 1417 728 ex
1445 696 1491 728 liis
1510 706 1595 738 patet
1622 696 1721 728 eriam
1749 697 1905 738 responsio
1933 698 1970 729 ad
1990 696 2207 728 confit-mamm

1219 750 1291 772 nem
1303 762 1310 770 .

1263 784 1310 814 Ad
1331 782 1478 823 quintum
1497 782 1718 823 respondetur,
1738 781 1967 822 digninitatem
1989 781 2212 814 sacerdotalem
2234 782 2272 819 56

1219 826 1277 858 effe
1296 825 1538 857 eminentiorem
1560 825 1700 866 qualibet
1720 824 1878 865 dignitate
1895 825 2034 856 saeculari
2053 828 2210 865 quantum

1219 871 1256 901 ad
1275 868 1448 909 spiritualia
1460 891 1470 904 ,
1490 879 1515 900 c.
1524 867 1706 908 Suscipitis,
1730 866 1850 908 maust-
1860 877 1928 907 cap.
1941 868 2022 900 Ciam
2031 867 2074 898 ad
2084 877 2190 898 verum
2199 888 2210 902 ,

1215 916 1265 943 66.
1277 909 1345 949 dist.
1358 913 1390 943 ὅ(
1401 910 1605 952 d.cap.Solitae
1614 933 1624 948 ,
1647 909 1767 953 §.Qod
1775 919 1876 942 autem
1879 910 2015 951 sequitur
2027 933 2036 946 ,
2056 908 2092 941 de
2102 908 2211 947 major.

1216 953 1406 986 <sy-obedient.
1419 957 1451 987 δε
1462 955 1520 986 Ιιοε
1531 953 1665 995 ι·εΓρεᾶιι
1677 954 1756 985 sicut
1775 954 1916 994 dignitas
1938 953 2141 989 patritiatus,
2161 952 2210 983 vel

1216 997 1406 1030 consolatus
1425 998 1518 1029 solvit
1546 999 1592 1039 jus
1617 997 1724 1038 patriae
1744 997 1903 1037 potestatis
1922 997 1957 1029 in
1976 995 2116 1038 profanis
2138 1008 2144 1026 :
2168 995 2214 1026 ita

1216 1041 1416 1073 sacerdotalis
1435 1041 1574 1082 dignitas
1595 1042 1628 1072 in
1649 1039 1894 1078 ecclesiasticis,
1916 1043 1948 1073 &
1967 1039 2178 1081 spiritualibus
2200 1059 2211 1074 ‚

1216 1095 1250 1115 ut
1263 1085 1295 1115 in
1307 1082 1436 1125 capfin.
1457 1084 1493 1115 de
1502 1084 1593 1123 judic.
1612 1083 1664 1116 lib.
1677 1088 1706 1116 6.
1726 1085 1758 1116 δε
1776 1082 1870 1116 latius
1889 1083 2011 1117 dietum
2031 1083 2072 1115 est
2092 1103 2102 1119 ‚
2115 1081 2213 1124 supra'

1215 1137 1295 1158 mim.
1311 1133 1362 1167 46.

1260 1172 1307 1201 Ad
1343 1171 1492 1202 ultimum
1513 1170 1732 1211 respondetur,
1753 1172 1857 1211 quoad
1876 1171 1936 1202 hoc
1958 1181 2024 1203 non
2044 1171 2213 1211 procedere
2236 1174 2276 1206 57

1218 1214 1384 1254 paritatem
1397 1214 1478 1245 inter
1489 1214 1708 1254 professionem
1729 1214 1924 1254 regularem,
1944 1216 1977 1246 δε
1998 1211 2118 1246 sacrum
2129 1212 2214 1244 ordi-

1221 1267 1293 1288 nem
1304 1280 1312 1288 .
1324 1256 1409 1288 Nam
1422 1256 1640 1295 filiusfamilias
1649 1267 1701 1297 per
1713 1257 1881 1297 ingressum
1893 1257 2059 1298 religionis
2071 1257 2116 1288 ita
2126 1266 2214 1288 tran-

1221 1300 1256 1331 sit
1270 1300 1301 1331 in
1314 1300 1497 1341 potestatem
1509 1299 1630 1331 Prtelati
1642 1301 1794 1341 regularis
1804 1322 1814 1337 ,
1833 1310 1868 1331 ut
1880 1301 1959 1332 velle
1971 1323 1982 1337 ,
1991 1301 2037 1332 vel
2051 1301 2136 1331 nolle
2147 1309 2215 1331 non

1220 1343 1331 1374 babeat
1342 1365 1352 1379 ,
1373 1345 1406 1375 &
1418 1344 1484 1384 ejus
1496 1343 1662 1375 arbitrium
1676 1354 1742 1375 non
1752 1354 1788 1375 ex
1800 1343 1853 1375 sua
1863 1366 1873 1380 ,
1884 1344 1931 1376 sed
1944 1354 1980 1375 ex
1991 1344 2076 1375 illius
2087 1365 2097 1380 ,
2119 1352 2215 1383 quem

1221 1387 1290 1417 vice
1311 1385 1373 1417 Dei
1391 1386 1479 1427 supra
1499 1396 1591 1427 caput
1610 1386 1697 1419 suum
1719 1387 1820 1426 posuit
1839 1409 1849 1423 ,
1872 1388 1905 1419 δε
1922 1389 2012 1429 cujus
2033 1386 2167 1427 imperio
2186 1385 2215 1417 se

1222 1429 1352 1470 subjecit
1363 1452 1372 1466 ,
1393 1430 1556 1461 voluntate
1565 1432 1759 1470 dependeat,
1781 1440 1815 1461 ut
1826 1430 1906 1462 dicit
1920 1440 2022 1461 textus
2042 1431 2074 1461 in
2084 1440 2108 1461 c.
2121 1430 2159 1460 Si
2169 1439 2216 1459 re-

1221 1472 1359 1513 ligz‘osus,
1380 1472 1417 1503 de
1427 1470 1638 1504 maltha&
1645 1473 1776 1504 concord.
1788 1474 1890 1504 alvan
1901 1473 2016 1504 dicatis
2025 1495 2035 1509 ,
2060 1483 2105 1504 12.
2117 1469 2211 1512 quest.

1224 1525 1235 1546 1
1243 1527 1276 1547 .c.
1291 1514 1501 1563 Quorumdam
1510 1537 1520 1552 ,
1535 1514 1630 1555 supra
1639 1515 1676 1547 de
1686 1517 1767 1548 elea.
1777 1515 2064 1557 c.ult.Desepultur.
2075 1517 2108 1547 δε
2120 1526 2146 1547 c.
2158 1517 2216 1547 Re-

1222 1560 1345 1599 lzgzosus
1355 1581 1364 1595 ,
1386 1558 1422 1590 de
1441 1558 1559 1599 testam.
1570 1558 1623 1590 lib.
1635 1562 1663 1590 6.
1674 1557 1773 1600 Qlod
1794 1569 1860 1590 non
1873 1559 2035 1600 contingit
2047 1569 2099 1599 per
2108 1558 2216 1589 assum·

1222 1602 1362 1643 ptionern
1374 1602 1454 1633 sacri
1465 1602 1586 1633 ordinis
1598 1625 1605 1633 .
1629 1603 1675 1633 Ad
1698 1602 1756 1633 hoc
1770 1611 1875 1634 autem
1887 1612 1921 1633 ut
1932 1613 1984 1642 per
2003 1601 2217 1634 mutationem

1222 1645 1315 1676 ssatus
1326 1644 1525 1676 filiifamilias
1536 1655 1621 1685 pater
1632 1648 1737 1685 perdat
1746 1648 1795 1689 jus
1806 1646 1912 1686 patriae
1924 1645 2083 1685 potestatis
2095 1667 2105 1682 ,
2114 1644 2217 1685 requi-

1221 1688 1303 1720 titur
1314 1697 1349 1720 ut
1360 1688 1443 1720 filius
1454 1690 1589 1720 eundem
1601 1688 1712 1721 statum
1723 1688 1843 1729 prorsus
1855 1689 1982 1720 amittat
1993 1712 2001 1719 .
2022 1687 2121 1730 Qiod
2135 1687 2217 1720 veri-

1221 1731 1362 1763 ficaturfi
1374 1731 1458 1763 filius
1477 1731 1630 1763 efficiatur
1650 1732 1752 1763 servus
1771 1743 1889 1772 poenae,
1919 1732 1968 1763 vel
1990 1730 2217 1763 monasterium

1222 1775 1440 1814 ingrediatur,
1461 1784 1514 1806 aut
1526 1775 1667 1806 servituti
1686 1774 1903 1815 mancipetur,
1927 1785 1962 1806 ut
1972 1775 2111 1806 declarat
2129 1774 2216 1814 gloff.

1221 1819 1250 1849 d.
1262 1819 1310 1850 l.S
1311 1820 1322 1849 i
1333 1817 1470 1858 excausa
1483 1840 1492 1854 ‚
1506 1820 1714 1858 §.Pomponius
1723 1840 1732 1855 ‚
1742 1820 1775 1849 in
1785 1816 2058 1859 venCiaemstamm
2069 1815 2215 1860 mutatff.

1221 1862 1272 1893 De
1281 1864 1387 1892 minor.
1407 1860 1554 1893 Praeterea
1566 1872 1618 1901 per
1628 1862 1797 1902 ingressum
1817 1861 1984 1901 religionis
1996 1861 2150 1901 quicquid
2161 1860 2217 1893 ha-

1223 1905 1273 1936 bet
1296 1903 1475 1936 Monachus
1494 1926 1505 1940 ,
1526 1904 1675 1936 transfert
1696 1904 1727 1935 in
1745 1904 1988 1940 monasterium,
2010 1905 2041 1934 &
2062 1903 2219 1934 monaste-

1224 1948 1273 1978 rio
1285 1948 1464 1987 acquiritur
1475 1970 1483 1984 ,
1506 1948 1634 1978 authen.
1647 1948 1785 1989 lnggreffi
1794 1969 1805 1983 ,
1825 1950 1860 1979 C.
1875 1945 2042 1987 Desncroſs
2054 1944 2171 1986 Eccleſs
2185 1945 2216 1978 d.

1224 1999 1291 2031 cap.
1304 1992 1378 2021 Non
1388 1989 1503 2022 dicatis
1512 2012 1521 2026 ,
1544 1992 1576 2021 δε
1587 1991 1699 2022 c.N0lo
1710 2012 1718 2027 ,
1743 2000 1790 2021 12.
1801 1990 2018 2027 q.1.Doetores
2030 1989 2062 2021 in
2074 1991 2138 2021 c.In
2148 1998 2218 2030 μνι-

1217 2033 1323 2074 sentia
1335 2056 1344 2070 ,
1365 2032 1402 2065 de
1410 2032 1606 2074 probaret-go
1616 2044 1702 2074 pater
1713 2044 1749 2064 ex
1763 2034 1794 2064 vi
1805 2034 1911 2073 partite
1924 2032 2084 2074 potestatis
2095 2033 2218 2065 nullum

1225 2078 1272 2119 jus
1284 2077 1381 2118 potest
1392 2077 1424 2108 in
1433 2077 1548 2108 eisdem
1569 2078 1661 2108 bonis
1673 2077 1727 2108 fibi
1739 2076 1907 2108 vendicare
1923 2078 2028 2117 quoad
2049 2076 2219 2117 proprieta-

1223 2130 1287 2151 tem
1297 2143 1305 2154 .
1326 2121 1373 2151 vel
1387 2120 1690 2152 administrationem
1702 2142 1712 2156 ‚
1733 2130 1831 2160 capa.
1842 2122 1874 2151 &
1894 2132 1919 2152 c.
1931 2120 2010 2152 Ciam
2020 2117 2062 2151 ad
2072 2118 2220 2160 monaste-

1223 2166 1301 2194 rium
1312 2185 1322 2200 ,
1343 2162 1457 2204 destat.
1468 2162 1652 2196 Monac-hor.

1271 2207 1347 2238 Haec
1361 2217 1467 2238 autem
1479 2217 1545 2238 non
1563 2207 1711 2237 obtinent
1734 2205 1767 2237 in
1779 2206 1847 2237 filio
1869 2208 1905 2238 ad
1917 2206 2021 2237 sacros
2039 2205 2167 2237 ordines
2179 2204 2221 2236 as-

1227 2249 1348 2290 sumpto
1360 2272 1369 2286 ,
1389 2251 1466 2290 quia
1478 2249 1688 2280 nihilominus
1699 2248 1811 2279 habere
1822 2249 1919 2288 potest
1930 2250 2014 2280 bona
2023 2247 2217 2290 profeCRitia,

198 2292 226 2327 §.
238 2290 328 2332 Quod
337 2290 419 2324 &de
426 2291 675 2334 praediffissupra'
685 2315 695 2328 ,
715 2291 750 2324 de
759 2293 858 2335 infan.
877 2291 975 2332 expos.
988 2293 1112 2324 Etenim
1125 2293 1189 2324 Do—
1226 2303 1294 2332 quse
1304 2304 1384 2333 patri
1397 2304 1431 2323 ex
1443 2302 1514 2323 toto
1526 2292 1746 2330 acquiruntur,
1756 2301 1790 2322 ut
1800 2290 1904 2323 Lcism
1914 2300 2026 2332 oportet
2035 2313 2045 2326 ‚
2055 2293 2091 2323 C.
2098 2293 2145 2323 De
2153 2289 2218 2323 bon.

197 2334 363 2367 minicalis
374 2335 453 2367 adeo
472 2336 594 2369 deletur
611 2346 663 2376 per
675 2337 798 2368 sacrum
815 2335 982 2374 ordinem,
1003 2345 1037 2367 ut
1050 2346 1107 2368 nec
1129 2336 1188 2368 ser-

1226 2346 1283 2374 qnae
1293 2335 1553 2368 libcr.secundum
1564 2334 1711 2365 lnnoc.&
1725 2335 1803 2366 alios
1814 2335 2022 2376 supracitatos
2031 2345 2112 2366 num.
2125 2344 2175 2376 33.

447 2571 574 2628 DE
641 2571 1077 2636 AETATE,
1130 2572 1264 2628 ET
1330 2567 1972 2639 QUALITATE.

916 2692 1026 2743 Idem
1079 2688 1320 2741 Alexander
1361 2688 1391 2738 Ι
1401 2685 1429 2735 l
1440 2687 1470 2737 l·

850 2838 1354 2896 CAPUT

285 2948 360 2988 Am
373 2960 409 2986 te
428 2949 530 2989 decet
543 2968 553 2986 .-
578 2950 741 2992 &infrfu
769 2950 927 2991 Artstius
942 2951 1180 2997 inhibemus,
1206 2963 1253 2989 ne
1268 2948 1439 2996 personas
1452 2973 1467 2995 ³
1492 2961 1573 2998 quae
1594 2951 1632 2988 in
1653 2946 1826 2988 Ecclesiis
1838 2949 1896 2987 tui
1915 2948 2157 2996 Episcopatus
2168 2950 2216 2990 ad

298 3009 426 3035 curam
440 3000 648 3037 animarum
661 3000 801 3039 fuerint
811 3000 1046 3046 ordinandae,
1074 3004 1113 3039 in
1134 2997 1214 3046 ipsis
1231 2996 1424 3043 instituas,
1450 3010 1518 3036 nec
1528 2997 1656 3046 aliqua
1666 2995 1881 3041 occasione,
1909 2997 1968 3035 vel
1988 2999 2104 3037 etiam
2119 2997 2220 3038 litte-

255 2953 266 2967 Q

207 2954 260 3033 J.

243 3017 269 3032 ,Α

1461 2838 1558 2895 1V.

204 3058 330 3084 rarum
347 3045 554 3082 nostrarum
573 3047 726 3087 obtentu
747 3049 886 3087 institui
908 3051 1084 3096 patiaris,
1110 3061 1190 3098 quse
1203 3045 1378 3091 scientia,
1407 3046 1574 3085 moribus
1589 3069 1604 3092 ³
1631 3046 1810 3090 &aetate3
1839 3044 2014 3085 Concilii
2038 3059 2113 3085 non
2131 3060 2220 3086 con·

203 3105 341 3140 gruant
364 3092 539 3130 institutis
557 3120 565 3127 .
591 3094 661 3133 Sed
672 3100 786 3135 etiam
799 3096 978 3136 habentes
1028 3096 1123 3135 lures
1145 3093 1348 3139 Ecclesia53
1375 3105 1455 3141 quae
1473 3107 1519 3133 ex
1532 3108 1606 3133 una.
1625 3108 1701 3133 non
1714 3092 1920 3141 pendeant,
1946 3094 2013 3134 tibi
2026 3094 2138 3133 liceat
2155 3108 2219 3142 ap-

204 3141 410 3186 pellatione
421 3139 615 3186 postposita
628 3155 759 3189 cogere
772 3145 937 3183 adunam
950 3147 986 3191 ip
1002 3158 1107 3183 arum
1125 3168 1139 3189 ³
1164 3155 1277 3192 quam
1290 3140 1491 3181 maluerint
1504 3166 1519 3187 ς,
1545 3141 1828 3180 dimittendam:
1855 3140 1921 3180 nisi
1940 3145 1997 3182 ita
2012 3139 2153 3182 fuerint
2164 3155 2219 3182 te-

204 3201 292 3227 nues
305 3203 339 3228 in
353 3185 554 3227 substantia
567 3212 581 3233 ς,
607 3190 705 3236 quod
718 3196 884 3239 proprios
894 3191 1099 3232 sacerdotes
1113 3206 1186 3230 non
1198 3189 1326 3238 poffint
1337 3193 1608 3229 convenienter
1617 3190 1735 3229 alere.

370 3277 1016 3315 SUMMARIUM.

250 3373 261 3394 ¹
290 3367 314 3433 I

342 3420 345 3425 r
356 3416 474 3436 oratam
485 3406 602 3448 mstitui
612 3419 668 3439 non
676 3405 761 3440 a'cbct
770 3429 779 3444 ,
802 3407 838 3439 Φ·
849 3419 924 3439 num.
939 3413 967 3441 8.

246 3460 261 3480 2
289 3446 439 3488 Institutio
458 3449 664 3491 beneficiorum
682 3451 790 3489 dejure
799 3456 943 3483 commum
962 3452 1003 3484 ad
1014 3454 1192 3495 Episcopum

331 3492 445 3530 s'cha!
459 3515 463 3521 .

330 3362 609 3404 Ndignusscicntia
619 3386 630 3402 ,
640 3363 769 3396 moribus
780 3386 790 3399 ,
811 3366 860 3396 ml
871 3376 958 3398 «state
965 3368 1005 3399 ad
1017 3368 1187 3409 Ecclesiam

1275 3291 1290 3323 3
1312 3280 1372 3323 Just
1375 3284 1386 3313 i
1388 3283 1464 3313 tutio
1471 3280 1590 3313 authori
1594 3279 1712 3313 :rabilis
1720 3292 1776 3312 non
1785 3285 1928 3323 competit
1938 3283 2131 3324 inferioribus
2142 3286 2218 3316 Ρα-

1359 3326 1436 3357 latis
1445 3327 1540 3356 etiam
1549 3336 1589 3356 ex
1599 3323 1820 3365 confitetua'ine,
1838 3327 1889 3358 vel
1897 3327 2116 3368 proscriptione
2124 3350 2132 3358 .

1275 3379 1295 3407 4
1318 3369 1395 3410 JVIst
1405 3367 1536 3400 habeant
1545 3367 1605 3406 juri
1602 3368 1783 3408 sdifls'onem
1793 3369 1877 3412 quast
1887 3372 1916 3401 E
1917 3369 2095 3411 p1sc0palcm
2105 3372 2139 3401 in
2148 3370 2218 3401 Cle-

1360 3422 1424 3442 rum
1434 3433 1444 3447 ,
1465 3409 1501 3443 Φ*
1512 3413 1653 3451 Pcpulum
1663 3413 1825 3451 privative
1835 3413 1878 3443 ad
1886 3412 2065 3454 Episcopum
2073 3436 2080 3442 .

1277 3463 1290 3492 5
1317 3454 1469 3495 fissi-mmo
1487 3455 1649 3494 corporalis
1669 3454 1705 3487 dc
1714 3456 1778 3495 jure
1792 3459 1939 3488 communi
1956 3455 1999 3488 ad
2016 3454 2220 3489 Arrhida-tco—

1353 3507 1420 3529 num
1431 3499 1559 3538 pertinet
1570 3520 1577 3528 .

2045 3546 2063 3574 6
2088 3540 2179 3581 Epis·
