2397 3664
645 28 737 84 De
756 23 1117 85 Transi-atione
1130 20 1297 93 Episc.
1317 19 1510 78 c.Cum
1529 40 1598 78 ex
1625 23 1744 80 illo.
1774 21 1778 26 '

184 115 262 160 dist.
272 124 296 152 e'.
305 121 476 161 Imperator
484 118 647 162 96.d1st.&
660 124 686 155 ξ.
704 131 730 152 1.
739 119 808 160 dis?-
821 129 848 158 5.
857 117 1005 159 Sequitur
1016 115 1096 165 Abb.
1108 112 1184 161 cons}

194 163 453 206 82·anmquam,
463 164 553 206 pauli)
562 161 843 205 postvmo-ipisus.
855 163 940 207 Qia
950 160 1023 192 licet
1031 157 1119 206 ¹²¹⁷&
1130 158 1185 205 ubi

152 210 172 238 6
192 206 236 237 ait
247 228 258 242 ‚
268 216 381 247 contra
390 205 560 239 Ecclesiam
573 206 755 238 Romanam
765 215 833 237 non
841 213 967 237 currere
977 201 1184 243 praescriptio-

191 258 266 280 nem
278 249 413 290 respectu
422 249 438 282 s
435 260 567 290 uptemoe
577 249 736 289 potestatis
745 271 756 285 ,
777 248 855 281 sicut
866 257 925 279 nec
935 255 1052 278 contra
1059 243 1164 276 Deum
1173 264 1184 279 ‚

191 292 284 333 cujus
297 293 382 326 vices
392 293 475 334 gerit
486 314 496 329 ,
516 292 564 324 Ad
576 292 635 323 hoc
647 293 748 323 bonus
758 300 836 323 text.
846 290 882 322 in
890 289 1063 329 cap.Nemo
1077 291 1126 320 16.
1137 296 1182 325 qu.

193 344 222 376 3.
233 337 266 368 &
277 335 354 368 facit
363 337 386 370 l.
394 338 548 377 Competit
557 358 565 365 .
587 332 700 366 Cod.de
708 332 872 375 prascript.
894 343 944 374 30.
960 332 1012 363 vel
1028 342 1081 371 40.
1092 340 1186 363 anno-

187 389 266 415 rum,
278 381 311 411 &
321 377 373 411 hie
383 379 438 422 jun
443 388 480 416 ae
489 379 574 419 quod
585 376 675 418 plene
686 376 812 409 notavit
822 376 857 409 in
867 371 1186 415 c-Consuetude'nerfic-
1200 379 1206 385 ·
1221 379 1260 412 pr

189 421 246 462 pra'
255 422 294 453 de
300 420 432 462 conflictu
463 424 498 452 ἠ.
1099 458 1106 464 ι
1151 459 1159 464 .

149 472 169 502 7
233 465 381 496 Secundo
392 473 468 496 nota
477 462 524 495 ibi
533 485 544 500 ‚
554 463 617 495 LA
616 471 737 504 pamen.
743 460 941 503 Archaep1sco
942 470 1034 509 pum-¹,
1052 460 1139 507 quod
1150 469 1184 506 ¹.¹¹

188 508 322 540 materia
329 507 520 548 dignitatem
529 515 744 538 concernente
755 505 906 546 expreffio
914 514 1032 547 proptu
1043 512 1184 550 nominis

190 561 258 582 non
269 549 429 590 restringit
439 548 677 589 dispositionem
688 552 725 581 ad
737 548 902 590 personam
914 569 923 584 ,
945 547 995 581 sed
1006 547 1184 594 realis-cen-

191 594 275 626 setur
283 592 442 633 dispositio
453 603 465 627 ‚·
485 593 518 624 &
529 592 569 628 sie
581 590 743 632 potentius
763 600 910 633 operatur
921 599 1034 621 natura
1044 587 1184 629 subiectae

187 636 327 668 materiae
337 655 348 671 ‚
367 636 461 677 quam
471 635 589 677 proprii
600 635 742 667 nominis
750 633 902 676 expressio
911 655 921 671 ‚
943 633 1030 665 Butr.
1043 634 1077 664 &
1091 632 1182 663 Imol.

187 675 331 718 hictnu‘mi
346 688 375 719 3.
1136 717 1143 722 -

148 725 167 755 8
228 720 343 754 Tertio
356 729 432 753 nora
451 721 516 758 ibi,
539 721 778 755 Translaetiones
801 722 829 752 E
832 718 1014 760 piscopqrum
1028 740 1038 756 ,
1057 721 1122 755 &a
1135 727 1184 761 in—

187 775 235 797 ter
245 765 380 807 majores
393 764 535 797 Ecclesiae
547 763 652 797 causas
674 763 827 797 recenseri
847 763 1070 804 Episcoporum
1082 770 1183 792 trans-

190 808 326 840 lationes
335 830 344 844 ‚
357 818 391 840 ac
402 807 521 839 senium
533 808 884 845 mutationes,c.0mnis
891 809 940 847 qui
946 804 1094 845 gemebat,
1110 806 1184 839 c.Et

187 855 330 893 temporis
338 851 471 894 qualitas
482 860 511 887 7.
519 862 545 890 q.
554 862 564 882 i
571 863 607 883 .c.
621 850 707 894 ,Quod
717 851 949 883 translationem
961 849 997 882 de
1004 849 1080 890 offic.
1090 848 1183 887 legat,

184 896 222 928 (θ’
233 894 408 936 irtfiead.per
417 904 471 926 toti
483 892 624 926 11n01.h1'c
634 904 696 935 n.5,
709 896 742 926 ὅ(
752 894 869 935 reliqui
879 903 990 925 onmes
1002 915 1010 922 .
1140 932 1161 940 .-

144 950 164 977 9
213 938 343 980 Qiarto
353 949 432 971 nora
440 938 485 974 ibi
495 958 506 974 ‚
519 938 706 979 Episcopum
717 935 982 978 Archiepiscopum
992 957 1002 973 ,
1012 934 1072 970 im&
1081 943 1183 982 P⁰²f¹fs

185 981 489 1023 dearchiepiscopare
497 980 683 1021 presumens,
693 981 725 1015 in
736 980 947 1023 dignitatibus
954 977 1182 1027 ‚Ecclesiasticis

189 1037 255 1058 non
267 1027 326 1057 esse
338 1025 462 1059 licitum
473 1024 671 1062 descendere,
684 1025 715 1060 id
727 1024 768 1058 est
779 1047 790 1062 ‚
799 1026 838 1056 de
846 1023 964 1065 majori
973 1023 1010 1054 ad
1022 1031 1183 1069 minorem

188 1069 318 1104 transire
328 1090 338 1105 ,
360 1078 394 1100 ut
404 1066 455 1102 hic
466 1068 508 1099 est
518 1067 700 1107 expressum,
710 1070 742 1100 δέ
755 1068 788 1101 in
799 1067 1007 1108 cap.Legimus
1015 1063 1111 1107 infin.
1124 1065 1181 1096 ibi:

2067 42 2157 86 313

1223 116 1299 145 dum
1310 118 1452 147 nondum
1462 114 1639 152 effluxerat,
1649 115 1698 147 sed
1711 113 1812 147 adhuc
1822 112 2001 155 supererant
2011 116 2059 148 sex
2070 119 2138 150 dies
2147 139 2158 154 ‚
2170 119 2220 150 in<

1224 155 1269 188 fra
1277 167 1358 199 quos
1368 158 1447 195 bene
1459 158 1537 194 illud
1548 159 1698 198 suscipere
1707 157 1902 199 poterat.Sed
1912 158 1976 195 esto
1986 159 2067 205 ipfra
2077 160 2124 192 sex
2137 171 2225 195 men-
2245 171 2285 206 ις,

1223 199 1267 234 ses
1277 210 1346 235 non
1354 200 1457 235 fuisset
1468 202 1668 236 consecratus
1679 224 1688 238 ‚
1709 211 1816 237 tamen
1827 212 1861 233 ex
1874 212 1923 238 eo,
1934 203 2018 243 quod
2034 203 2144 235 titulua
2160 206 2222 237 ele-

1227 241 1271 280 ἃί
1280 243 1423 275 redactus
1435 245 1510 280 esset
1521 248 1558 277 ad
1570 256 1636 276 tion
1649 245 1792 280 titulum,
1800 254 1866 278 non
1873 244 2012 278 Jicuiffet
2023 247 2054 278 ei
2064 249 2176 279 cedere
2187 247 2224 279 si-

1223 296 1263 320 ne
1274 285 1463 327 austoritate
1474 286 1561 329 Papae
1571 310 1581 326 ,
1592 288 1650 323 nisi
1661 287 1777 319 faileum
1788 288 1863 323 esset
1872 289 2050 326 notorium,
2059 290 2105 321 vel
2118 291 2221 323 decla-

1223 337 1327 364 ratum
1339 339 1391 370 pei·
1401 329 1601 367 sententiam,
1613 341 1649 363 ut
1660 332 1758 364 tradit
1770 331 1888 368 Ant2de
1899 331 2021 367 Butr.in
2033 334 2140 376 c2Nzfi
2150 335 2220 368 ciam

1259 370 1342 406 idem
1348 371 1493 412 n.8.verſs
1507 372 1640 413 Infirtur-
1650 373 1779 413 secundo
1789 373 1826 405 de
1834 378 2001 410 renuntiat.

1265 413 1384 447 Rursus
1403 414 1523 448 dietum
1543 416 1584 451 est
1603 416 1773 453 cessionem
1795 417 1996 459 Episcopatus
2017 429 2083 452 non
2094 420 2163 461 *effe
2174 421 2228 455 adq
2248 429 2283 463 15

1222 457 1412 491 mittendam
1424 480 1434 494 ,
1454 459 1530 499 quia
1550 458 1727 501 hujusmodi
1747 460 1895 494 transitus
1914 463 1952 494 ab
1971 462 2158 505 Episcopatu
2178 466 2218 498 ad

1222 500 1379 532 minorem
1399 500 1592 541 dignitatem
1613 501 1657 533 est
1676 512 1790 538 contra
1808 503 1976 541 Canonica
1997 506 2140 539 instituta
2149 529 2159 544 ,
2180 517 2216 540 ut

1222 542 1273 574 liic
1283 565 1293 579 ,
1316 544 1348 574 &
1360 543 1394 576 in
1406 547 1545 576 concord
1551 544 1677 579 antibus
1687 545 1703 576 s
1701 547 1884 586 upracitatis
1897 547 1930 583 in
1941 559 2056 590 quarto
2065 549 2219 587 notabili,-

1222 596 1280 618 nec
1306 587 1370 621 ulla
1391 586 1519 621 affertur
1539 588 1630 619 causa
1651 610 1660 624 ‚
1687 598 1754 628 quae
1774 588 1921 631 justificet
1943 594 2185 630 translationem
2206 605 2216 630 3

1221 631 1392 666 &tamem
1410 640 1444 661 ut
1456 630 1572 671 legitur
1582 631 1616 663 in
1633 640 1700 672 cap.
1711 634 1907 670 Mutationes
1916 643 1946 672 7.
1956 644 2002 672 qu,
2018 646 2044 668 ι.
2064 637 2219 674 m'utatio-

1222 682 1275 704 nes
1289 672 1511 714 Episcoporum
1522 674 1634 707 scitote
1654 675 1820 707 communi
1830 675 1993 714 utilitate,
2012 689 2107 721 atque
2117 681 2223 715 neces·
2244 684 2282 719 16

1220 715 1310 755 sitate
1322 716 1388 748 fieri
1402 716 1518 755 licere,
1540 716 1577 749 ὠ
1596 717 1700 759 infra‘:
1722 717 1800 753 Non
1820 719 1907 752 enim
1917 720 2027 754 transit
2037 725 2074 755 de
2085 723 2219 759 civitate
2267 725 2271 727 ’

1221 761 1260 790 ad
1279 759 1448 796 civitatem
1461 783 1472 797 ,
1495 771 1552 792 nec
1573 760 1762 795 transfertur
1779 764 1819 798 de
1846 762 1966 795 minori
1988 766 2025 796 ad
2046 767 2198 808 majorem
2208 790 2219 804 ,

1220 803 1275 842 qui
1286 802 1345 834 lioc
1359 813 1424 835 non
1437 804 1577 841 ambitu,
1599 814 1657 836 nec
1673 804 1797 846 propria
1807 805 1973 838 voluntate
1983 805 2061 842 facit
2073 831 2083 845 ,
2103 809 2152 843 sed
2164 820 2219 842 aut

1221 845 1253 877 vi
1263 846 1279 877 a
1289 847 1414 887 propria
1423 846 1500 881 Sede
1513 848 1614 888 pulsus
1626 870 1635 884 ‚
1656 857 1710 881 aut
1721 849 1904 888 necessitate
1926 849 2054 882 coaetus
2063 873 2073 887 ,
2093 862 2147 884 aut
2157 853 2220 885 uti-

1221 888 1311 924 litate
1327 890 1410 927 loci,
1431 900 1484 922 aut
1499 891 1617 933 populi,
1629 901 1694 923 non
1704 891 1831 932 superbe
1841 915 1851 930 ,
1866 892 1914 927 sed
1926 893 2089 930 humiliter
2101 895 2138 927 ab
2150 895 2222 931 aliis

1223 933 1393 973 translatus
1403 956 1414 973 ,
1433 935 1465 965 ὃ(
1487 933 1721 973 inthronizatus
1741 934 1784 967 est
1803 958 1812 972 ,
1846 938 2022 970 concordat
2042 946 2110 979 cap.
2130 940 2221 972 Scias

1215 973 1319 1017 frater
1337 975 1443 1007 eadem
1461 976 1541 1018 sauſs
1561 977 1597 1010 Φ
1613 976 1705 1018 quaest,
1718 978 1755 1011 <5²
1765 988 1830 1020 cap.
1849 980 1977 1023 Qanto
1988 979 2073 1024 infrd
2082 980 2145 1013 eod.
2156 982 2200 1013 ibi
2211 1005 2220 1019 ‚

1221 1019 1296 1051 Nan
1307 1022 1385 1051 enim
1397 1019 1478 1052 homo
1490 1042 1499 1057 ,
1512 1020 1571 1062 sed
1581 1023 1665 1060 Deus
1668 1021 1800 1063 ᾕρηται
1808 1045 1818 1059 2
1829 1025 2063 1063 ques>Romanus
2073 1024 2221 1064 Pontifex

1224 1062 1295 1101 (qui
1304 1074 1361 1094 non
1370 1066 1439 1104 puri
1451 1063 1600 1102 hominis,
1617 1064 1674 1106 sed
1684 1067 1753 1099 veri
1763 1067 1828 1105 Dei
1837 1068 1936 1100 vicem
1951 1069 2032 1106 gerit
2051 1069 2187 1101 interris
2208 1069 2220 1108 )

2245 1033 2284 1066 17

186 1111 257 1153 Qii
268 1112 460 1153 provehitur,
470 1112 508 1142 de
519 1111 638 1143 minori
649 1115 685 1144 ad
697 1112 798 1153 majus
805 1109 998 1152 provehitur,
1011 1120 1026 1139 2:
1036 1106 1133 1149 3.d.·st.
1145 1107 1183 1140 ΕΤ
1220 1108 1250 1137 E
1253 1107 1425 1157 eclesiarum
1436 1109 1603 1157 nefeffitazte
1613 1109 1684 1158 ,vel
1694 1109 1834 1159 utilitate
1842 1108 1968 1150 pensata
1980 1133 1989 1146 ,
2001 1122 2058 1159 tion
2070 1109 2201 1160 humapa
2209 1135 2220 1149 ‚

186 1158 219 1186 in
229 1164 293 1195 cap.
306 1155 395 1186 Licet
405 1174 414 1189 ,
435 1153 515 1194 verfi
527 1154 652 1199 Quodfi
660 1154 704 1186 ad
713 1153 857 1191 majorem
867 1175 878 1190 ‚
898 1154 930 1184 &
942 1152 987 1183 ibi
998 1151 1085 1193 gloss.
1099 1163 1127 1182 ι.
1138 1153 1184 1182 in-
1212 1148 1269 1190 sed
1281 1148 1394 1181 divina
1407 1152 1698 1191 potcu‚rau[1›oraetate
1708 1150 1847 1200 diffolptt
1858 1176 1865 1190 .
1888 1154 1985 1195 quue
2009 1164 2074 1194 iure
2092 1165 2221 1193 merito,

178 1195 236 1238 fra'
246 1196 343 1231 eodem
355 1220 363 1233 ,
387 1198 473 1229 Butr.
485 1199 518 1229 &
530 1198 621 1229 smol.
632 1196 679 1229 hic
690 1208 769 1236 num.
780 1195 899 1236 7.Nam
910 1195 1065 1236 gradatim
1077 1200 1183 1226 cente-

184 1248 299 1275 rutitur
318 1242 473 1279 honores,
493 1241 515 1272 l.
527 1241 571 1275 Ut
584 1240 765 1280 gradatim,
779 1238 816 1282 ff
836 1237 872 1272 de
891 1249 1002 1272 muner.
1024 1237 1062 1271 (ῥ’
1081 1237 1183 1276 honor.

184 1286 269 1326 quod
283 1282 378 1318 latius
388 1284 622 1316 examinabitur
643 1283 722 1316 infra
732 1295 763 1315 n.
776 1292 822 1324 15.

227 1328 271 1359 Ex
281 1328 341 1358 lioc
354 1326 456 1359 infero
467 1330 502 1358 ad
515 1328 647 1359 dubium
667 1327 858 1368 propositum
878 1326 911 1358 in
933 1323 1183 1373 sacracongre3

185 1370 315 1412 gatione
339 1381 442 1403 rerum
463 1370 738 1403 Confistorialium
768 1370 877 1402 habita
896 1369 948 1401 die
973 1371 1022 1400 28.
1043 1369 1184 1409 Januarii

190 1419 279 1455 1649.
291 1414 377 1455 super
403 1414 539 1446 tranfitu
560 1413 659 1447 Eieeti
678 1413 785 1446 Sancti
805 1413 914 1454 Jacobi
933 1411 1075 1460 deCuba
1088 1411 1121 1444 in
1133 1411 1183 1443 In—

185 1458 248 1490 diis
260 1457 526 1490 Occidentalibus
548 1461 582 1489 :id
605 1457 831 1490 scholasticam
841 1455 985 1495 Ecclesiae
997 1457 1185 1488 §alamanu-

186 1512 251 1535 nae.
272 1499 356 1534 Facti
366 1500 458 1532 series
471 1499 510 1532 sic
521 1501 670 1533 seliabet.

227 1543 389 1582 Martinus
400 1546 436 1576 de
447 1543 568 1585 Celaga
578 1544 699 1576 Ocariz
710 1544 726 1576 a
737 1543 826 1585 Rege
837 1542 1013 1575 Catliolico
1023 1542 1183 1584 praesenta*

186 1598 237 1620 tus
247 1590 284 1620 ad
295 1586 411 1625 distant
433 1586 604 1624 Ecclesiam
623 1587 775 1629 &jacobi
786 1610 796 1624 ‚
820 1586 881 1619 fuit
901 1588 939 1618 dc
951 1597 987 1618 ea
999 1586 1137 1634 provisus
1151 1586 1184 1618 in

184 1630 385 1664 Consistorio
406 1631 458 1666 die
482 1642 530 1663 20.
551 1630 745 1663 Novembris
761 1630 918 1671 1645.qui
931 1639 1037 1662 tamen
1059 1631 1111 1661 die
1133 1641 1184 1662 22.

183 1673 338 1710 Octobris
361 1673 546 1710 immediate
577 1675 780 1714 praecedentis
802 1673 904 1705 fuerat
926 1673 1125 1714 praesentatus
1146 1675 1182 1705 ad

185 1718 303 1754 difflatu
323 1717 550 1750 Scholasticam
565 1717 710 1755 Ecclesiae
720 1716 942 1749 Salamantinae
955 1728 963 1754 3
983 1717 1034 1749 die
1048 1716 1122 1748 vero
1134 1719 1183 1748 28.

187 1760 376 1794 Decembris
395 1760 533 1801 ejusdem
554 1761 630 1792 anni
650 1760 815 1792 constituit
837 1768 1056 1793 procuratores
1068 1761 1132 1791 tani
1146 1762 1183 1791 ad

189 1805 365 1836 cedendum
390 1803 450 1845 juri
473 1803 528 1834 sibi
551 1804 748 1844 competenti
769 1808 805 1835 ad
818 1804 934 1835 didam
956 1803 1127 1840 Ecclesiam
1147 1806 1186 1835 de

183 1848 296 1884 Ciiba,
316 1846 411 1888 quam
431 1848 468 1879 ad
490 1850 719 1887 procurandam
747 1847 957 1887 provisionem
977 1846 1067 1879 dictae
1087 1846 1185 1880 Scho-

182 1889 319 1923 -la‘sticaez
343 1889 517 1924 &subinde
536 1900 582 1929 14.
595 1890 677 1931 Maji
702 1890 989 1932 1646.supplicatio
1010 1893 1096 1931 super
1116 1900 1184 1931 pro-

186 1933 305 1967 visione
316 1931 449 1972 eiusdem
460 1932 657 1967 Scholasticae
670 1934 815 1975 expedita
826 1934 885 1967 suit
897 1956 907 1969 ‚
921 1934 952 1964 in
962 1943 1026 1974 qua
1036 1935 1184 1975 leguntur

185 1977 280 2013 verba
292 1974 490 2017 infrascripta
501 1998 510 2013 ,
532 1975 682 2008 videlicet
695 1988 701 2011 ;
714 1977 873 2018 Supplicat
887 1977 1006 2017 igitur,
1027 1977 1182 2009 &c.Mar-

186 2019 295 2056 tinus,
314 2020 376 2050 &c.
389 2018 512 2051 Eledtus
523 2018 791 2060 sanstiJacobide
811 2019 923 2056 cuba,
944 2023 1007 2052 &c-
1026 2020 1184 2061 quatenus

186 2062 242 2094 sibi
255 2085 265 2099 ,
275 2062 331 2102 qui
344 2061 494 2094 electioni
505 2064 543 2093 de
555 2062 606 2093 sua
615 2063 743 2103 persona
754 2065 791 2095 ad
803 2063 975 2101 Ecclesiam
989 2063 1084 2095 sancii
1097 2064 1184 2103 Jaco-

187 2107 265 2143 bide
276 2105 370 2137 Cuba
381 2104 570 2137 auctoritate
582 2105 764 2146 Apostolica
783 2106 869 2143 faeta:
880 2116 1010 2137 munere
1023 2107 1184 2140 consecra-

188 2149 288 2181 tionis
298 2148 432 2180 minime
443 2148 582 2189 suscepto
592 2149 792 2182 renuntiavit
803 2172 812 2185 ,
822 2149 985 2191 specialem
994 2150 1129 2190 gratiam
1141 2149 1184 2182 fa-

189 2192 305 2224 ciendo
315 2213 326 2229 ,
344 2193 407 2225 &c-
418 2191 642 2228 Scliolasticam
653 2191 828 2232 praedictam
840 2191 985 2224 conferre
996 2215 1006 2229 ,
1016 2192 1183 2234 secumque

184 2234 331 2276 desuper,
351 2244 508 2275 quatenus
527 2245 604 2275 opus
616 2234 672 2271 sit,
693 2236 869 2276 opportune
889 2235 1060 2276 dispensare
1071 2237 1183 2277 digne-

185 2279 267 2310 mini
278 2300 287 2313 ,
307 2280 370 2310 δίε.
379 2277 446 2318 Ipso
457 2277 590 2314 nuncin
610 2279 744 2319 pacifica
754 2279 935 2319 possessione
948 2280 1160 2319 perseverante
1172 2303 1182 2316 ,

187 2313 257 2354 Rex
270 2320 458 2354 Catholicus
476 2323 513 2352 ad
525 2320 641 2352 diistam
654 2322 824 2354 Ecclesiam
840 2321 935 2354 sancti
947 2322 1057 2363 Jacobi
1068 2325 1105 2355 de
1117 2322 1182 2355 Cu-

188 2367 228 2396 ba
237 2365 285 2396 uti
296 2375 463 2396 vacantem
484 2375 536 2405 per
557 2365 686 2400 liberam
696 2365 763 2406 ejus
773 2365 944 2403 cessionem
955 2366 1051 2403 alium
1063 2367 1182 2407 presen-

185 2417 265 2440 tavit
279 2431 286 2438 .

226 2450 418 2481 Dubitatum
428 2449 482 2486 est,
490 2450 645 2493 numquid
658 2450 796 2484 Eeciefia
807 2451 902 2483 sancti
915 2452 1023 2493 Jacobi
1036 2462 1137 2489 vacet,
1148 2455 1180 2485 ἃς

188 2495 361 2534 quomodo:
372 2494 567 2534 &quatenus
578 2502 644 2526 non
656 2504 801 2533 vacet‚an
811 2495 906 2526 ceffio
915 2495 1007 2528 eleeti
1019 2495 1054 2527 sir
1069 2500 1103 2528 ad
1110 2498 1181 2528 mit-

187 2539 283 2569 tenda
294 2560 301 2567 .

231 2579 360 2615 Dictum
369 2578 411 2611 est
421 2577 524 2620 primo
536 2601 546 2614 ‚
568 2578 739 2614 Ecclesiam
760 2580 840 2619 lianc
854 2592 920 2613 non
933 2592 1044 2616 vacare
1055 2593 1108 2624 per
1118 2583 1180 2615 ces-

183 2623 304 2657 sionem
316 2645 325 2659 ,
335 2622 411 2663 quia
421 2621 474 2653 etsi
486 2621 602 2653 εῐεέὶιις
611 2623 733 2655 dederit
745 2626 928 2656 mandatum
941 2627 976 2657 ad
991 2629 1180 2663 cedendum,

187 2677 295 2698 tamen
308 2665 422 2697 nullibi
433 2674 557 2706 apparet
575 2665 754 2707 hujusmodi
774 2665 969 2711 cessionem&
981 2669 1180 2701 Sanetiffimo

186 2709 274 2741 fuisse
293 2709 473 2741 admissam:
496 2719 570 2739 naui
593 2709 630 2739 in'
648 2708 874 2749 supplicatione
895 2712 1095 2744 renuntiatio
1113 2713 1172 2745 fuit

185 2752 369 2794 simpliciter
380 2761 507 2789 narrata
517 2773 527 2788 ,
539 2761 596 2783 nec
607 2762 663 2792 pro
679 2752 763 2790 illius
776 2753 960 2785 admissione
974 2754 1181 2794 supplicatim

187 2796 248 2829 fuit
259 2818 268 2832 ,
290 2795 337 2827 sed
352 2796 576 2827 tantummodo
587 2806 641 2836 pro
652 2795 828 2835 provisione
841 2795 1037 2828 Scliolasticae
1050 2800 1180 2839 ,prxevia

186 2839 414 2880 dispensatione
431 2860 442 2875 ,
470 2848 626 2879 quatenus
645 2849 722 2878 opus
751 2838 825 2870 esset
842 2862 851 2870 .
884 2838 922 2870 Et
942 2839 1097 2872 Sanctitas
1119 2842 1180 2873 Sua

188 2883 418 2923 provifionem,
454 2883 486 2913 ὃ(
508 2881 770 2923 dispensationem
789 2882 921 2923 petitam
940 2883 1111 2920 concessit,
1131 2885 1178 2917 sed

190 2925 461 2957 renuntiationem
478 2924 662 2959 nullatenus
678 2925 800 2957 admisit
811 2947 821 2962 ,
851 2935 943 2966 prout
960 2926 1177 2967 requirebatur

189 2970 224 3000 ad
238 2969 296 3001 lioc
308 2990 318 3004 ,
336 2974 373 2999 ut
385 2968 520 3001 Ecclesia
534 2979 680 3005 vacaret,
700 2979 733 3001 ut
753 2979 817 3010 cap.
837 2967 922 3005 Inter
931 2971 1118 3011 corporalia,
1143 2969 1180 3003 (ῥ’

188 3021 252 3051 cap.
265 3012 317 3041 ult.
329 3011 412 3051 infra'
420 3012 482 3042 eod.
496 3012 650 3053 Alioquin
667 3011 835 3053 Episcopus
845 3035 855 3049 ,
875 3012 930 3053 qui
941 3013 1064 3053 propria
1074 3014 1178 3045 aucto-

190 3054 284 3085 ritate
295 3054 462 3087 teliorasua
473 3055 611 3090 Ecclesia
621 3058 657 3086 ad
670 3055 765 3087 aliam
775 3056 804 3092 se
823 3055 971 3088 transfert
981 3077 991 3092 ‚
1011 3065 1117 3089 carere
1127 3059 1181 3088 de-

191 3098 241 3128 bet
254 3106 407 3137 utraque,
426 3107 461 3129 ut
483 3098 628 3130 statuitur
648 3098 729 3130 insrci
747 3109 771 3130 c.
782 3098 923 3147 Qanto.

225 3139 378 3170 Similiter
387 3139 505 3172 diCtum
515 3142 557 3173 esi
567 3144 710 3174 eamdem
729 3141 900 3174 Ecclesiam
921 3152 986 3173 non
1008 3151 1118 3174 vacare
1139 3145 1179 3175 ob

191 3193 256 3215 non
270 3182 440 3222 susceptum
450 3193 566 3216 munus
576 3185 826 3217 consecrationis
847 3185 928 3216 infixi
949 3185 997 3216 sex
1011 3186 1130 3218 menses
1143 3191 1179 3219 ad

191 3225 398 3266 praescriptum
415 3237 440 3256 c.
456 3227 609 3270 Qoniam
621 3228 750 3269 75.dist.
762 3239 826 3270 cap.
846 3230 1001 3272 Quoniam
1022 3239 1088 3260 100.
1110 3229 1179 3271 dlst.

189 3273 221 3300 δέ
237 3267 381 3303 Concilii
392 3267 843 3313 Trid.'seff.,23.cap.2.qua·ndo
851 3272 979 3312 quidem
991 3276 1028 3304 de
1039 3271 1097 3303 lioc
1110 3276 1162 3304 nul
1171 3293 1182 3298 -

189 3311 313 3347 latentis
322 3310 463 3351 constat:
484 3313 639 3349 consessio
648 3315 733 3347 enim
745 3315 835 3347 eletsti
847 3314 927 3346 satira
938 3316 970 3346 in
982 3315 1180 3358 supplicatio-

185 3362 228 3386 ‘ne
237 3354 398 3386 emanavit
407 3354 459 3386 die
482 3365 528 3395 ¹4·
548 3355 631 3397 Maii
653 3362 743 3397 1646.
754 3361 787 3392 &
796 3359 932 3400 provisio
944 3359 975 3389 in
986 3357 1180 3400 Consistorio

190 3398 272 3429 sacta
294 3398 394 3429 fuerat
415 3398 467 3429 die
488 3409 539 3429 20.
550 3397 741 3433 Novembris
761 3401 944 3433 immediate
964 3403 1178 3441 praecedeutis,

183 3443 222 3473 ἀ
233 3441 273 3473 sic
284 3441 423 3474 semestre
433 3450 554 3482 tempus
564 3444 602 3474 ad
612 3452 724 3477 munus
741 3445 994 3478 consecrationis
1013 3444 1178 3486 suscipien-

127 1338 163 1360 10

125 2461 158 2483 11

1219 1193 1296 1233 quia
1308 1194 1471 1225 dissolutio
1491 1194 1662 1235 spiritualis
1673 1195 1839 1237 conjugii,
1859 1206 1956 1238 quam
1977 1195 2064 1231 Deus
2075 1197 2222 1240 suojudi-

1220 1236 1275 1269 cio
1285 1236 1454 1275 reservavit
1465 1260 1474 1274 ,
1496 1248 1530 1269 ut
1543 1238 1575 1277 in
1587 1248 1653 1279 cap.
1666 1240 1749 1270 Inter
1760 1240 1931 1280 corporalia
1942 1238 2028 1281 infra*
2037 1242 2098 1276 eod,
2115 1241 2222 1282 requi-

1221 1280 1263 1311 rit
1283 1280 1406 1312 causam
1426 1290 1575 1321 gravem,
1599 1281 1677 1314 sicut
1689 1281 1824 1323 requirit
1841 1281 2005 1315 dissolutio
2016 1283 2219 1318 matrimonii

1220 1323 1357 1355 carnalis
1369 1334 1434 1356 non
1446 1324 1670 1362 consummati,
1683 1334 1717 1356 ut
1731 1333 1862 1357 notatur
1874 1325 1907 1357 in
1918 1327 2044 1367 cap-Ex
2057 1325 2174 1367 publico
2183 1327 2221 1360 de

1220 1366 1366 1408 Convers.
1376 1367 1524 1406 conjugat,
1537 1368 1674 1409 Ideoque
1687 1367 1908 1400 inevitabilem
1928 1369 2145 1402 necessitatem
2155 1371 2220 1404 exi-

1221 1409 1268 1450 git
1280 1432 1289 1446 ‚
1301 1412 1412 1442 text.in
1421 1413 1577 1451 capsum
1585 1414 1647 1444 vir.
1660 1421 1688 1449 7.
1701 1421 1728 1449 ‘1-
1743 1422 1768 1444 ι.
1781 1411 1820 1445 Et
1830 1412 1924 1444 aliter
1934 1411 2086 1445 transiens
2098 1413 2219 1448 dicitur
2242 1417 2282 1451 18

1221 1453 1390 1494 spititualis
1401 1455 1524 1487 adulter
1535 1476 1544 1491 ,
1566 1465 1601 1487 ut
1613 1455 1658 1487 ibi
1669 1477 1679 1492 ,
1698 1457 1732 1488 &
1751 1455 1786 1493 iti
1795 1464 1863 1498 cap·
1874 1457 1963 1494 Sicut
1973 1456 2106 1494 alterius
2116 1457 2221 1497 eadem

1221 1497 1302 1535 caus.
1313 1499 1351 1528 (θ’
1360 1507 1409 1535 qu.

1265 1539 1425 1572 Postremo
1444 1540 1564 1573 dietum
1586 1541 1647 1577 est,
1671 1541 1900 1582 provisionem,
1923 1553 1959 1576 ut
1978 1543 2159 1585 praefertur‚
2180 1544 2226 1579 fa·
2246 1553 2288 1586 ις

1221 1582 1304 1615 &am
1315 1585 1353 1615 de
1371 1583 1562 1617 Scholastica
1572 1585 1631 1621 esse
1641 1585 1883 1627 subreptitiam
1902 1587 1979 1628 quia
1988 1588 2104 1625 electus
2113 1599 2222 1626 narra*

1222 1627 1267 1658 vit
1281 1626 1552 1668 insupplicatione
1564 1629 1592 1660 se
1612 1630 1803 1662 renuntiasse
1825 1630 1886 1670 iuri
1908 1630 1962 1663 sibi
1972 1631 2172 1673 competenti
2184 1634 2223 1665 ad

1222 1669 1394 1704 Ecclesiam
1410 1673 1448 1703 de
1468 1670 1579 1704 Cuba:
1601 1682 1669 1713 quae
1688 1673 1783 1705 verba
1802 1673 2028 1714 intelliguntur
2046 1676 2084 1711 de
2104 1685 2222 1711 renun-

1222 1713 1359 1748 tiatione
1370 1713 1472 1746 valida
1483 1737 1492 1751 ,
1513 1715 1535 1746 l.
1545 1725 1576 1755 4.
1589 1719 1616 1752 §.
1627 1714 1865 1748 Condemnatum
1875 1739 1885 1754 ,
1898 1715 1937 1760 ff.
1948 1719 2000 1755 De
2009 1729 2042 1753 re
2049 1717 2177 1756 iudicat.
2188 1720 2224 1752 δι’

1222 1766 1329 1788 tamen
1340 1757 1540 1791 renuntiatio
1560 1757 1622 1793 fuit
1635 1759 1722 1791 nulla
1732 1782 1742 1796 ,
1763 1760 1838 1795 cum
1858 1770 1912 1802 per
1922 1760 2034 1802 Papam
2047 1772 2113 1794 non
2122 1761 2221 1796 fuerit

1222 1801 1371 1837 admissa,
1392 1811 1427 1832 ut
1439 1801 1473 1833 in
1482 1800 1513 1839 d.¹
1521 1812 1588 1842 cap.
1605 1801 1820 1846 Quantoinfra'
1829 1802 1894 1837 eod.
1914 1803 1986 1836 Nec
2009 1806 2114 1846 potuit
2125 1807 2225 1848 appel-

1223 1844 1280 1875 lari
1291 1844 1493 1877 renuntiatio
1507 1867 1516 1881 ‚
1537 1847 1570 1878 δε
1590 1845 1629 1878 sic
1652 1845 1714 1880 fuit
1730 1847 1897 1888 obreptum
1910 1847 2014 1889 Papae,
2036 1859 2073 1880 ex
2093 1849 2222 1884 traditis

1223 1896 1274 1927 per
1286 1887 1365 1918 Abb.
1379 1888 1412 1918 in
1422 1887 1499 1928 conſs
1512 1891 1563 1926 98.
1576 1891 1611 1921 In
1621 1887 1691 1929 casu
1701 1900 1781 1925 num,
1793 1889 1926 1932 4.infin.
1938 1894 1976 1923 (T
1992 1903 2071 1924 num·
2086 1891 2221 1934 50.verfi

1222 1931 1296 1961 Non
1317 1927 1412 1972 obstat
1424 1930 1587 1971 secundum
1608 1935 1756 1965 motivum
1772 1933 1825 1966 lib.
1849 1944 1874 1966 1.
1886 1934 2101 1967 Sanetimmus
2114 1946 2221 1969 autem

1221 1974 1359 2015 providit
1369 1976 1407 2006 de
1415 1974 1606 2007 Scholastica
1617 1985 1689 2007 cum
1702 1976 1856 2017 supposito
1867 1978 2121 2011 renuntiationis
2133 2001 2142 2015 ,
2162 1980 2221 2012 sci-

1222 2017 1297 2049 licet
1310 2017 1419 2050 vaiidae
1431 2037 1451 2054 ,·
1463 2018 1510 2050 sed
1524 2029 1590 2050 non
1599 2019 1788 2060 dispensavit
1798 2031 1871 2052 cum
1882 2031 1940 2058 eo,
1961 2032 1995 2054 ut
2015 2033 2082 2054 non
2096 2022 2220 2055 obstan-

1221 2071 1251 2093 te
1263 2084 1271 2096 ,
1281 2061 1366 2101 quod
1379 2061 1479 2094 adbuc
1491 2062 1642 2094 retineret
1652 2063 1883 2104 Episcopatum,
1893 2064 1988 2105 posset
2001 2065 2117 2107 assequi
2131 2066 2218 2101 aliud

1222 2105 1411 2136 beneficium
1429 2105 1670 2146 incompatibile
1682 2130 1689 2137 .

1264 2147 1361 2178 Porro
1383 2147 1404 2178 si
1426 2148 1541 2180 elestus
1564 2148 1655 2181 antea
1676 2150 1807 2185 cessisset
1818 2150 2015 2192 Episcopatui
2029 2155 2066 2184 de
2088 2153 2221 2187 licentia

1219 2189 1341 2221 Summi
1363 2189 1546 2228 Pontificis,
1566 2194 1599 2224 δε
1618 2191 1721 2225 multo
1742 2193 1843 2234 postea
1862 2195 1999 2228 cessante
2008 2196 2218 2229 omnifraude

1218 2232 1321 2265 fuisset
1333 2235 1472 2274 provisus
1483 2237 1521 2267 de
1532 2236 1724 2269 Scholastica
1734 2259 1744 2273 ,
1766 2248 1830 2269 non
1843 2238 1978 2272 obstaret
1989 2239 2051 2271 licec
2065 2239 2218 2272 Decreta-

1219 2277 1256 2311 lis
1267 2300 1275 2313 ,
1298 2287 1332 2308 iit
1343 2278 1470 2318 pulchre
1481 2280 1673 2311 determinat
1685 2280 1858 2313 Hossiensis
1869 2281 1918 2313 hic
1937 2293 2017 2313 num.
2029 2288 2059 2314 6.
2072 2283 2125 2315 ubi
2136 2294 2217 2325 quae-

1218 2321 1259 2351 rit
1270 2333 1280 2350 .·
1291 2319 1390 2362 Qiod
1403 2321 1423 2353 si
1437 2322 1696 2363 Archiepiseopus
1706 2334 1741 2355 ex
1757 2324 1834 2366 justa
1845 2324 1936 2357 causa
1946 2325 2047 2362 cessit,
2060 2327 2216 2368 numquid

1216 2364 1245 2395 ei
1260 2364 1376 2404 poterit
1386 2367 1424 2396 de
1436 2365 1622 2406 Episcopatu
1633 2367 1739 2407 aliquo
1759 2377 1892 2399 vacante
1912 2363 2089 2408 provid'cri?
2111 2372 2143 2402 &
2165 2380 2216 2401 re-

1217 2407 1328 2444 solvit,
1350 2410 1450 2448 posse,
1472 2410 1582 2441 dicens
1603 2410 1642 2440 sic
1656 2409 1742 2441 fuisse
1763 2410 1939 2451 judicatum
1951 2410 2216 2452 perCsementem

1217 2449 1272 2481 lV.
1292 2454 1421 2491 quando
1450 2452 1657 2485 Nelsranicus
1685 2452 1946 2494 Arcliiepiscopus
1974 2455 2215 2497 salisburgensis

1218 2494 1306 2527 cessit
1319 2517 1328 2530 ,
1349 2498 1382 2526 ὃ(
1406 2495 1477 2525 Dux
1500 2495 1638 2527 Poionix
1650 2497 1686 2527 :id
1703 2499 1845 2528 eamdem
1866 2496 2036 2530 Ecclesiam
2050 2509 2214 2539 promotus

1216 2538 1344 2573 extitit,
1373 2541 1405 2569 ὅς
1425 2538 1572 2578 praedicto
1593 2538 1837 2579 Archiepiscopo
1857 2542 1895 2572 de
1917 2540 2103 2582 Episcopatu
2122 2542 2215 2584 Jesio'-

1217 2581 1331 2612 niensis
1341 2581 1482 2617 Ecclesia:
1502 2583 1600 2614 etiarn
1611 2582 1712 2614 eidem
1733 2583 1946 2624 Salisbutgen.
1959 2584 2099 2625 subjestae
2113 2587 2215 2626 provi-

1218 2624 1282 2655 sum
1294 2624 1354 2656 fuit
1369 2649 1376 2656 .
1398 2624 1467 2656 Nec
1480 2625 1579 2656 obstat
1592 2647 1600 2661 ‚
1623 2628 1707 2666 quod
1721 2624 1770 2656 liic
1783 2626 1902 2658 dicitur
1914 2638 1925 2663 ;
1937 2628 2011 2668 quia
2021 2628 2054 2659 in
2066 2630 2214 2669 provisio-

1217 2678 1256 2699 ne
1270 2678 1333 2699 non
1344 2668 1686 2708 dearcliiepiscopatur,
1712 2668 1778 2700 imo
1790 2672 1918 2710 quando
1929 2671 2030 2707 cessit,
2052 2673 2211 2705 dearchie-

1217 2710 1483 2751 piscopntussuit,
1504 2714 1537 2744 &
1557 2711 1704 2743 remansit
1726 2712 1851 2744 tantum
1872 2713 2058 2755 Episcopus,
2080 2716 2213 2757 cuipro-

1216 2756 1318 2794 pterea
1331 2753 1418 2786 licite
1430 2758 1467 2786 de
1478 2755 1663 2795 Episcopatu
1673 2756 1876 2795 providetur3
1902 2759 1984 2790 unde
1996 2758 2093 2790 etiam
2104 2759 2145 2791 est
2155 2781 2165 2796 ,
2178 2770 2212 2792 ut

1217 2800 1288 2827 talis
1300 2798 1389 2838 possit
1400 2798 1433 2829 in
1445 2799 1575 2835 alterius
1587 2797 1729 2830 Ecclesiae
1748 2799 1932 2839 Episcopum
1945 2801 2034 2833 licite
2045 2802 2189 2842 postulari
2202 2826 2212 2841 ,

1216 2850 1282 2880 cap.
1295 2839 1363 2882 Post
1373 2843 1492 2873 transla
1499 2844 1607 2873 tionem
1617 2841 1702 2883 tnjm'
1711 2840 1919 2874 dercauntiat.
1931 2853 1995 2885 cap.
2007 2843 2067 2887 fin.
2071 2845 2166 2887 supra'
2176 2846 2214 2879 de

1216 2881 1356 2923 postulat.
1368 2885 1464 2916 Praela
1472 2894 1494 2916 t.
1505 2888 1537 2917 ὅ(
1547 2885 1780 2925 consequenter
1790 2896 1856 2917 non
1867 2887 1967 2919 obstat
1982 2910 1992 2924 ,
2011 2887 2212 2929 quod-videa-

1217 2936 1270 2957 tur
1289 2928 1490 2959 descendere:
1514 2928 1580 2960 imo
1603 2929 1688 2959 enim
1701 2940 1738 2959 co
1759 2939 1917 2970 tempore,
1937 2941 2001 2972 quo
2020 2932 2049 2963 ei
2069 2934 2210 2972 provide-

1216 2980 1268 3003 tur
1279 2994 1288 3007 ,
1309 2981 1374 3003 non
1384 2971 1557 3008 descendit,
1567 2971 1614 3004 sed
1627 2972 1730 3011 potius
1744 2972 1892 3009 ascendit,
1904 2983 1975 3005 cum
1988 2976 2026 3006 de
2038 2977 2126 3007 nullo
2139 2975 2209 3016 Epi-

1217 3014 1343 3054 scopatu
1365 3017 1402 3046 ad
1426 3015 1643 3055 Episcopatum
1667 3016 1832 3052 ascendat,
1857 3027 1986 3058 utpatet
2007 3018 2039 3050 in
2051 3021 2208 3059 cap.1.i71-
2300 3057 2302 3059 ,

1210 3057 1266 3099 fra
1276 3057 1312 3088 de
1320 3057 1497 3089 ordinat.cib
1510 3056 1648 3099 Episcop.
1670 3056 1738 3089 Iino
1759 3058 1792 3090 in
1808 3060 1983 3100 provisione
2003 3072 2067 3093 nori
2080 3061 2205 3101 inspici-
2228 3068 2266 3092 21

1216 3100 1436 3137 turascensus,
1457 3102 1536 3141 quin
1553 3102 1660 3141 potius
1681 3101 1898 3140 sustentationi
1920 3104 2208 3136 necessariaesubve-

1217 3145 1325 3179 iiitur3
1348 3147 1429 3175 unde
1442 3144 1473 3175 in
1487 3144 1543 3175 tali
1557 3143 1626 3175 casu
1638 3144 1733 3176 etiam
1745 3148 1783 3176 de
1796 3145 1972 3178 Parocliiali
1994 3147 2128 3178 Ecclesia
2139 3157 2208 3186 pro-

1217 3187 1359 3222 videtur,
1382 3197 1415 3218 ut
1436 3187 1472 3219 in.
1488 3197 1554 3227 cap.
1576 3186 1633 3218 Ad
1645 3186 1895 3229 supplicationem
1904 3188 1988 3229 infra'
1996 3189 2033 3220 de
2041 3197 2207 3222 renuntiat.

1217 3230 1330 3261 soi·tius
1341 3240 1417 3269 ergo
1427 3232 1464 3261 de
1476 3230 1660 3271 Episcopatu
1670 3253 1679 3267 ,
1702 3241 1768 3272 cap.
1779 3231 1949 3273 pastoralis
1961 3232 2141 3270 7.qu.1.Nec
2153 3235 2208 3266 ob·
2230 3242 2268 3263 22

1217 3273 1292 3309 stat,
1312 3273 1397 3313 quod
1419 3273 1477 3305 linc
1499 3274 1593 3314 posset
1605 3274 1670 3306 fieri
1684 3276 1716 3307 iti
1727 3275 1889 3313 fraudem,
1910 3278 1942 3307 ἃς
1964 3275 2135 3317 aperiretur
2157 3277 2207 3310 via

1217 3316 1406 3351 ambitioni,
1428 3326 1462 3347 ut
1474 3316 1494 3348 si
1506 3318 1620 3350 liabens
1632 3327 1758 3350 tenuem
1772 3317 2083 3359 Arcliiepiscopatum
2096 3330 2206 3360 procu-

1215 3370 1297 3393 raret
1319 3359 1487 3391 ceffionem
1509 3361 1546 3391 ab
1566 3361 1644 3396 hoc,
1667 3372 1700 3392 ur
1721 3362 1816 3402 posset
1837 3361 2014 3401 promoveri
2035 3369 2070 3393 ad
2084 3363 2207 3402 Episco-

1215 3413 1321 3444 patum
1336 3406 1521 3443 locupletem
1535 3414 1544 3440 3
1566 3407 1649 3445 quod
1660 3404 1700 3435 ess
1719 3405 1880 3436 vitandum
1892 3425 1901 3440 ‚
1923 3414 2043 3445 argum.
2055 3417 2078 3436 c.
2103 3407 2205 3447 ann-

1214 3456 1263 3482 to>
1286 3448 1311 3484 §.
1334 3446 1442 3486 penult.
1462 3446 1545 3490 infra'
1560 3448 1597 3480 dc
1617 3448 1729 3481 divort.
1752 3458 1815 3479 cum
1829 3446 1897 3488 fiiis
1907 3447 2092 3494 concordant.
2134 3451 2204 3478 ino-

2055 3501 2141 3523 niam
2152 3512 2162 3526 ,

2240 2166 2283 2189 20
