2397 3664
70 627 129 658 271

62 2872 122 2905 274
141 2862 421 2900 habiliusdicatur,
433 2862 472 2907 ff

719 55 820 116 De
855 54 1090 116 Constit.
1125 74 1175 119 c.
1207 55 1275 115 N
1276 75 1308 117 e
1343 59 1584 119 innitaris
1597 97 1612 118 .

134 148 269 178 ‘wionem
275 144 432 185 propriam
438 140 493 184 effi
505 139 815 184 speciem-contrabius
823 161 835 177 ,
846 144 963 181 merito
967 141 1130 182 prevaluit
1139 161 1149 177 ,

155 188 225 222 ciem
240 186 279 220 (θ’
287 189 300 219 i
299 189 351 229 pse
359 187 432 219 aliis
441 187 614 220 Homericis
627 182 765 227 versibus
772 183 975 223 adjuvaretur
983 205 995 221 ‚
1016 182 1054 218 (ἃ
1063 185 1148 216 vali-

155 229 290 264 dioribus
300 227 468 263 rationibus
483 236 748 268 argumentaretur
755 249 763 257 .
790 226 929 269 Pondera
946 229 1022 260 illud
1041 229 1077 260 ad
1083 238 1150 260 vet-

154 277 243 307 bium
251 295 262 309 ‚
282 273 391 305 meriti»
400 293 410 309 ‚
421 274 515 314 'quod
537 272 621 303 idem
628 272 779 312 importat
792 271 878 311 quod
899 272 1128 303 rationabiliter
1138 291 1151 306 ,

153 320 187 350 δε
196 319 234 350 de
243 318 310 359 jure
319 337 328 353 ‚
338 327 373 349 ut
380 317 402 348 1.
412 315 492 349 Cum
500 313 538 346 de
547 310 670 355 legesffi
679 315 731 346 De
737 311 852 353 probat.
863 314 885 346 l.
896 314 1036 350 Merito,
1038 312 1077 357 ff
1087 317 1151 347 Pro

146 361 232 403 socio
241 381 251 396 ‚
260 361 314 401 l.3.
317 359 357 403 ff
367 361 419 392 De
422 366 499 398 penu
508 357 623 396 legata,
631 357 654 388 l.
661 366 688 389 1.
697 359 724 395 §.
734 358 786 390 De
792 354 1149 402 locopublicfruen·Un-

154 405 192 436 de
202 405 253 436 ille
263 413 365 435 textus
374 400 540 435 efficaciter
550 400 676 441 probat,
697 401 830 432 tationis
840 402 875 433 ὅ(
888 400 961 442 juris
971 401 1031 433 effe
1038 413 1052 436 ‚·
1070 410 1105 433 ut
1115 403 1149 432 in

154 449 377 479 contrarietate
395 445 585 485 opinionum
606 444 769 485 praevaleat
791 445 981 485 probabilior
990 465 999 480 ,
1020 446 1056 477 δε
1077 443 1148 476 soli-

154 492 293 522 dioribus
303 488 494 529 argumentis
504 487 616 518 vallata
625 507 636 521 ‚
655 488 690 519 &
705 486 777 518 ideo
785 487 852 528 jure
861 490 986 528 optimo
996 487 1148 519 sententia

155 534 208 565 illa
218 531 340 564 Proculi
348 530 466 562 dicitur
474 528 531 562 esse
541 530 644 562 verior
653 531 689 562 in
698 530 720 562 Ι.
735 539 761 562 1.
766 530 859 570 prope
859 529 919 574 fin.
931 530 1014 572 verſs
1023 529 1086 563 Sed
1094 542 1148 562 ve-

153 579 236 611 rior,
251 573 289 616 ff·
300 576 351 606 De
359 571 531 606 contrahen.
542 581 632 613 emPt.

195 617 389 659 Vigefimum
400 616 638 649 fundamentum
647 617 810 648 deducitur
817 626 854 648 ex
865 615 1007 649 formulis
1018 616 1146 658 loquen—

153 662 206 696 di,
222 662 334 701 quibus
345 669 475 692 utuntur
485 659 641 692 Dediores
650 659 764 692 classici
773 661 807 691 in
815 661 1019 701 opinionibus
1028 661 1067 691 eli
1071 670 1147 700 gen-

152 707 201 736 dis
209 724 219 739 ,
227 706 261 736 δε
270 705 304 735 in
312 704 492 736 decidendis
500 703 719 745 quaestionibus
727 725 737 734 .
758 702 846 735 Nam
854 703 948 744 gloffa
957 723 967 738 ,
989 703 1146 734 Innocen-

152 750 216 779 tius
226 767 236 782 ‚
257 746 439 788 Speculator
446 747 481 779 δε
501 748 555 779 alii
563 758 600 779 eo
621 747 805 779 celebriores
813 745 993 779 Canonistae
1014 746 1074 778 hoc
1083 744 1146 777 fere

150 790 315 822 observant
326 812 333 820 .
344 790 524 831 Aliquando
532 792 618 822 enim
627 789 807 831 simpliciter
818 788 959 822 referunt
967 791 1067 831 plures
1077 791 1146 830 opi-

151 835 283 868 niones,
303 835 336 866 &
347 834 465 865 nullam
476 832 614 874 expresse
623 834 794 875 approbant
814 845 821 865 :
843 835 877 866 &
887 842 964 865 tunc
979 832 1145 865 censentur

152 877 280 908 transire
290 887 365 909 cum
373 877 424 907 illa
433 897 443 910 ,
462 887 558 918 quam
578 875 736 909 recensent
748 875 874 908 ultimo*
881 877 953 908 loco
960 896 970 911 ,
992 876 1066 918 glos.
1078 875 1144 907 inl.

150 918 324 965 Qifilium
333 921 417 952 circa
419 918 576 962 fin-ffiAd
587 917 951 952 Trebellian.H0stienfis
960 940 969 954 ‚
979 921 1035 960 qui
1045 920 1145 959 loqui-

150 972 202 994 tur
211 965 248 995 de
258 963 461 1004 opinionibus
472 963 652 996 innocentii
659 963 693 994 in
704 974 729 995 c.
737 962 801 995 1.de
807 960 972 1003 poen.lib.6.
983 962 1021 994 Et
1028 964 1067 994 de
1076 965 1145 1003 opi-

150 1006 300 1038 nionibus
320 1006 420 1048 glossae
441 1026 452 1041 ‚
473 1006 654 1039 Innocentii
674 1007 708 1038 &
729 1006 938 1047 Speculatoris
961 1005 1015 1037 scri
1021 1005 1144 1046 pserunt

150 1049 271 1082 Bald.&
279 1049 427 1091 Angel.in
437 1049 499 1081 l-Si
507 1048 587 1082 idem
596 1059 660 1081 cum
670 1048 771 1081 eodem
780 1070 791 1084 ‚
802 1051 827 1086 §.
833 1047 894 1090 fin.
895 1045 934 1091 ff
940 1051 988 1080 De
996 1047 1144 1089 jurisdift.

150 1103 228 1124 omn.
238 1092 330 1131 judic.
340 1091 374 1124 N
377 1092 409 1123 ifi
421 1091 524 1134 primo
533 1093 627 1134 gloffa
636 1102 731 1134 ponat
741 1092 880 1133 aliquam
888 1092 1074 1133 opinionem
1085 1112 1094 1126 ‚
1110 1093 1144 1124 &

149 1136 250 1178 postea
260 1135 399 1176 subjiciat
409 1155 419 1170 ,
438 1136 492 1168 alii
502 1136 611 1168 dicunt
618 1157 629 1171 ‚
650 1136 701 1166 seu
709 1137 837 1177 quidam
846 1137 957 1166 dicunt
969 1146 975 1165 :
986 1134 1060 1176 quia
1068 1144 1143 1166 tunc

149 1181 250 1219 prima
258 1178 399 1210 censetur
409 1181 521 1220 opinio
527 1180 626 1221 gloffae
634 1199 644 1214 ,
657 1188 692 1210 ut
701 1189 753 1220 per
760 1177 815 1219 Jas.
828 1180 861 1209 in
870 1176 901 1209 d.
913 1180 939 1215 ἕ.
942 1176 1002 1220 fin.
1013 1190 1061 1209 nu.
1074 1188 1099 1219 3.
1109 1180 1144 1209 ὃς

149 1221 266 1253 Dec.in
275 1232 299 1253 c.
306 1231 318 1254 1
325 1244 332 1252 .
337 1220 429 1262 prope
429 1220 620 1264 fimsupaeod.
629 1224 682 1254 ubi
692 1223 831 1254 limitant
841 1223 935 1253 etiam
945 1223 1065 1253 duobus
1075 1222 1145 1253 aliis

149 1265 252 1296 modis
261 1287 270 1295 .
279 1265 459 1306 Aliquando
469 1268 673 1307 cogitandum
682 1266 864 1306 relinquunt
874 1285 884 1300 ‚
896 1265 969 1297 cum
980 1275 1038 1306 prae
1048 1266 1144 1297 dubio

150 1317 217 1339 non
234 1310 349 1340 audent
357 1308 476 1349 aliquid
492 1309 699 1342 determinare
708 1331 715 1338 .
738 1308 921 1350 Plerumque
943 1319 1049 1340 autem
1059 1329 1068 1343 ,
1090 1317 1143 1339 aut

110 1361 120 1371 ’
147 1361 243 1382 unam
253 1354 438 1392 opinionem
449 1352 610 1386 refellunt,
631 1354 769 1384 &aliam
790 1350 928 1393 expresse
949 1352 1121 1392 approbant
1133 1372 1142 1385 s

147 1405 201 1426 aut
211 1394 392 1435 simpliciter
402 1398 457 1427 uni
475 1397 629 1428 adhaerent
637 1416 647 1429 ‚
669 1399 703 1428 ἃς
712 1395 877 1427 censentur
894 1398 1087 1427 contrariam
1096 1405 1142 1425 re-

148 1439 277 1478 probare
287 1458 297 1473 ,
319 1437 392 1470 licet
400 1439 433 1470 id
441 1439 522 1472 clare
532 1450 596 1471 non
606 1439 761 1479 explicent
772 1459 782 1473 ,
805 1449 839 1470 ut
851 1448 962 1470 notant
973 1438 1097 1480 Legistae
1108 1440 1142 1469 in

145 1480 200 1512 d.l.
208 1483 247 1513 Si
255 1479 337 1514 idem
345 1492 410 1513 cum
418 1480 519 1515 eodem
528 1504 538 1518 ‚
549 1484 575 1521 §.
581 1480 681 1525 fin.ff.
695 1484 746 1514 De
756 1480 906 1523 jurisdiff.
917 1492 994 1513 omn.
1006 1481 1096 1519 judic.
1107 1482 1141 1514 δέ

147 1522 328 1557 Canonistae
339 1525 373 1557 in
383 1523 415 1557 d.
424 1536 449 1558 c.
457 1525 552 1567 nfirp.
561 1530 625 1558 eoa.
636 1525 852 1567 PorroJuristae
861 1546 871 1560 ‚
883 1525 1046 1566 praesertim
1057 1527 1090 1556 in
1101 1525 1143 1556 le-

149 1566 266 1603 eiuras,
282 1578 320 1600 ex
328 1570 446 1601 duabus
467 1570 671 1610 opinionibus
683 1579 911 1610 nonnunquam
929 1579 1025 1600 unam
1032 1570 1142 1600 dicunt

145 1620 350 1643 communem
359 1633 369 1646 ‚
380 1612 476 1644 aliam
487 1613 665 1644 melioribus
676 1612 849 1644 rationibus
860 1611 1001 1644 fulcitam
1011 1632 1021 1646 ‚
1044 1622 1142 1643 unam

145 1656 304 1686 veriorem
314 1655 371 1686 esse
381 1676 391 1690 ‚
412 1658 582 1697 aequiorem
592 1657 721 1687 alteram
743 1668 750 1687 :
773 1666 870 1688 unam
879 1655 1004 1687 defendi
1017 1655 1096 1696 poffe
1107 1654 1142 1686 in

145 1697 199 1728 via
206 1697 253 1728 dis
253 1700 393 1738 putativa
402 1719 413 1734 ‚
435 1700 485 1731 seu
506 1699 540 1731 in
551 1699 670 1741 punsto
689 1699 766 1740 juris
777 1720 786 1734 ,
808 1698 856 1731 sed
880 1700 1074 1730 contrariam
1096 1697 1139 1729 se-

143 1742 300 1780 quendam
308 1742 364 1773 esse
374 1744 406 1773 in
416 1742 607 1774 consulendo
616 1764 627 1778 ,
637 1742 851 1785 &judicando
860 1763 870 1777 ‚
886 1743 919 1774 ὃς
929 1742 990 1774 alia
1002 1741 1048 1773 his
1058 1741 1142 1773 simi-

147 1783 188 1814 lia
197 1805 205 1813 .
229 1783 271 1815 At
280 1786 333 1816 vix
350 1788 484 1826 reperies
494 1786 633 1818 clafficos
651 1785 838 1818 Canonistas
848 1789 880 1817 in
899 1786 1067 1817 moralibus
1076 1806 1085 1819 ,
1107 1786 1141 1816 ὃς

145 1825 355 1866 spectantibus
364 1830 402 1860 ad
413 1827 541 1860 salutem
552 1832 664 1862 animae
674 1850 684 1864 ,
694 1839 791 1861 unam
802 1828 989 1860 sententiam
999 1828 1141 1869 sequutos

144 1869 230 1901 fuisse
241 1890 250 1905 ‚
260 1873 293 1903 &
303 1871 450 1903 afferuiffe
460 1873 635 1913 oppositam
644 1873 701 1904 effe
711 1873 900 1913 probabilem
911 1893 921 1907 ,
929 1874 962 1905 δέ
972 1873 1011 1903 ad
1022 1873 1141 1913 praxim

106 1920 118 1931 '
141 1914 253 1944 deduci
264 1914 344 1955 posse
354 1936 362 1943 .
386 1915 424 1946 Et
431 1918 578 1956 quamvis
587 1916 660 1957 saepe
670 1915 824 1948 affirment
835 1916 952 1956 aliquid
962 1916 1016 1947 esse
1032 1915 1142 1956 proba-

146 1957 256 1991 bilius,
275 1959 326 1988 seu
335 1957 455 1995 verius3
478 1968 543 1990 non
554 1968 660 1991 tamen
679 1959 978 1994 indelicetinferre,
1000 1958 1142 1990 utsense-

144 2001 209 2030 rint
225 2002 421 2032 contrarium
431 2001 488 2033 esse
510 2004 685 2043 probabile,
707 2012 761 2034 aut
782 2012 913 2037 verum,
935 2003 1141 2044 quemadmo-

144 2044 219 2075 dum
228 2050 388 2084 perperam
395 2046 555 2077 deducunt
563 2047 661 2087 aliqui
671 2056 708 2077 ex
720 2046 948 2077 recentioribus
958 2068 965 2075 .
977 2044 1140 2086 Qiinimo

145 2096 199 2128 per
208 2096 244 2117 ea
253 2088 346 2118 verba
357 2087 520 2119 censentur
528 2090 695 2130 approbare
703 2091 890 2130 opinionem
899 2109 909 2123 ‚
924 2098 1020 2130 quam
1028 2088 1140 2119 dicunt

144 2130 402 2171 probabiliorem,
423 2132 457 2162 &
479 2134 674 2163 contrariam
694 2131 848 2166 refellere,
873 2141 906 2163 ut
916 2142 968 2173 per
986 2132 1030 2173 Jo.
1042 2131 1139 2162 Andr.

143 2173 178 2205 in
186 2173 355 2205 matteras
362 2175 448 2204 col-2.
459 2175 493 2204 in
502 2184 568 2204 ver.
577 2175 703 2206 Melius
712 2194 721 2209 ‚
732 2175 765 2206 ὃς
777 2177 811 2205 in
821 2174 983 2216 glossasup.
995 2174 1059 2205 eod.
1076 2185 1138 2205 ver.

142 2216 194 2248 De
201 2213 298 2255 restit.
302 2214 430 2255 spoliat.
440 2217 474 2247 ὅ(
485 2216 673 2256 probatutin
691 2218 788 2250 Clem.
799 2220 878 2249 unic.
888 2221 921 2249 in
933 2216 992 2260 fin.
1003 2216 1040 2248 de
1049 2219 1139 2249 Sum-

142 2269 194 2290 ma
204 2260 367 2290 Trinitatc
377 2258 414 2291 (ῥ’
423 2256 485 2299 fide
492 2259 656 2291 Catholica
665 2280 675 2295 ,
692 2262 743 2292 ubi
755 2263 787 2292 in
797 2261 931 2293 articulo
939 2262 993 2293 illo
1003 2282 1012 2296 ,
1024 2262 1080 2292 An
1089 2263 1139 2292 in-

137 2299 280 2346 fantibus
289 2304 322 2332 in
340 2302 498 2344 Bapnsmo
514 2302 719 2347 infundantur
735 2306 871 2336 virtutes
881 2325 891 2338 ‚
906 2306 1009 2336 relatis
1019 2305 1138 2336 duabus

143 2347 347 2386 opinionibus
363 2365 374 2380 ,
394 2346 520 2387 eligitur
540 2346 727 2379 affirmativa
747 2357 898 2389 tanquam
919 2347 1107 2389 probabilior
1128 2370 1136 2377 .

143 2387 183 2420 Et
193 2398 297 2420 tamen
308 2388 400 2429 gloffa
410 2390 453 2421 ibi
466 2392 500 2421 in
511 2400 576 2421 ver.
587 2389 796 2430 Dirigendat'n
806 2411 815 2426 2
837 2392 871 2423 &
883 2390 1038 2423 Doetores
1049 2401 1137 2423 com-

142 2433 282 2463 muniter
292 2432 423 2464 afferunt
442 2431 627 2465 sententiam
645 2435 731 2466 illam
741 2434 798 2466 esse
815 2436 852 2467 ab
861 2436 1008 2467 omnibus
1027 2444 1137 2466 tenen-

144 2476 236 2509 dam,
256 2476 289 2506 &
307 2477 655 2517 contratiamrejee‘tam
676 2477 810 2509 censeri.
833 2479 881 2510 Ad
898 2480 982 2510 idem
993 2480 1137 2509 textusin

142 2530 168 2551 c.
179 2518 294 2549 Tertio
300 2518 363 2549 loco
372 2519 406 2548 in
415 2528 482 2549 ver.
492 2518 666 2558 Consultius
675 2520 713 2553 de
720 2521 966 2562 praefhmpt.1mo
980 2522 1136 2563 Juriscon-

142 2561 238 2593 fultus
249 2563 282 2593 in
291 2565 322 2592 a.
332 2564 353 2592 l.
364 2563 402 2593 Si
411 2560 492 2592 idem
501 2572 565 2594 cam
574 2561 677 2595 eodem
686 2584 697 2599 ,
718 2564 900 2606 simpliciter
915 2564 1052 2598 recenset
1061 2567 1136 2596 duas

141 2604 299 2646 oppositas
314 2603 608 2646 Iurisconsultorum
625 2605 810 2643 sententias,
831 2609 865 2641 ὃς
887 2618 1032 2640 neutram
1041 2618 1077 2639 ex
1100 2609 1136 2639 il-

145 2648 182 2679 lis
203 2650 371 2688 approbat,
394 2646 443 2679 sed
465 2646 591 2679 tantum
607 2650 642 2680 in
661 2650 723 2681 fine
738 2652 783 2683 ait
804 2662 812 2682 ε
833 2651 961 2684 illorum
982 2652 1135 2683 sententia

144 2692 332 2732 probabilior
348 2690 407 2723 est.
430 2690 469 2722 Et
484 2700 591 2722 tamen
601 2701 654 2732 pet
668 2692 732 2724 haec
741 2695 836 2727 verba
855 2695 1040 2735 opinionem
1051 2695 1136 2726 illam

144 2734 263 2766 censeri
283 2735 485 2776 approbatam
506 2755 517 2770 ,
542 2745 599 2766 nec
620 2745 813 2777 quemquam
836 2738 915 2778 posse
942 2738 1137 2769 contrariam

144 2777 248 2819 sequi,
270 2778 398 2809 firmant
420 2779 465 2809 ibi
487 2777 569 2809 Bald.
587 2778 697 2819 Angel.
712 2778 767 2819 Jas.
784 2781 817 2811 &
833 2782 937 2813 caeteri
956 2780 1111 2813 Doctores
1127 2803 1135 2811 .

144 2821 182 2853 Et
190 2823 362 2853 concordat
371 2830 472 2854 textus
481 2823 513 2852 in
524 2821 546 2852 l.
556 2824 652 2853 Pater
660 2842 671 2856 ,
692 2820 772 2863 vers.
782 2821 846 2854 Sed
853 2821 1013 2855 videamus
1022 2835 1058 2855 ne
1067 2831 1136 2864 pra-

466 2887 474 2894 .
482 2866 532 2896 De
540 2865 630 2896 evici.
640 2863 709 2896 Nec
734 2863 905 2906 refragatut
914 2874 1016 2898 textus
1027 2869 1059 2898 in
1070 2876 1134 2907 cap.

145 2910 172 2940 C
173 2907 225 2940 um
231 2907 368 2941 Marthae
378 2928 388 2943 ,
397 2905 602 2953 §.Qaefivtsti
611 2906 649 2940 de
656 2906 852 2941 celebratione
860 2906 1037 2949 Missurum.
1048 2910 1135 2942 Nam

145 2950 344 2992 respondetur
356 2971 369 2987 2
382 2953 551 2984 articulum
562 2971 572 2986 ,
592 2953 631 2983 de
639 2951 756 2993 quoibi
765 2972 777 2986 ,
797 2951 945 2984 videlicet
955 2963 962 2982 :
971 2951 1092 2984 Utrum
1100 2953 1136 2985 in

145 2995 349 3027 Sacramento
370 2995 485 3027 Altaris
494 3005 574 3036 aqua
591 3005 665 3026 cum
683 2996 761 3027 vino
781 2994 1047 3028 transmuteturin
1067 2995 1134 3027 san-

146 3038 294 3078 guinem,
314 3048 414 3080 neque
424 3041 462 3071 ad
473 3038 567 3070 fidem
575 3059 584 3073 ‚
595 3037 669 3070 cum
679 3048 743 3070 non
754 3038 790 3070 sit
798 3037 970 3070 diffinitum
978 3039 1017 3071 ab
1025 3038 1134 3071 Eccle-

148 3080 208 3114 sia,
230 3090 329 3124 neque
343 3083 383 3115 ad
392 3091 494 3118 mores
505 3085 674 3123 pertinere.
697 3081 794 3113 Unde
807 3091 873 3113 non
894 3082 1029 3116 mirum,
1051 3082 1133 3114 siin-

145 3133 193 3155 ter
208 3125 392 3164 opinionem
401 3125 662 3157 Scholasticorum
678 3125 730 3157 illa
751 3125 937 3165 probabilior
959 3126 1133 3165 judicetur,

145 3176 213 3208 quae
221 3166 320 3199 asserit
329 3178 445 3210 aquam
453 3178 528 3200 cum
537 3171 617 3201 vino
623 3171 658 3200 in
666 3167 848 3209 sanguinem
857 3168 1055 3200 transmutari
1066 3189 1075 3202 ‚
1096 3170 1129 3201 &

144 3219 254 3242 tamen
275 3211 395 3242 dicatur
405 3221 470 3243 non
491 3211 549 3242 effe
566 3211 816 3246 inconveniens,
835 3211 882 3243 vel
905 3211 1086 3246 absurdum,
1110 3212 1131 3243 si

145 3262 225 3294 aqua
236 3254 268 3284 in
279 3263 405 3293 corpore
416 3254 533 3287 Christi
549 3255 606 3287 esse
613 3257 755 3287 credatur
766 3276 773 3284 .
797 3253 891 3285 Inbis
906 3256 991 3286 enim
1007 3256 1130 3287 licitum

145 3298 186 3327 est
202 3295 286 3337 sequi
294 3298 481 3337 opinionem
495 3297 601 3330 minus
610 3298 799 3340 probabilem
814 3296 982 3329 secundum
1000 3298 1031 3329 S.
1041 3298 1130 3330 Tho-

144 3349 230 3371 mam
239 3360 249 3374 ,
272 3339 533 3373 Innocentium&
544 3342 622 3373 alios
632 3341 835 3383 supracitatos
844 3351 926 3372 num.
939 3345 985 3373 16.
996 3340 1034 3373 Θ·
1045 3341 1128 3383 seqq.

144 3381 292 3414 Praeterea
307 3384 340 3413 in
357 3382 386 3413 d.
398 3384 425 3419 §.
435 3383 609 3427 Qaefiwsti
620 3405 629 3419 ‚
650 3395 687 3416 ex
708 3395 764 3419 eo,
785 3384 870 3426 quod
883 3383 1025 3415 Pontifex
1045 3386 1129 3416 dicat

144 3435 242 3456 unam
260 3426 444 3457 sententiam
459 3428 516 3458 esse
536 3428 790 3467 probabiliorem,
812 3438 876 3459 non
893 3426 1033 3459 censetur
1052 3438 1129 3459 con-

144 3471 273 3501 trariam
282 3469 438 3511 respuere,
460 3472 537 3512 quia
553 3470 611 3502 hoc
621 3470 756 3512 expresse
779 3473 912 3504 declarat
923 3473 958 3503 in
977 3472 1057 3513 verſs
1067 3474 1129 3503 Sea

1189 154 1242 175 nec
1250 146 1432 176 conveniens
1441 165 1455 180 ‚
1474 147 1551 178 ficut
1560 144 1595 176 fit
1604 144 1638 176 in
1647 153 1672 176 c.
1683 144 1842 180 Litteras,
1865 145 1908 178 ibi
1926 156 1934 177 z
1953 146 2024 177 Nos
2032 156 2132 179 autem
2140 147 2181 180 ad

1187 186 1312 226 praesens
1321 185 1437 219 nullam'
1444 187 1481 219 de
1486 187 1640 228 prodistis
1641 187 1807 229 sententiis
1815 187 2007 229 reprobamus
2016 209 2027 225 ,
2037 188 2074 221 de
2083 190 2180 231 restit.

1179 230 1307 271 spoliat.
1318 230 1402 271 Ergo
1410 231 1586 272 oppositum
1599 231 1641 263 est
1650 232 1818 263 dicendum
1827 252 1837 267 ,
1855 231 1928 263 cum
1938 231 2053 264 Canon
2064 243 2099 263 ex
2104 234 2180 274 pres-

1188 272 1220 304 se
1238 283 1304 305 non
1312 275 1447 305 declarat
1466 273 1494 305 se
1504 285 1570 306 non
1590 277 1738 306 damnare
1761 274 1948 307 sententiam
1969 279 2161 308 contrariam
2170 297 2181 312 ,

1188 315 1237 348 sed
1249 315 1429 358 simpliciter
1438 327 1535 349 unam
1552 318 1641 360 eligit
1652 328 1802 360 tanquam
1812 319 2054 360 probabiliorem
2064 339 2073 354 ‚
2093 320 2180 361 juxta

1187 361 1340 391 terminos
1350 359 1440 391 dietat
1449 361 1599 392 Clement.
1608 364 1697 394 unicae
1707 382 1717 396 ‚
1738 362 1874 403 quaehoc
1887 364 1982 395 modo
1991 362 2180 395 conciliatur

1187 412 1260 434 cum
1268 402 1299 434 d.
1310 405 1336 440 §.
1346 401 1524 448 Qaestvisti
1534 425 1541 434 .
1564 403 1606 435 D.
1617 404 1758 436 Thomas
1768 405 1860 441 vero,
1884 405 2028 438 adducCtis
2046 405 2121 438 hinc
2132 408 2180 438 in-

1187 447 1224 476 de
1232 448 1425 487 argumentis
1435 467 1444 481 ,
1466 446 1582 487 semper
1593 447 1705 479 ultimo
1716 449 1785 480 loco
1795 450 1885 481 docet
1902 451 1978 491 quid
1988 451 2158 482 tenendum
2168 469 2179 484 s

1186 490 1220 519 δε
1231 490 1391 529 respondet
1408 489 1558 529 objecitis3
1578 492 1721 531 idemque
1737 489 1799 523 fere
1807 492 1971 524 observant
1989 492 2100 534 reliqui
2107 502 2179 534 gra-

1187 531 1290 563 viores
1305 531 1463 574 Theologi
1473 554 1481 561 .
1503 532 1562 564 Sed
1581 534 1614 564 &
1634 532 1737 565 Patres
1759 535 1871 575 ubique
1888 537 2003 569 docent
2019 538 2096 577 quid
2121 546 2178 568 nos

1187 584 1292 606 tenere
1301 585 1444 616 oporteat
1453 595 1463 610 ,
1474 585 1532 607 nec
1543 586 1682 617 unquam
1693 579 1726 608 in
1737 577 1752 607 s
1749 577 1942 617 pectantibus
1953 581 1990 611 ad
2001 589 2103 610 mores
2112 590 2177 611 me-

1185 619 1267 649 mini
1290 628 1339 649 me
1357 619 1459 660 legisse
1480 629 1533 650 eos
1542 620 1715 660 relinquere
1734 621 1824 651 nobis
1844 621 2017 654 libertatem
2037 622 2175 664 eligendi

1185 662 1370 702 opinionem
1380 682 1390 697 ,
1410 672 1506 703 quam
1515 659 1732 694 maluerimus.
1755 661 1824 694 Ιιῃό
1847 664 2036 705 Augustinus
2047 664 2083 696 de
2092 668 2176 698 unico

1185 703 1437 746 BaPtismalibq.
1449 716 1474 737 c.
1486 713 1532 746 35.
1543 707 1576 737 in
1586 716 1617 737 re
1626 708 1735 748 gravi,
1745 708 1779 738 &
1790 707 1883 738 dubia
1893 727 1901 741 ,
1913 718 1976 739 non
1987 708 2074 740 ausus
2083 710 2175 749 quid-

1185 758 1280 788 quam
1301 747 1435 784 diffinire
1444 769 1455 784 ,
1470 748 1571 781 censet
1582 751 1727 781 divinum
1738 750 1889 790 judicium
1897 753 2048 782 concordi
2058 749 2174 783 oratio*

1186 801 1225 822 ne
1235 811 1246 826 ‚
1266 792 1301 823 &
1322 792 1466 833 impensis
1476 791 1604 833 supplici
1625 795 1794 824 devotione
1804 793 1975 834 gemitibus
1984 795 2040 825 esse
2062 796 2174 836 implo-

1184 835 1319 866 randum
1327 857 1334 865 .
1359 835 1460 876 Qiod
1469 835 1598 867 refertur
1609 838 1641 867 in
1648 848 1672 869 c.
1682 838 1769 868 Solet
1779 834 1816 867 de
1824 837 1949 878 consecr.
1959 836 2028 877 dbst.
2039 849 2068 877 4.

1229 878 1566 919 Vigesimumprimuni
1572 879 1812 911 fundamentum
1820 879 1861 911 est
1871 901 1881 914 ,
1890 880 1964 920 quia
1972 882 2082 919 opinio
2091 891 2175 912 com-
2200 892 2211 902 ³

1185 923 1290 952 munis
1307 922 1510 962 proculdubio
1517 922 1558 954 est
1577 924 1742 963 probabilis
1751 944 1762 957 ,
1786 933 1858 954 nam
1881 922 2048 954 secundum
2066 922 2174 954 Philo-

1186 963 1269 1004 soph.
1284 974 1309 996 1.
1321 965 1429 1005 Topic.
1440 976 1464 997 c.
1478 975 1504 997 1.
1516 964 1694 999 Probabilia
1706 966 1781 1007 fimf
1791 976 1848 1004 quae
1863 964 2011 998 videntur
2019 964 2154 999 omnibus
2163 987 2175 1002 ,

1185 1008 1237 1038 vel
1257 1006 1391 1047 pluribus
1401 1030 1408 1038 .
1431 1007 1568 1050 Ideoque
1588 1010 1628 1041 est
1639 1010 1852 1050 amplectenda
1873 1012 1906 1041 in
1927 1009 2099 1051 judicando
2108 1030 2118 1044 ,
2140 1011 2174 1041 &

1185 1051 1375 1082 consulendo
1385 1071 1395 1085 ,
1417 1061 1450 1082 ut
1459 1052 1499 1083 est
1521 1062 1596 1083 text.
1605 1054 1660 1093 qui
1670 1055 1707 1084 ad
1729 1053 1787 1084 hoc
1798 1055 2012 1084 communiter
2025 1053 2174 1093 allegatur

1186 1093 1250 1124 inl.
1265 1103 1290 1125 1.
1301 1095 1362 1125 ibi:
1373 1093 1455 1126 Sane
1463 1092 1595 1126 crebrior
1606 1095 1685 1135 apud
1695 1106 1814 1128 veteres
1823 1098 1921 1136 opinio
1931 1094 1988 1137 est.
2007 1095 2076 1128 Ubi
2087 1096 2171 1128 Bald.

1185 1146 1274 1167 notat
1275 1135 1314 1178 ff
1325 1138 1375 1168 De
1383 1134 1431 1179 ⁰ffi
1440 1135 1567 1178 quaestor.
1578 1140 1610 1169 ὃ(
1623 1141 1654 1169 in
1665 1149 1690 1170 c.
1701 1139 1858 1170 Novimus
1867 1138 1904 1171 de
1913 1137 2172 1181 verbor-fignific.

1184 1181 1218 1210 &
1229 1181 1323 1211 tradit
1330 1180 1504 1212 Alexander
1512 1179 1590 1220 cons.
1605 1191 1671 1221 134.
1682 1183 1748 1213 Prae
1754 1181 1816 1222 viso
1824 1180 1955 1214 themate
1962 1185 1996 1214 in
2012 1182 2070 1223 fin.
2080 1181 2133 1214 lib.
2148 1192 2172 1214 1.

1184 1220 1223 1255 (ῥ’
1231 1222 1307 1264 confi
1320 1234 1368 1255 22.
1377 1222 1449 1264 Viso
1456 1223 1583 1265 processu
1590 1223 1734 1265 circafin.
1744 1223 1829 1257 lib.2.
1840 1225 1935 1257 Felin.
1946 1228 1979 1257 in
1989 1237 2012 1258 c.
2028 1236 2053 1257 1.
2061 1226 2116 1258 col.
2127 1233 2177 1265 pe-

1184 1266 1262 1297 nult.
1271 1266 1351 1309 verſs
1360 1265 1696 1309 Nonofizllit.sup.eod.
1708 1267 1786 1299 Dec.
1797 1268 1873 1310 confi
1881 1278 1890 1299 1
1900 1278 1945 1308 31.
1959 1271 2132 1301 Revocatur
2139 1271 2174 1301 in

1183 1312 1334 1341 extremis
1344 1308 1447 1343 verbis
1457 1332 1464 1340 .
1487 1311 1582 1352 quue
1593 1311 1682 1343 facile
1693 1313 1865 1343 admittunt
1875 1311 1900 1342 T
1908 1312 2032 1353 heologi
2043 1313 2106 1347 illi,
2121 1315 2176 1353 qui

1184 1363 1218 1384 ut
1228 1354 1368 1385 dicemus
1378 1355 1410 1385 in
1429 1354 1484 1385 ult.
1497 1352 1589 1395 quaest.
1601 1357 1634 1386 in
1652 1357 1749 1394 princ.
1761 1364 1872 1396 putant
1881 1355 2074 1396 opinionem
2086 1358 2173 1388 reddi

1185 1398 1374 1436 probabilem
1391 1399 1487 1428 etiam
1496 1407 1533 1427 ex
1551 1397 1612 1429 sola
1621 1397 1812 1430 authoritate
1835 1400 1927 1429 unius
1946 1397 2095 1429 Do&oris
2103 1420 2110 1428 .
2133 1398 2172 1430 Et

1183 1449 1289 1470 tamen
1300 1450 1364 1471 non
1377 1440 1449 1471 licet
1458 1440 1643 1481 opinionem
1651 1451 1856 1473 communem
1865 1440 1949 1482 sequi
1960 1462 1969 1475 ‚
1986 1441 2004 1472 fi
2016 1444 2173 1473 contraria

1182 1483 1220 1514 sit
1228 1483 1417 1523 probabilior
1425 1503 1435 1518 ‚
1447 1482 1498 1514 seu
1506 1485 1589 1524 quod
1600 1485 1682 1516 idem
1692 1484 1733 1516 est
1741 1505 1751 1520 ,
1762 1488 1865 1516 verior
1872 1504 1882 1518 ,
1892 1487 1924 1517 δε
1937 1485 2116 1516 melioribus
2126 1495 2174 1516 ra-

1182 1525 1322 1557 tionibus
1331 1525 1458 1558 subnixa
1468 1547 1477 1561 ,
1487 1535 1521 1558 ut
1531 1527 1571 1558 est
1582 1537 1683 1559 textus
1693 1530 1726 1559 in
1734 1539 1759 1560 c.
1773 1537 1798 1559 1.
1807 1527 1844 1559 de
1852 1530 1893 1559 iis
1902 1548 1914 1563 ,
1924 1525 2096 1570 quaefiunta'
2106 1539 2173 1560 ma-

1181 1568 1238 1607 jor.
1248 1577 1314 1608 par.
1325 1578 1425 1609 cap-m
1435 1581 1459 1602 c.
1468 1568 1551 1602 Sane
1560 1572 1664 1611 quippe
1675 1569 1781 1612 adest.
1790 1574 1822 1604 &
1833 1571 1866 1603 in
1877 1571 1899 1602 l.
1915 1581 1938 1603 r.
1955 1574 1981 1609 §.
1992 1573 2055 1603 Sed
2063 1582 2153 1610 neque
2162 1592 2171 1606 ‚

1182 1614 1217 1644 C.
1227 1611 1263 1643 de
1272 1614 1447 1656 veter.Jur.
1457 1614 1610 1645 enuclean.
1621 1614 1674 1646 ubi
1681 1615 1868 1656 justinianus
1877 1617 1922 1647 ait
1938 1627 1946 1646 :
1962 1613 2026 1647 Sed
2035 1624 2124 1653 neque
2132 1626 2173 1647 ex

1181 1656 1379 1688 multitudine
1390 1657 1557 1689 Annorum
1566 1677 1576 1692 ‚
1598 1657 1672 1696 quod
1680 1658 1786 1690 melius
1794 1678 1806 1693 ‚
1824 1668 1878 1690 aut
1887 1661 1993 1696 aquius
2005 1656 2048 1700 est
2055 1658 2171 1696 judica-

1181 1707 1245 1731 tote
1254 1719 1264 1734 ,
1273 1698 1341 1732 ciem
1348 1700 1436 1741 poffit
1443 1702 1528 1732 unias
1530 1699 1652 1744 forfivi,
1662 1699 1701 1734 (θ’
1706 1700 1868 1733 deterioris
1867 1702 2038 1744 sententia,
2049 1707 2087 1733 (7⁴⁰
2093 1706 2172 1733 mul-

1181 1751 1229 1773 tos
1239 1763 1248 1777 ,
1271 1743 1310 1775 &⁶
1317 1754 1367 1775 ma
1370 1753 1446 1781 sores
1454 1745 1558 1781 aliqua
1566 1746 1599 1775 in
1607 1753 1695 1783 parte
1704 1743 1864 1784 steperare.
1886 1744 1925 1776 Et
1936 1755 2020 1777 tenet
2028 1744 2169 1776 Hostien.

1182 1785 1216 1816 in
1227 1797 1251 1817 c.
1265 1795 1289 1817 1.
1300 1787 1333 1817 in
1335 1784 1394 1829 fin.
1395 1786 1464 1827 sup.
1474 1786 1536 1818 eod.
1547 1788 1623 1819 dum
1632 1787 1692 1819 ait:
1703 1790 1898 1820 Communem
1909 1790 2076 1828 opinionem
2088 1788 2171 1829 sem-

1182 1838 1234 1869 per
1245 1828 1299 1870 effe
1309 1830 1469 1862 tenendam
1480 1851 1489 1865 ‚
1505 1830 1566 1873 nisi
1574 1830 1691 1863 notorie
1699 1830 1781 1862 male
1791 1831 1874 1864 dicat
1883 1852 1892 1866 ,
1915 1831 1966 1863 vel
1976 1831 2172 1865 rationabili-

1182 1882 1232 1905 ter
1252 1875 1453 1906 convincatur
1463 1894 1473 1908 ,
1494 1872 1570 1912 quod
1578 1872 1667 1906 bonus
1678 1872 1789 1917 Judex
1800 1895 1810 1909 ‚
1831 1873 1869 1907 (ῥ’
1888 1875 2047 1916 acutissimi
2055 1877 2172 1913 ingenii

1182 1914 1341 1956 estimabit
1349 1929 1359 1947 .·
1368 1918 1401 1949 δε
1411 1916 1547 1958 sequitur
1555 1917 1599 1949 ibi
1607 1918 1739 1949 totidem
1748 1917 1897 1958 verbisJo.
1908 1918 2005 1950 Andr.
2015 1917 2125 1949 itidem
2135 1921 2169 1949 in

1175 1958 1273 2002 fim&
1282 1960 1336 1992 alii
1345 1962 1558 1992 communiter
1567 1983 1574 1990 .
1586 1959 1721 2002 Ideoque
1729 1963 1762 1992 in
1773 1960 1906 1992 Nicaena
1915 1961 2042 2002 Synodo
2051 1960 2105 1992 etsi
2114 1962 2170 1992 ali-

1181 2005 1293 2044 quibus
1303 2005 1461 2036 videretut
1472 2004 1668 2036 statuendum
1676 2005 1733 2034 ell'e
1743 2024 1753 2038 ‚
1775 2013 1809 2036 ut
1819 2004 1983 2045 Episcopi,
1999 2007 2030 2035 ὃ(
2043 2003 2169 2047 Presby-

1181 2049 1239 2078 teri
1249 2048 1288 2079 ab
1299 2047 1446 2079 uxoribus
1457 2067 1466 2082 ‚
1482 2057 1559 2088 quas
1568 2056 1641 2078 ante
1650 2057 1710 2078 con
1716 2046 1919 2079 sectationem
1927 2049 2078 2079 duxerant
2089 2068 2099 2081 ‚
2120 2050 2170 2079 τά)

1181 2090 1348 2127 stinerent5
1365 2099 1471 2122 tamen
1487 2090 1629 2132 Synodus
1641 2090 1778 2122 laudavit
1800 2091 1985 2123 sententiam
2003 2091 2093 2122 solius
2115 2089 2171 2122 Pa-

1181 2133 1308 2174 phnutii
1318 2143 1470 2175 tanquam
1487 2133 1726 2174 probabiliorem
1734 2155 1743 2169 ,
1764 2133 1836 2166 lieet
1847 2135 2027 2175 nuptiarum
2045 2136 2114 2165 cffet
2125 2136 2172 2165 in-

1179 2185 1322 2218 expertus
1332 2197 1342 2211 ,
1360 2186 1395 2208 ut
1404 2176 1535 2208 refertur
1545 2179 1578 2208 in
1587 2188 1612 2209 c.
1623 2178 1749 2208 Nicaem
1763 2187 1812 2217 3¹·
1822 2176 1890 2219 dlst.
1901 2187 1996 2219 quem
2005 2186 2124 2209 textum
2133 2179 2170 2209 ad

1180 2219 1240 2252 hoc
1251 2219 1441 2261 propositum
1453 2222 1602 2262 ponderat
1611 2222 1684 2261 glos·
1696 2223 1727 2251 in
1735 2222 1946 2260 cevenarum
1953 2223 1985 2252 in
1995 2222 2171 2252 ¹ver.Ratio-

1179 2260 1330 2295 nabiliter
1339 2262 1375 2295 de
1391 2262 1487 2306 feriis
1496 2286 1504 2294 .
1526 2263 1564 2296 Et
1586 2265 1625 2295 est
1635 2266 1817 2296 communis
1833 2266 1944 2306 opinio
1953 2285 1962 2298 ,
1987 2274 2020 2295 ut
2028 2264 2168 2295 dicemus

1180 2306 1259 2338 infra
1268 2317 1298 2337 n.
1311 2316 1379 2346 347.
1391 2308 1491 2339 Ratio
1497 2307 1537 2338 est
1547 2327 1556 2341 ,
1577 2309 1652 2348 quia
1661 2309 1700 2339 ad
1711 2307 1866 2349 summum
1875 2309 1985 2348 opinio
1992 2309 2168 2338 communis

1179 2350 1271 2382 habet
1280 2352 1346 2381 vim
1354 2350 1589 2382 consuetudinis
1598 2371 1608 2385 ‚
1626 2350 1797 2382 secundum
1808 2351 1890 2382 Bald.
1900 2348 1950 2382 hic
1959 2361 1989 2381 n.
2000 2352 2029 2380 8.
2041 2350 2081 2380 At
2090 2359 2168 2380 con-

1179 2393 1309 2425 suetudo
1316 2395 1471 2425 rationem
1482 2404 1547 2425 non
1558 2395 1657 2425 vincit
1666 2414 1676 2427 ,
1698 2395 1719 2425 l.
1733 2405 1760 2425 2.
1771 2396 1807 2425 C.
1821 2395 1890 2425 ΘΜ
1900 2394 1947 2434 sit
1954 2393 2041 2429 longa
2049 2393 2167 2431 consue-

1177 2437 1249 2468 tudo
1257 2457 1267 2471 2
1277 2437 1299 2468 l.
1308 2436 1399 2481 QOd
1408 2448 1467 2468 non
1476 2439 1594 2468 ratione
1603 2435 1654 2478 ,ff-
1667 2438 1716 2467 De
1725 2426 1943 2476 legib.?.fin.de
1951 2437 2076 2474 consuet.
2089 2435 2169 2476 Ergo
2193 2447 2205 2459 ⁷

1178 2490 1236 2511 nec
1246 2482 1356 2521 opinio
1365 2481 1545 2512 communis
1554 2501 1561 2508 .
1581 2479 1649 2510 Imo
1660 2489 1692 2509 ut
1701 2480 1820 2509 dicebat
1832 2478 2001 2509 Durandus
2022 2479 2054 2508 in
2064 2476 2166 2519 prolot

1176 2533 1218 2563 go
1228 2543 1238 2557 ,
1259 2523 1422 2554 dimittens
1439 2522 1594 2553 rationem
1606 2530 1729 2560 propter
1749 2521 1975 2552 authoritatem
1997 2521 2167 2552 humanam

1177 2567 1289 2597 incidit
1299 2567 1332 2596 in
1343 2564 1554 2605 insipientiam
1565 2564 1737 2595 bestialem.
1760 2565 1807 2595 Ad
1819 2564 1878 2595 hoc
1897 2569 1993 2595 bonus
2011 2574 2085 2595 text.
2096 2566 2131 2595 in
2140 2576 2165 2596 c.

1176 2610 1207 2640 E
1209 2619 1248 2648 go
1246 2609 1335 2649 solis,
1342 2607 1449 2650 june'ta
1458 2607 1568 2648 glos-in
1578 2617 1642 2638 ver.
1649 2605 1858 2651 Quantalibet.
1867 2609 1898 2638 ὃς
1909 2610 1942 2638 in
1952 2607 2089 2644 aNeque
2097 2617 2164 2645 quo-

1176 2649 1322 2684 rumlibet
1343 2661 1371 2684 9.
1384 2648 1453 2691 dist.
1466 2650 1504 2682 Et
1524 2653 1804 2691 quamvislequens
1825 2660 2028 2682 communem
2041 2652 2165 2691 opinio-
2192 2664 2200 2673 i

1177 2705 1249 2726 nem
1259 2715 1269 2729 ‚
1279 2694 1448 2735 posthabita
1459 2694 1591 2728 veriori,
1602 2693 1785 2725 excusetura
1797 2704 1886 2734 poena
1897 2696 1928 2724 in
1940 2692 2007 2724 foro
2015 2703 2143 2725 externo
2151 2714 2160 2728 ,

1176 2738 1214 2770 eo
1224 2737 1309 2780 quod
1318 2737 1432 2778 opinio
1438 2739 1615 2769 communis
1624 2737 1752 2768 inducat
1761 2746 1896 2767 errorem
1907 2737 2094 2777 probabilem
2104 2756 2113 2771 ‚
2129 2747 2163 2768 ut

1175 2781 1216 2812 est
1226 2791 1300 2813 text.
1309 2790 1383 2812 cum
1391 2780 1474 2821 gloss.
1486 2783 1518 2811 in
1529 2791 1552 2811 c.
1564 2779 1656 2812 Unico
1665 2780 1701 2811 de
1710 2778 1811 2821 pastui.
1820 2779 1945 2811 Praelat.
1954 2776 2006 2811 lib.
2017 2783 2046 2811 6.
2057 2789 2164 2811 tamen

1176 2835 1241 2856 non
1249 2823 1410 2856 excusatur
1420 2824 1453 2855 in
1465 2822 1738 2855 foroconscientioe
1747 2843 1757 2857 ,
1778 2832 1812 2853 ut
1821 2832 1858 2853 ex
1868 2832 1972 2853 mente
1982 2823 2162 2854 innocentii

1176 2869 1311 2899 declarat
1321 2867 1401 2898 Bart.
1414 2868 1477 2898 inl.
1486 2865 1537 2906 fin.
1547 2869 1583 2898 C.
1594 2868 1645 2897 De
1662 2874 1739 2905 poen.
1750 2864 1898 2903 judic.qui
1911 2864 1994 2898 male
2001 2866 2138 2904 judicant
2147 2877 2159 2901 ,-

1173 2913 1249 2954 quia
1259 2912 1365 2943 debuit
1375 2911 1486 2951 eligere
1496 2920 1565 2941 eam
1576 2929 1585 2943 ,
1593 2920 1659 2950 quae
1669 2908 1868 2940 validioribus
1877 2909 2049 2941 rationibus
2057 2910 2161 2940 firma-

1175 2965 1225 2986 tur
1232 2975 1241 2990 ,
1254 2957 1279 2992 §.
1292 2956 1370 2985 Item
1376 2955 1506 2992 pretium
1515 2950 1583 2993 inst.
1593 2952 1629 2983 ae
1639 2960 1726 2991 empt.
1738 2949 1776 2983 ὠ·
1784 2951 1902 2983 vendit.
1912 2954 1944 2984 ὃς
1955 2953 1976 2983 l.
1988 2954 2016 2984 E
2018 2953 2095 2984 diua
2104 2973 2115 2986 ,
2122 2955 2158 2983 C.

1173 2998 1210 3029 de
1219 2997 1306 3029 editt.
1315 2998 1358 3032 D.
1363 2994 1503 3027 Adriani
1512 2996 1576 3027 toll.
1586 2994 1602 3025 s
1598 2996 1755 3026 ecundum
1762 3004 1848 3030 eum,
1855 2998 1887 3027 ὃς
1897 2995 1945 3037 seq
1950 2996 2033 3027 uitur
2042 2996 2157 3027 silvest.

1174 3043 1208 3072 in
1219 3051 1284 3071 ver.
1295 3041 1410 3078 Opinio
1418 3050 1497 3070 num.
1510 3050 1536 3069 2.
1546 3038 1764 3080 Qiamobrem
1773 3037 1794 3069 si
1802 3038 1913 3079 opinio
1928 3039 2105 3071 communis
2115 3038 2155 3068 est

1174 3083 1340 3125 probabilis
1350 3102 1359 3116 ‚
1380 3084 1414 3114 &
1434 3091 1539 3114 tamen
1549 3091 1612 3112 non
1634 3082 1707 3112 licet
1716 3091 1785 3113 eam
1807 3081 1909 3123 sequit
1931 3082 1954 3113 si
1973 3081 2110 3123 oppofita
2121 3084 2155 3112 lit

1172 3128 1272 3167 magis
1283 3126 1463 3166 probabilis:
1475 3124 1556 3165 Ergo
1566 3134 1631 3155 non
1639 3124 1710 3156 licet
1720 3123 1804 3166 sequi
1811 3124 1995 3166 opinionem
2013 3124 2156 3165 probabi-

1173 3171 1234 3201 lem
1243 3189 1253 3203 ,
1276 3167 1384 3200 relicta
1393 3166 1609 3209 probabiliori.

1214 3211 1578 3254 vigesimumsecundum
1595 3209 1834 3244 fundamentum
1856 3210 1985 3242 sumitur
2005 3219 2042 3240 ex
2064 3209 2159 3242 Baro-

1172 3256 1227 3288 nio
1240 3254 1281 3287 ad
1290 3265 1401 3286 annum
1422 3260 1491 3293 435.
1502 3254 1553 3284 ubi
1569 3253 1661 3285 refert
1668 3254 1809 3287 edidtum
1825 3253 2016 3287 Theodosii,
2037 3255 2155 3285 tenoris

1171 3299 1375 3338 infrascripti,
1398 3297 1543 3328 videlicet
1552 3294 1627 3330 :Ubi
1636 3295 1765 3338 diverse
1773 3297 1924 3336 sententia
1937 3294 2134 3339 proferuntur
2143 3317 2154 3332 ,

1170 3345 1269 3382 potior
1276 3351 1413 3372 numerus
1422 3341 1529 3371 vincat
1537 3338 1710 3372 Authorum
1718 3360 1730 3375 2
1737 3341 1789 3372 vel
1790 3340 1822 3383 fi
1829 3349 1966 3370 numerus
1974 3340 2152 3382 aqualis-fit,

1170 3385 1233 3422 ejus
1239 3385 1338 3423 partis
1342 3381 1490 3422 pracedat
1497 3382 1677 3418 authoritas,
1684 3385 1717 3414 in
1725 3393 1781 3421 qua
1789 3382 1968 3416 excellentis
1977 3384 2093 3421 ingenii
2101 3384 2154 3414 vir

1170 3430 1196 3459 P
1208 3429 1356 3465 zpinianus
1367 3428 1507 3461 emineat,
1519 3429 1567 3465 qui
1576 3436 1608 3458 ut
1611 3426 1746 3469 fingulm
1755 3428 1852 3457 vincit
1860 3446 1870 3461 ,
1879 3428 1926 3457 ita
1936 3426 2017 3458 cedit
2026 3423 2150 3457 duobus.

1171 3471 1244 3502 Hrc
1268 3470 1328 3501 'it-i.
1353 3472 1382 3500 bi
1405 3472 1500 3510 igitur
1515 3480 1550 3500 ex
1573 3469 1675 3500 editio
1692 3472 1770 3500 tanti
1790 3469 1987 3509 Imperatoris
2005 3469 2155 3541 sequeqda

2073 3514 2104 3541 ei

2199 1317 2258 1351 276

2194 2143 2252 2173 277

2180 3213 2240 3243 280
