2397 3664
236 43 330 91 ²5²

179 118 252 153 stille
271 141 279 151 .
316 129 353 149 an
376 118 448 150 vero
469 127 588 156 tempus
608 122 711 145 currat
731 114 767 142 dc
788 121 952 142 momento
973 112 1008 142 ad
1029 119 1170 141 momen-

184 169 267 191 tum:
289 163 501 192 communiter
526 158 676 196 mcipiuu·
695 153 853 185 dillinclio
869 154 971 193 gloffa·
990 150 1040 184 liic
1054 152 1086 183 in
1095 151 1174 193 verſs

182 204 330 241 htx-egen}
342 227 351 238 .
376 214 408 234 ιιι
421 204 546 234 reflatur
560 200 636 231 Alxlv.
650 207 727 226 mm.
739 202 768 226 6.
781 195 949 227 videlicet:
970 194 1176 235 Quandoque

179 245 267 276 favor
281 246 403 277 tantum
421 246 551 276 vertitur
565 243 595 273 in
606 245 716 274 caula,
729 248 762 269 ut
775 238 806 269 in
819 238 1007 279 usucapione
1019 261 1027 268 .
1049 237 1087 269 Et
1099 247 1175 275 tunt:

180 288 384 320 sufficitdiem
397 288 536 324 incipere
548 307 556 319 ,
578 293 610 313 11¹
622 286 643 313 l·
659 285 691 312 ΙἸ
703 280 899 320 ufircapt'one,
913 279 950 324 ff.
964 283 1012 313 De
1021 278 1176 321 divers&

179 332 335 370 temporal.
366 329 574 369 ριηιῂίῐκηρηοη.
598 324 802 364 Quandoque
827 324 958 355 vertitur
979 323 1088 355 odium
1108 333 1177 354 tan—

179 374 246 404 tum
262 396 270 407 ,
304 384 334 403 ιιι
359 374 389 402 ιιι
415 369 643 410 praescriptione
666 367 802 406 triginta
823 377 980 398 annorum
1003 377 1014 402 ,-
1043 368 1076 398 δέ
1098 375 1175 397 tunc

178 426 303 454 oporiet
319 415 462 444 nltimam
478 413 561 443 diem
581 410 703 448 impleri
718 433 726 444 .
747 420 780 441 υι
802 411 823 441 Ι.
845 412 880 441 In
900 409 1054 445 omnibus,
1072 406 1107 450 ff.
1129 410 1177 440 De

179 460 237 488 aas.
250 463 286 489 ὅ]
297 457 419 493 mellita-‚m
430 455 635 494 Quandoque
650 454 785 484 vertitur
800 463 969 494 utrumque
983 475 993 489 ‚
1016 455 1048 484 δε
1060 452 1098 484 fic
1110 462 1176 483 ma—

177 500 306 531 teriai-ll
320 500 418 529 mixta
441 497 576 533 favoris,
598 499 629 528 ὃ(
649 495 739 532 odii;
761 498 793 528 δε
813 505 891 527 tunc
909 506 1030 536 tempus
1050 497 1088 526 de
1108 505 1176 526 mo-

175 552 285 573 mento
303 542 334 572 in
357 551 555 572 momentum
577 549 801 579 computatur,
822 548 856 570 ut
868 541 888 570 Ι.
904 549 930 580 3.
945 541 1124 576 §.M1·nore,
1139 536 1174 578 ff.

176 587 225 616 De
236 587 344 615 minor.
358 584 406 615 De
423 585 479 615 hac
493 582 627 615 materia
639 583 740 623 scripsi
753 581 927 623 plenissime
940 582 974 614 in
983 591 1047 622 cap.
1061 579 1119 613 Ad
1127 592 1176 612 no-

165 627 266 668 stram
295 626 380 670 infra'
401 626 437 658 de
469 628 600 666 rcgular.
624 626 669 657 ibi
689 626 759 657 vide
780 649 788 656 .
819 625 857 657 Et
878 626 940 656 liaec
964 625 1117 656 sufficiant
1138 625 1176 655 de

173 680 282 702 aetatc.

217 711 349 746 Ultimo
359 712 563 754 QUAERO,
585 712 703 753 Qralis
725 711 1048 752 icientiarequitatur
1070 712 1106 741 ad
1119 708 1176 741 Di*-

175 756 312 798 gnitates
324 780 333 792 ,
357 759 389 789 ἃ
410 756 552 789 Ordines
563 755 794 787 [aeclesiasticos
807 777 814 785 .

217 800 474 832 Fra-mittendum
494 799 711 831 estscientiam
731 798 788 829 cll'e
809 798 840 828 in
864 796 1176 837 triplicidifferentia

174 842 346 875 secundum
359 845 470 875 Innoc.
485 842 623 874 hiemum.
640 851 664 873 1.
677 844 708 872 in
719 852 782 872 νιν.
805 842 848 871 Et
860 838 1013 880 scientim
1036 838 1175 880 Compo—

174 887 250 917 stell.
264 898 343 918 num.
358 890 387 918 8.
401 889 432 918 δε
445 885 603 917 l-lossiens.
615 895 694 915 num.
711 892 756 922 ις.
778 883 892 924 quibus
911 882 1118 914 consentiunt
1128 883 1174 924 Jo.

174 931 272 961 Andr.
285 930 369 962 Butr.
387 930 466 960 Abb.
489 931 521 960 «Sc
543 927 800 967 reliquiomnes:
823 925 884 957 alia
895 925 1032 957 enimest
1045 925 1177 957 scientia

91 722 151 753 137

92 802 151 839 138

173 973 343 1008 eminens,
367 972 429 1003 alia
448 971 619 1003 mediocris
639 992 649 1005 ,
680 970 742 1000 alia
773 968 945 1000 sufficiens.
972 968 1176 1000 Eminentem

174 1014 341 1047 scientiam
353 1016 444 1046 habet
457 1036 466 1050 ,
487 1013 685 1054 quisubtiles
698 1035 706 1048 ,
729 1011 916 1043 &difficiles
926 1012 1110 1052 qiua-stiones
1129 1012 1177 1043 di-

175 1058 295 1089 scutere
318 1057 428 1093 novit,
448 1058 480 1087 δε
507 1056 538 1087 in
561 1065 706 1096 promptu
727 1055 789 1086 stne
810 1055 1174 1086 revolutionelibrorum

174 1101 360 1141 respondet,
382 1099 552 1140 praesertim
561 1102 599 1130 de
611 1099 670 1130 fide
697 1097 932 1137 interroganti,
956 1100 983 1136 §.
996 1097 1113 1138 Eccleſs
1127 1102 1175 1139 36.

172 1143 241 1183 dtst.
256 1143 580 1178 Medioctemhabct,
600 1142 656 1183 qui
677 1140 751 1173 cum
762 1141 1013 1178 deliberatione,
1034 1144 1066 1174 &
1086 1151 1176 1173 revo-

158 1187 295 1219 lutione
320 1187 474 1218 librorum
499 1185 665 1217 veritatem
685 1185 742 1217 scit
765 1185 928 1216 invenire.
959 1185 1175 1216 Sufficientem

172 1231 286 1266 habet,
308 1230 364 1270 qui
385 1240 435 1270 per
458 1229 485 1260 se
509 1228 620 1260 sufficit
643 1230 679 1260 ad
701 1239 757 1265 ea,
778 1238 846 1270 qua:
869 1228 923 1259 fibi
945 1228 1176 1260 imminentex-

171 1274 336 1313 pendenda
348 1296 355 1304 .

224 1314 357 1358 Qubus
385 1315 564 1355 praehabitis
585 1315 756 1348 dicendum
777 1315 818 1347 est
836 1314 1002 1347 scientiam
1022 1315 1176 1346 aestiman-

172 1360 247 1392 darn
263 1362 312 1396 ,δέ
325 1361 551 1401 requirendam
565 1359 623 1391 esse
635 1357 805 1391 secuudum
822 1358 1037 1399 Dignitatem,
1047 1359 1152 1388 locum
1166 1380 1174 1393 ‚

171 1405 205 1435 δι’
227 1403 372 1436 ordinem
386 1427 393 1435 .
417 1403 529 1435 Ethaec
555 1403 664 1434 omnia
683 1403 810 1434 discreti
831 1402 947 1444 judicis
959 1401 1094 1433 arbitrio
1105 1411 1176 1432 exa—

173 1447 327 1479 minanda
346 1446 436 1484 sunt,
457 1447 515 1488 qui
536 1445 689 1487 proecipue
710 1446 909 1477 considerare
928 1446 1021 1477 debet
1041 1444 1176 1485 qualita-

174 1499 238 1522 tem
251 1489 395 1522 Ecclefiae
404 1512 414 1527 ,
437 1492 473 1522 ad
485 1500 580 1530 quam
592 1490 664 1530 quis
677 1489 838 1520 assumitur
850 1511 860 1525 ,
879 1498 945 1529 cap.
957 1490 992 1520 In
1003 1489 1103 1531 caufis
1114 1510 1124 1523 ‚
1147 1489 1175 1524 ᾗ.

167 1532 228 1576 fin.
239 1531 279 1566 (ῥ’ι
287 1542 356 1574 cap.
368 1536 522 1574 Scriptum
531 1555 541 1569 ,
554 1536 581 1570 ᾗ.
597 1530 796 1574 penult.infrci
808 1531 870 1563 eod.
883 1529 1054 1563 secundum
1063 1532 1175 1563 Innoc.

176 1577 209 1609 &
219 1576 497 1618 Composl.num.t.
509 1576 599 1608 Host.
613 1587 692 1608 num.
701 1584 749 1615 15.
763 1576 852 1615 Joan.
863 1575 961 1607 Andr.
971 1586 1020 1607 nu.
1037 1585 1084 1606 12.
1096 1573 1175 1614 verfi

174 1621 381 1662 Sufficicntcm
393 1619 495 1656 hahet,
509 1621 645 1652 But1·.n.1
658 1621 721 1651 L&
732 1619 878 1658 Abb.n.4.

216 1665 252 1696 In
264 1663 363 1704 specie
375 1674 481 1695 autem
494 1663 527 1695 in
539 1663 720 1695 assumendo
741 1664 777 1694 ad
800 1661 1002 1702 Dignitatem
1012 1661 1175 1702 Episcopa-

175 1708 235 1740 lem
247 1707 419 1747 requiritur
429 1706 562 1739 scientia
572 1706 715 1738 eminens
739 1704 908 1737 secundum
921 1715 1032 1737 ornnes
1044 1728 1051 1736 .
1073 1704 1176 1736 Debet

93 1760 150 1792 141
175 1751 263 1783 enim
283 1750 450 1791 Episcopus
473 1751 585 1782 habere
604 1749 759 1781 notitiam
790 1748 1002 1780 scrutabiliter
1024 1748 1123 1785 nox-i,
1143 1750 1176 1780 &

176 1795 290 1827 vetetis
302 1793 502 1830 testamenti,
522 1794 596 1825 cum
610 1793 644 1825 sit
668 1793 777 1832 judex,
801 1793 832 1824 &
852 1791 951 1830 pastor
963 1792 1140 1823 animarum
1167 1803 1175 1828 3

173 1841 207 1870 δε
223 1840 352 1870 reddere
364 1839 401 1869 de
413 1838 472 1869 side
485 1837 642 1869 rationem
651 1836 741 1867 omni
754 1835 918 1876 poscenti,
929 1837 1113 1876 cap.Omnes
1127 1837 1175 1876 38.

174 1880 244 1922 dist.
257 1891 323 1922 cap.
335 1882 399 1926 Qui
412 1880 573 1921 Episcopus
586 1890 636 1920 23.
646 1877 715 1919 dist.
727 1888 791 1919 cap.
812 1881 1016 1917 eognovimus
1027 1881 1074 1910 18.
1086 1889 1132 1917 qu.
1146 1889 1176 1909 2.

175 1926 213 1957 Et
227 1926 494 1965 quemadmodum
506 1923 679 1964 superiores
688 1922 803 1963 Angeli
816 1944 826 1959 ,
846 1922 904 1962 qui
925 1920 1094 1954 inferiores
1105 1922 1177 1953 illu-

174 1969 300 2001 minant
320 1968 438 1999 habent
466 1967 640 2008 pleniorem
672 1965 823 1997 notitiam
842 1967 881 1997 de
901 1967 994 1997 rebus
1014 1964 1145 1997 Divinis
1166 1987 1177 2001 ,

177 2010 272 2052 quim
286 2010 452 2043 inferiores
463 2033 473 2047 ,
495 2021 529 2041 ut
543 2009 647 2051 inquit
658 2008 789 2049 Dionys.
800 2019 824 2040 c.
834 2019 881 2040 12.
890 2008 996 2050 coelest.
1010 2007 1175 2041 Hierarch.

176 2056 223 2087 ita
232 2054 512 2094 etiamluperiores
523 2053 686 2088 homines,
709 2053 746 2083 ad
770 2062 850 2093 quos
869 2052 1005 2093 pertinet
1017 2052 1095 2084 alios
1105 2062 1176 2084 eru‘

177 2099 265 2135 dire,
287 2108 436 2129 tenentur
448 2097 560 2128 habere
581 2096 756 2137 pleniorem
778 2095 930 2128 notitiam
948 2097 987 2127 de
998 2095 1175 2128 credendis.

176 2142 226 2174 Ita
236 2140 408 2173 S.Thomas
419 2143 451 2172 in
463 2152 492 2172 ι.
504 2151 532 2171 2.
545 2150 590 2178 qu.
605 2151 632 2171 2.
644 2148 704 2170 art.
718 2142 747 2169 6.
765 2140 796 2170 &
818 2138 918 2179 scripsi
931 2138 1054 2179 plenius
1064 2139 1098 2171 in
1107 2147 1175 2180 cap.

178 2187 330 2218 Firmiter
341 2195 446 2222 7¹·24·2
456 2193 481 2221 5.
492 2181 530 2216 ὠ
540 2181 692 2223 49.[ηρνιέ
703 2182 738 2212 de
749 2184 876 2213 Summa
891 2184 1054 2213 'Trinitase
1066 2205 1073 2213 .

226 2227 344 2260 Rursus
353 2226 523 2259 secundum
536 2237 591 2258 eos
601 2225 742 2265 Episcopi
763 2225 875 2256 habere
885 2226 1001 2257 debent
1012 2225 1178 2257 scientiam

179 2272 279 2314 juris,
303 2270 378 2303 cum
389 2268 561 2302 secundum
574 2270 663 2301 illum
684 2269 819 2301 debeant
841 2268 1001 2308 judicare,
1024 2270 1179 2309 cap-Con-

177 2324 315 2353 querente
326 2313 411 2356 infra*
422 2312 459 2345 de
470 2311 807 2354 offic.ordi71ar.cap.De
818 2310 940 2352 persona
957 2321 1003 2343 11.
1012 2321 1058 2349 qu.
1076 2322 1099 2343 1.
1112 2322 1137 2343 c.
1152 2321 1177 2342 1.

180 2361 208 2396 ἑ».
225 2356 281 2399 fin.
292 2356 327 2389 de
336 2356 472 2398 consang.
493 2354 530 2388 ὠ
550 2356 662 2397 affinit.

228 2400 387 2433 caetcrtun
399 2400 452 2432 etsi
465 2400 497 2431 in
510 2399 662 2440 Episcopo
673 2421 683 2435 ,
703 2408 737 2430 ιιι
749 2397 968 2441 praediximus,
988 2397 1177 2430 desideretur

179 2444 316 2477 scientia
327 2444 472 2476 eminens
484 2465 494 2479 ,
516 2452 698 2483 competens
714 2452 821 2473 tamen
832 2443 1004 2478 toleratur,
1023 2450 1087 2481 cap.
1098 2439 1179 2473 Ciam

179 2487 261 2520 nobis
272 2489 343 2519 olim
354 2484 439 2529 infra‘
451 2483 552 2518 cod&
562 2485 710 2528 cap.Nist
719 2483 786 2517 ciam
796 2485 915 2525 pridem
925 2507 935 2521 ,
956 2487 983 2522 §.
996 2487 1056 2517 Pro
1065 2481 1178 2523 defecffu

182 2531 217 2564 de
228 2533 392 2562 renunciat.
404 2530 502 2570 Quod
515 2530 659 2570 intellige
672 2539 708 2559 ex
729 2528 819 2560 causa
830 2550 840 2565 ,
862 2529 895 2560 δε
912 2527 1118 2568 dispensative
1139 2527 1180 2558 se-

181 2575 321 2607 cundum
334 2574 447 2606 Innoc.
458 2572 665 2614 compostell.
683 2573 716 2604 δε
727 2571 883 2604 Hostiens.
893 2582 973 2613 quos
984 2571 1122 2612 sequitur
1132 2570 1179 2612 10.

182 2619 279 2649 Andr.
290 2628 369 2649 num.
383 2627 430 2658 13.
441 2615 521 2657 vers.
545 2618 601 2648 Ex
618 2614 708 2657 causa
728 2625 830 2647 tamen
841 2637 851 2651 ,
873 2616 906 2647 &
927 2615 1007 2646 Abb.
1017 2626 1046 2646 n.
1058 2625 1088 2654 4.
1099 2612 1178 2654 vers.

183 2664 238 2693 Ex
256 2661 403 2701 phem-'His
422 2657 572 2700 infertur,
593 2659 669 2701 quia
687 2657 904 2700 imper-feetum
924 2657 1063 2690 scientiae
1083 2657 1180 2698 potest

183 2705 318 2744 supplere
329 2703 478 2745 perfeffio
489 2703 673 2739 charitatis,
696 2713 729 2734 ut
749 2702 869 2734 dicitur
892 2702 925 2733 in
945 2700 1009 2733 d.c.
1024 2701 1102 2743 Nzfi
1111 2703 1179 2733 citm

185 2745 301 2787 pridem
313 2769 322 2783 ,
343 2750 375 2780 δε
386 2747 458 2779 vide
478 2746 618 2788 quodibi
633 2745 702 2778 dixi
722 2747 759 2777 de
779 2745 924 2777 examine
935 2745 1157 2786 Episcoporum
1171 2766 1178 2774 .

185 2788 284 2822 Porro
294 2791 483 2830 qualitatem
503 2789 641 2822 scientia:
662 2788 889 2831 requisitamin
903 2798 961 2824 eo,
983 2788 1038 2828 qui
1061 2789 1097 2819 ad
1115 2786 1180 2819 Ca-

187 2832 358 2864 tlredralem
378 2833 549 2865 Ecclesiam
569 2833 629 2865 erit
651 2834 847 2865 assumendus
869 2854 879 2868 ,
901 2830 1090 2863 Concilium
1110 2830 1181 2862 Tri-

185 2875 353 2907 dentinum
372 2879 404 2908 in
424 2886 490 2917 cap.
514 2874 623 2918 2.seffi
645 2888 695 2907 22.
716 2876 822 2916 paucis
839 2874 1018 2915 perstrinxit
1037 2875 1146 2906 dicens
1169 2885 1179 2909 ‚·

185 2918 330 2949 Scientia
342 2920 414 2949 verb
430 2919 578 2962 ejusmodi
589 2921 705 2960 polleat
717 2942 726 2956 ,
747 2929 781 2950 ut
791 2918 931 2950 muneris
943 2917 998 2949 sibi
1010 2917 1180 2960 injungen-

186 2962 218 2993 di
233 2961 406 2992 necessitati
426 2963 514 3002 pollit
537 2962 731 2995 satisfacere.

233 3004 461 3035 Arclridiacoui
484 3016 607 3042 autem,
640 3004 795 3048 Prseposrti
813 3028 823 3042 ,
853 3006 885 3036 δε
905 3015 1015 3035 omnes
1036 3003 1091 3036 alii
1111 3026 1121 3040 ,
1142 3006 1178 3035 ad

187 3058 267 3088 quos
290 3047 400 3088 spectat
424 3049 461 3078 de
478 3049 574 3079 causis
594 3049 783 3087 cognoscere
803 3071 813 3084 ,
843 3049 958 3080 debent
980 3047 1057 3079 scire
1076 3049 1147 3091 jura
1167 3058 1178 3083 ‚⁴

189 3091 265 3133 quia
285 3092 496 3123 vcrecundmn
517 3092 556 3122 cst
578 3092 730 3129 Partitio,
752 3094 846 3124 &c.l.
871 3103 898 3123 2.
921 3090 1104 3128 §Serviuh
1125 3091 1179 3123 col.

89 1322 149 1358 139

91 1672 152 1705 140

96 2239 157 2269 *¹42

102 2411 159 2444 143

103 3015 167 3045 244

1209 2352 1359 2395 scientes.
1384 2350 1511 2382 Etenim
1530 2349 1672 2391 Episcopi
1691 2360 1806 2382 contra
1823 2351 1883 2382 hoc
1894 2353 2057 2383 decretum
2068 2351 2216 2384 Concilii

576 22 740 88 Prosp.
760 18 982 84 ragan-n.
999 17 1050 70 in
1066 13 1288 70 Primum
1312 14 1525 73 Librum
1540 15 1805 70 Decretal.

1213 108 1396 148 amc-penult.
1415 105 1454 150 ff.
1476 109 1526 140 De
1543 111 1615 145 orig.
1635 106 1691 145 jur.
1711 108 1745 138 δε
1763 116 1852 148 turpe
1871 107 1913 139 est
1928 110 1966 141 de
1987 110 2122 144 aliorum
2142 122 2206 143 ma-

1214 152 1306 184 nibus
1325 160 1462 191 quarere
1481 172 1492 187 ,
1519 152 1604 197 quod
1621 150 1713 181 debet
1731 149 1803 197 quis
1830 152 1907 190 apud
1929 151 1957 183 se
1984 153 2149 191 invenire,
2168 163 2204 186 ut

1215 194 1321 234 inquit
1333 193 1476 224 Hoslicn.
1488 192 1622 226 hicnum.
1639 202 1649 224 1
1660 202 1685 224 1.
1696 193 1730 225 &
1743 202 1789 224 ita
1799 202 1836 224 ex
1850 201 1957 225 mente
1967 193 2058 243 ipsius
2067 198 2127 230 hoc
2139 207 2205 229 non

1213 238 1306 268 habet
1326 237 1431 267 locum
1456 235 1560 267 indisti
1586 235 1634 267 ἃᾶ
1657 236 1689 267 in
1713 235 1864 267 omnibus
1888 234 2151 277 Arcludiaconis,
2171 241 2205 272 &

1214 279 1404 319 Praepoliris,
1426 278 1473 310 sed
1488 279 1521 310 in
1534 279 1566 310 ill
1584 289 1596 309 s
1608 277 1938 319 tamtumquihabent
1957 279 2206 321 jurisdictionem

1212 322 1470 359 contentiosam,
1489 331 1580 363 prout
1592 321 1743 361 intelligit
1762 321 1866 353 Abbas
1876 320 1923 353 hic
1932 333 2045 363 num.4.
2055 325 2134 365 vers:
2143 325 2206 358 Sed

1213 364 1322 404 hot-ego
1332 365 1487 404 intelligo.
1509 365 1619 399 inillis
1639 364 1713 397 vero
1726 387 1736 401 ,
1756 364 1813 406 qui
1832 362 1932 396 solum
1950 365 2068 399 habent
2085 370 2206 401 nudum

1213 418 1329 439 nomen
1341 430 1351 444 ‚
1371 417 1406 439 ut
1419 405 1692 445 Archidiac‘onus,
1715 410 1748 440 &
1768 407 1949 449 Praepofitus
1969 407 2084 442 Senen.
2106 410 2207 454 hujus-

1212 451 1300 482 modi
1324 451 1457 482 scientia
1480 461 1546 482 non
1567 451 1759 491 requiritur,
1780 450 1953 484 secundum
1974 452 2054 484 Abb.
2073 453 2145 485 satis
2164 455 2206 486 est

1211 494 1298 525 enim
1307 516 1317 530 ,
1338 503 1372 526 ut
1384 494 1518 525 habeant
1531 489 1736 526 sufficientem
1747 494 1912 527 scientiam
1925 507 1931 526 :
1953 496 1986 526 &
1997 495 2151 528 sufficiens
2159 497 2206 530 di-

1210 537 1296 569 citur
1306 534 1477 568 secundum
1496 537 1683 578 qualitatem
1694 536 1814 573 officii,
1834 539 1880 570 vel
1893 538 2039 570 beneficii
2051 562 2059 570 .

1253 579 1314 612 Sed
1332 590 1369 612 ex
1389 582 1518 612 decreto
1536 579 1684 612 Concilii
1703 579 1910 618 Tridentini,
1930 591 1996 622 cap.
2012 592 2059 614 12.
2074 581 2142 624 sess.
2155 594 2207 624 24.

1211 625 1290 664 vers.
1302 620 1525 656 Archidiaconi
1545 633 1641 654 ettam
1651 645 1661 659 ,
1683 622 1831 655 statutum
1842 623 1895 661 est,
1911 634 1946 656 ut
1956 624 2186 658 Archidiaconi
2195 648 2208 664 ,

1210 666 1266 705 qui
1277 667 1363 698 oculi
1374 667 1525 698 dicuntur
1536 660 1679 707 Episcopi
1693 688 1702 701 ,
1724 666 1783 698 sint
1792 666 1825 698 in
1837 668 1985 699 erunibus
1994 667 2140 700 Ecclesiis
2150 669 2206 702 ubi

1211 709 1407 750 fieripoterit
1420 732 1430 746 ,
1453 709 1599 750 Magistri
1620 709 1654 740 in
1675 707 1944 750 Tlieologia,sseu
1957 710 2131 749 Doctores,
2151 721 2205 744 aut

1216 751 1392 784 Licentiati
1405 752 1437 783 in
1451 754 1514 794 jure
1528 751 1716 784 canonico.
1738 751 1837 783 Circa
1860 756 1944 793 quod
1957 754 2027 786 vide
2036 758 2120 796 quod
2133 755 2207 788 scri-

1211 795 1251 836 psi
1262 795 1294 826 in
1304 797 1387 827 c.Ex
1398 804 1485 836 parte
1495 817 1504 831 ,
1523 796 1548 827 il
1559 797 1656 836 primo
1665 793 1750 836 infra'
1758 793 1795 826 de
1804 796 1974 836 offic.deleg.

1254 838 1411 870 Monachi
1420 837 1496 869 vero
1505 860 1515 874 ,
1538 840 1571 870 &
1581 838 1727 870 Eremitae
1738 838 1844 878 potius
1854 848 1948 879 egent
1961 842 2205 882 contemplatio-

1213 892 1252 913 ne
1263 903 1273 918 ,
1292 881 1387 922 quam
1400 881 1531 914 scientia
1542 904 1551 918 ,
1574 883 1786 922 arg.cap.Legi
1802 885 1850 912 16.
1862 891 1908 920 qu.
1926 891 1950 913 t.
1963 881 2100 923 Ideoque
2112 885 2210 917 Inno-

1212 925 1337 956 centius
1348 924 1427 956 dicit
1441 924 1472 955 in
1486 924 1607 956 Abbate
1620 934 1683 955 non
1705 924 1823 964 requiri
1843 934 1992 965 magnam
2013 925 2178 959 scientiam
2199 939 2209 964 ⁴,

1213 967 1280 1000 imo
1290 968 1461 999 secundum
1475 967 1605 999 Archid.
1625 969 1658 998 in
1676 966 1738 998 d.c.
1750 969 1845 1006 Legi,
1865 968 1936 1000 satis
1947 968 1988 1000 est
2001 979 2035 1000 ut
2046 968 2122 1001 sciat
2132 980 2209 1002 can-

1212 1020 1278 1043 tare
1288 1033 1298 1047 ,
1320 1013 1352 1043 &
1365 1013 1466 1051 legere
1476 1034 1483 1042 .
1502 1009 1603 1051 Qiod
1617 1020 1722 1042 tamen
1734 1011 1814 1042 dicit
1825 1021 1931 1043 verum
1943 1011 2113 1044 Colledtar.
2126 1017 2214 1044 dum-

1212 1053 1309 1085 modo
1321 1065 1430 1086 cut'am
1442 1055 1619 1086 animarum
1629 1064 1693 1085 non
1707 1054 1818 1085 lrabeat
1831 1077 1838 1086 .
1857 1054 1914 1086 Sed
1927 1055 2007 1086 Abb.
2018 1057 2080 1087 eod.
2091 1067 2205 1096 num.4.

1212 1096 1292 1137 verſs
1301 1096 1365 1130 Sed
1383 1109 1430 1136 ego
1451 1109 1510 1128 non
1533 1097 1643 1133 video,
1665 1097 1804 1128 absolute
1827 1098 1992 1139 impugnat
2012 1099 2148 1139 primurn
2163 1100 2211 1131 di-

1212 1140 1296 1172 etum
1307 1163 1317 1178 ,
1337 1141 1413 1182 quia
1423 1141 1560 1181 quilibet
1573 1141 1676 1172 Abbas
1688 1141 1780 1172 habet
1800 1151 1907 1173 curam
1919 1141 2026 1174 saltem
2037 1141 2098 1173 fori
2112 1142 2213 1183 poeni-

1213 1184 1356 1216 ‹entialis
1367 1183 1502 1225 respedtu
1523 1184 1764 1216 Monachorum
1784 1185 1907 1216 suorum
1919 1208 1926 1215 .
1946 1184 1999 1217 Tu
2009 1185 2060 1217 dic
2083 1185 2117 1218 in
2135 1185 2211 1217 reli-

1211 1227 1360 1268 gionibus
1373 1229 1431 1259 elle
1441 1227 1580 1260 Abbates
1597 1227 1741 1259 titulares
1763 1238 1838 1259 cura
1850 1250 1859 1264 ‚
1881 1230 1914 1260 &
1936 1228 2211 1261 administratione

1213 1280 1356 1302 carentes
1369 1293 1377 1307 ,
1391 1281 1425 1302 ut
1437 1271 1520 1302 idem
1532 1270 1613 1302 Abb.
1626 1270 1769 1302 admittit
1780 1271 1958 1315 confiliosuo
1974 1283 2042 1305 101.
2056 1272 2209 1313 incipien.

1212 1315 1249 1344 In
1260 1314 1410 1355 quaestione
1420 1324 1501 1346 num.
1511 1312 1618 1354 tmers.
1631 1315 1721 1345 Nam
1732 1316 1820 1355 Papa
1831 1314 1884 1347 lib.
1900 1325 1925 1347 1.
1947 1315 1985 1346 Et
1998 1316 2029 1346 in
2041 1316 2088 1346 his
2099 1315 2211 1347 salvari

1212 1357 1311 1397 potest
1323 1356 1442 1388 diotum
1458 1357 1642 1388 Innocentii
1651 1380 1661 1393 ,
1682 1359 1714 1389 ἀ
1726 1357 1968 1395 Archidiaconi,
1979 1360 2012 1389 &
2023 1359 2094 1390 vide
2105 1358 2213 1390 Colle-

1212 1399 1286 1431 ctat.
1301 1400 1334 1432 in
1345 1398 1495 1441 capsum
1508 1400 1555 1442 fit
1572 1411 1626 1431 ars
1645 1412 1726 1432 num.
1743 1412 1770 1437 a.
1781 1399 1866 1443 infra'
1874 1401 1911 1433 de
1921 1400 2050 1434 aaa&
2066 1403 2211 1439 qualitas.

1212 1443 1375 1486 Presbyter
1386 1453 1490 1475 autem
1504 1442 1576 1474 satis
1588 1443 1629 1474 est
1639 1466 1648 1480 ,
1661 1454 1694 1475 ut
1709 1444 1785 1478 sciat
1797 1444 1948 1477 Canones
1960 1444 2213 1481 Pcenitentiales,

1213 1487 1380 1527 captivam
1391 1509 1401 1523 ,
1422 1486 1530 1528 juncia
1540 1487 1627 1526 gloss'.
1643 1487 1742 1520 Unica
1755 1491 1804 1529 38.
1817 1487 1886 1530 dist.
1907 1487 2079 1520 secundum
2100 1489 2213 1519 Innoc.

1212 1531 1244 1562 ὃ(
1261 1529 1465 1571 Compostell.
1484 1529 1542 1561 Sed
1566 1539 1670 1561 teXtus
1692 1530 1725 1561 in
1748 1542 1772 1563 c.
1784 1533 1856 1575 ρῳ
1867 1532 1940 1572 ipfis
1955 1530 2023 1562 ead.
2036 1529 2105 1572 dist.
2125 1541 2215 1563 com-

1213 1584 1370 1605 memorat
1381 1573 1443 1605 alia
1452 1574 1540 1613 plura
1551 1594 1560 1609 ,
1582 1583 1650 1613 quae
1669 1572 1887 1616 Presbyterum
1909 1575 1924 1605 s
1921 1575 1985 1606 cire
1995 1584 2120 1615 oportet
2131 1578 2216 1607 ultra

1213 1616 1365 1649 Canones
1385 1615 1628 1647 Poenitentiales
1646 1639 1657 1653 ,
1688 1616 1838 1649 videlicet
1857 1618 1972 1649 librum
1992 1618 2214 1650 Sacramento-

1212 1671 1282 1692 rum
1293 1683 1302 1697 ,
1323 1660 1354 1692 id
1368 1660 1409 1691 est
1429 1659 1553 1691 Miffale
1564 1681 1573 1696 ,
1596 1669 1630 1690 ut
1649 1660 1693 1691 ibi
1704 1660 1833 1700 exponit
1844 1660 1931 1700 gloss.
1941 1662 1974 1693 δε
1985 1660 2112 1702 Praepos.
2123 1673 2170 1693 nu.
2184 1671 2212 1702 3.

1215 1703 1309 1737 &hic
1328 1715 1407 1735 num.
1426 1714 1456 1740 9.
1477 1701 1734 1740 Lectionarium,
1757 1703 2025 1744 Antiplionarium
2037 1727 2047 1741 ,
2067 1704 2214 1745 Baptifle-

1212 1748 1295 1780 rium
1307 1769 1315 1783 ,
1338 1745 1554 1787 computum,
1577 1745 1757 1777 psalterium
1774 1758 1782 1782 3
1804 1747 1963 1779 Homilias
1984 1758 2037 1788 per
2055 1747 2131 1779 anni
2150 1747 2213 1779 cir-

1216 1794 1325 1822 culum
1337 1789 1540 1825 Dominicis,
1563 1791 1595 1820 &
1617 1789 1745 1830 singulis
1756 1788 1976 1822 festivitatibus
1988 1800 2072 1831 aptas
2083 1814 2090 1821 .
2111 1789 2214 1832 Qrod

1218 1834 1238 1866 s1
1253 1844 1352 1865 unum
1364 1833 1500 1865 desuerit
1513 1855 1523 1869 ,
1545 1832 1726 1864 Sacerdotis
1745 1843 1862 1865 nomen
1881 1833 1935 1864 vix
1947 1833 1979 1865 in
1989 1845 2028 1865 eo
2037 1833 2213 1870 constabit,

1213 1887 1247 1909 ut
1260 1877 1304 1909 ibi
1317 1877 1434 1917 legitur
1445 1899 1452 1907 .

1260 1920 1319 1952 Sed
1332 1920 1427 1952 hodie
1440 1930 1476 1951 ex
1488 1921 1617 1950 decreto
1627 1918 1774 1951 Concilii
1783 1919 1969 1951 Tridentini
1980 1941 1990 1956 ,
2010 1928 2077 1960 cap.
2090 1918 2212 1960 14·seff·

1218 1965 1310 2005 23.ad
1323 1962 1560 2004 presbyteratus
1571 1962 1717 1994 ordinem
1730 1962 1838 1993 assumi
1851 1964 1985 1998 debent,
2005 1963 2062 2003 qui
2073 1965 2109 1994 ad
2121 1973 2216 2004 popu-

1220 2008 1285 2038 lum
1294 2008 1475 2038 docendum
1492 2016 1529 2036 ea
1538 2027 1549 2041 ,
1570 2015 1639 2046 quae
1658 2005 1737 2036 scire
1747 2005 1896 2038 omnibus
1908 2005 2112 2037 necefl'arium
2124 2006 2165 2037 est
2178 2007 2217 2037 ad

1217 2051 1371 2085 salutem,
1395 2060 1430 2080 ac
1453 2048 1701 2080 administranda
1720 2048 1926 2081 Sacramenta
1943 2049 2219 2090 diligentiexami-

1216 2105 1255 2125 ne
1268 2094 1461 2132 praecedente
1481 2091 1587 2124 idonei
1609 2095 1888 2132 comprobentur„

1258 2137 1296 2168 Et
1321 2136 1418 2167 flante
1440 2137 1497 2166 hoc
1521 2137 1650 2167 decreto
1671 2135 1806 2167 arbitror
1827 2136 1921 2167 hodie
1942 2146 2008 2167 non
2030 2137 2219 2177 procedere,

1221 2182 1306 2221 quod
1326 2180 1405 2210 dicit
1424 2178 1474 2209 hic
1497 2179 1608 2210 innoc.
1631 2189 1738 2219 parum
1751 2178 1882 2210 scientes
1893 2179 2073 2219 promoveri
2092 2180 2173 2220 posse
2193 2179 2216 2211 si

1215 2224 1274 2255 fint
1283 2223 1402 2255 dociles
1413 2244 1422 2258 ,
1436 2222 1465 2253 id
1479 2221 1520 2252 est
1533 2221 1595 2261 apti
1608 2223 1644 2252 ad
1655 2221 1839 2252 discendum
1849 2244 1859 2256 ,
1880 2222 1987 2253 saltem
1996 2221 2215 2263 dispensative,

1217 2268 1249 2298 &
1271 2277 1306 2297 ex
1328 2275 1445 2305 magna
1463 2265 1575 2300 causa,
1597 2273 1631 2294 ut
1651 2264 1814 2295 declarant
1835 2264 1924 2296 Host.
1934 2275 2015 2296 num.
2029 2264 2167 2306 13.verfi
2178 2267 2216 2297 Si

1216 2310 1367 2352 autemfit
1378 2306 1637 2348 purumfiiens,&
1649 2308 1850 2347 Abb.n.4.col.
1862 2317 1889 2348 3.
1901 2306 1980 2348 vers.
1992 2310 2106 2340 Parum
2113 2311 2216 2340 au‘tem

2232 590 2288 623 τις

2231 846 2291 883 146

2235 1023 2295 1054 147

2236 1143 2295 1183 148

2237 1452 2295 1485 149

2240 1540 2296 1572 150

2243 2144 2297 2176 151

2239 2361 2251 2385 1
2280 2363 2297 2385 2

1218 2395 1390 2436 dispensare
1402 2404 1466 2426 non
1477 2393 1600 2434 potsunt
1611 2404 1622 2429 ,-
1644 2393 1741 2425 etiam
1753 2403 1789 2424 ex
1801 2403 1915 2434 magna
1925 2394 2017 2426 causa
2027 2417 2036 2431 ,
2057 2404 2092 2426 ut
2103 2395 2215 2435 proba-
2258 2360 2273 2393 5

1215 2441 1247 2471 vi
1260 2437 1407 2470 latissime
1420 2437 1453 2468 in
1467 2435 1555 2478 afin.
1567 2435 1651 2478 infra*
1662 2435 1754 2478 defil.
1767 2436 1939 2480 Presbyter.

1261 2481 1360 2513 Unde
1372 2481 1468 2512 Sacra
1478 2479 1699 2520 congregatio
1709 2479 1854 2511 Concilii
1866 2480 1965 2513 etiam
1987 2480 2022 2512 in
2041 2481 2140 2517 locis,
2159 2481 2216 2513 ubi

1216 2525 1358 2558 maxima
1380 2523 1421 2555 est
1445 2522 1651 2555 Sacerdotum
1664 2523 1790 2563 inopia,
1809 2532 1982 2565 numquam
1993 2524 2115 2556 censuit
2125 2524 2217 2565 igna-

1220 2579 1271 2600 ros
1292 2567 1372 2608 posse
1394 2566 1574 2608 promoveri
1596 2568 1633 2598 ad
1654 2567 1756 2598 sacros
1776 2577 1788 2601 ,-
1819 2566 1897 2599 licet
1916 2568 1977 2609 jam
1999 2567 2153 2608 promotis
2174 2569 2215 2599 ad

1218 2611 1470 2652 Presbyteratum
1492 2609 1650 2642 censuerit
1670 2609 1810 2641 conferri
1830 2610 1912 2651 posse
1932 2609 2129 2642 parochiales
2157 2610 2215 2642 Ec-

1217 2654 1323 2688 clefias
1343 2676 1354 2691 ,
1391 2655 1520 2695 quando
1550 2652 1756 2685 litteratiores
1785 2653 1925 2685 inveniri
1954 2662 2020 2685 non
2051 2653 2174 2694 possunt
2203 2675 2215 2692 ,

1217 2709 1252 2730 ut
1276 2698 1342 2729 dixi
1367 2697 1402 2729 in
1422 2706 1489 2737 cap.
1512 2696 1632 2740 Qaeris
1650 2707 1731 2728 num.
1755 2699 1802 2728 18.
1830 2693 1915 2738 infra¹
1933 2694 1971 2728 de
1987 2705 2067 2728 aetat.
2087 2693 2124 2729 ό·
2143 2707 2216 2735 qua·-

1216 2743 1301 2774 litat.

1259 2783 1539 2820 Diaconiautem,
1560 2784 1593 2815 &
1609 2782 1806 2815 Subdiaconi
1825 2782 1894 2814 sunt
1904 2782 2075 2819 ordinadi,
2095 2782 2214 2824 quilit-
2238 2791 2297 2824 153

1217 2829 1313 2864 teris,
1333 2828 1365 2859 &
1380 2827 1435 2864 irs,
1452 2837 1521 2868 quae
1532 2828 1569 2858 ad
1581 2826 1725 2858 ordinem
1736 2827 1946 2858 exercendum
1968 2825 2149 2866 pertinent,
2167 2825 2215 2858 in-

1218 2871 1323 2903 structi
1333 2870 1403 2902 sunt
1414 2892 1424 2906 ,
1433 2880 1467 2902 ut
1479 2870 1611 2902 habetur
1621 2872 1654 2900 in
1665 2880 1689 2901 c.
1703 2867 1824 2911 13.seff.
1838 2879 1888 2910 23.
1897 2869 2035 2911 ejusdem
2045 2867 2193 2901 Concilii
2203 2891 2212 2899 .

1260 2914 1397 2946 Demum
1420 2915 1457 2946 ad
1480 2913 1619 2945 minores
1631 2912 1759 2944 ordines
1769 2911 2072 2953 promovendisunt‚
2095 2912 2152 2953 qui
2162 2912 2218 2945 sal·-
2237 2921 2296 2953 154

1218 2969 1282 2990 tem
1295 2958 1438 2998 linguam
1449 2956 1595 2988 Latinam
1609 2955 1812 2996 intelligant,
1833 2964 1868 2987 ut
1878 2957 1911 2986 in
1921 2953 2133 2996 c.11.e7'usdem
2147 2954 2214 2996 ses-

1211 3003 1306 3045 fionis
1319 3025 1326 3033 .
1349 3001 1388 3032 Et
1397 3000 1498 3042 prima
1507 2999 1636 3031 tonsura
1645 3009 1711 3030 non
1730 2999 1800 3030 sunt
1817 2998 1992 3036 initiandi,
2010 2999 2067 3040 qui
2077 2999 2150 3031 fidei
2161 3009 2213 3031 tu-

1217 3045 1359 3077 dimenta
1377 3042 1480 3076 edocti
1501 3053 1566 3074 non
1578 3041 1717 3077 suerint,
1736 3041 1853 3084 quique
1876 3042 1977 3084 legere
1989 3064 1999 3080 ,
2019 3044 2053 3075 &
2073 3042 2209 3075 scribere

1219 3088 1381 3125 nesciant,
1401 3097 1436 3120 ut
1455 3088 1565 3119 eadem
1576 3083 1644 3128 seffi
1655 3097 1681 3118 c.
1690 3095 1720 3126 4.

2099 3473 2174 3506 Dr.
