2397 3664
38 202 111 287 s

37 336 94 403 s

262 77 360 124 326

166 161 178 183 1
267 152 299 183 X
314 150 487 186 tintnlmi'ffae
499 175 507 182 .
528 149 597 190 Qti
619 150 745 181 remiiiti
758 149 816 178 ivit
833 148 988 179 sciit-ticio
1008 148 1062 180 suo
1082 149 1201 190 expres-
1217 175 1220 179 .

278 194 309 226 st*-
322 217 331 231 ‚
355 196 401 226 vcl
424 194 521 227 tacite
543 194 617 224 illud
631 201 767 231 repetere
790 201 854 222 non
865 191 964 230 potest
977 214 984 222 .
1006 191 1080 223 Hoc
1099 192 1201 228 dicit,

203 231 373 268 secundum
385 237 506 268 Anton.
518 238 555 266 de
569 235 688 266 Bruta&
700 234 789 273 Joan.
801 237 838 265 dc
853 233 1004 266 ImoLSed
1017 234 1121 266 Abbas
1135 235 1201 267 An-

203 276 262 319 tiq.
274 280 446 311 suminabat
457 279 495 309 sic
509 290 515 309 :
529 277 600 317 Qii
614 278 649 308 ad
664 277 708 308 sui
721 276 908 315 petitionem
922 277 1105 309 licentiatus
1116 287 1200 310 tran—

203 319 239 353 sit
251 325 288 355 ad
310 322 403 354 aliam
425 320 593 352 Ecclesiam
606 341 615 354 ,
635 320 683 360 jus
703 319 803 360 perdit
813 342 821 355 ‚
842 322 927 360 quod
938 319 1071 352 habebat
1084 321 1117 352 in
1141 321 1201 361 pri-

203 374 256 396 ma
269 388 276 396 .
297 364 462 397 Dividitur
491 363 523 394 in
545 363 621 393 duas
641 371 742 402 partes
754 385 761 392 .
784 361 890 394 Prima
908 363 999 404 ponit
1018 364 1180 405 querelam
1190 387 1198 395 .

201 407 347 440 Secunda
359 407 522 446 providet,
546 405 611 442 ibi,
631 405 744 437 Verim:
755 408 894 442 quoniam
905 429 912 436 .

160 463 177 484 2
241 450 329 481 Nota
350 447 454 488 primo
465 471 473 484 ,
495 448 539 480 ibi
561 470 571 483 ,
602 445 740 480 Abbati's
760 449 796 480 de
817 452 979 490 Ceparano
989 471 999 486 ,
1022 448 1168 482 Praelatos
1189 473 1199 488 ,

200 491 251 523 seu
271 491 422 523 Rectores
449 491 658 523 Ecclcsiarurn
690 492 883 524 saecularium
904 493 1023 525 alicubi
1040 495 1199 534 ¹appellari

198 535 335 567 Abbates
347 556 354 564 .
378 533 464 565 Nam
476 534 528 566 iste
544 535 648 566 Abbas
661 545 725 567 non
736 545 803 567 erat
823 535 1004 568 Monachus
1017 558 1026 573 ‚
1044 537 1121 577 quia
1141 537 1199 568 Ec-

197 576 290 607 clesia
302 587 367 608 erat
381 577 534 609 secularis
545 601 555 614 ,
577 588 643 608 non
656 588 761 610 autem
773 578 942 618 Regularis
955 601 964 615 ,
986 589 1022 611 ut
1032 579 1065 610 in
1076 580 1197 619 glomi.

199 620 231 650 δι
243 618 393 652 Laurenr.
406 621 487 653 dicit
499 621 526 653 se
540 621 584 653 ita
596 621 739 653 didiciffe
751 623 768 653 ii
777 622 927 662 ,Clericis
939 622 1023 654 illius
1033 622 1177 655 Ecclesia*
1187 645 1198 660 ,

199 671 235 693 ut
247 662 298 694 hic
310 663 406 696 refert
418 664 610 704 Joan.Andr.
620 674 685 696 mm
695 674 721 706 3.
735 664 833 696 Unde
847 665 914 696 lnti.
926 667 959 696 in
968 667 1197 706 princ.exponit

199 706 330 738 verbum
343 729 353 743 ,
375 705 514 740 Abbati]
524 731 533 744 ‚
555 707 675 742 scilicet
686 730 696 744 ,
707 707 828 739 Clerici
842 708 1005 740 s‘aecularis.
1017 709 1096 740 Item
1107 709 1196 741 Host.

199 751 232 779 in
242 751 374 791 princip.
386 751 467 783 dicit
481 775 490 787 ‚
511 752 541 782 id
552 751 610 782 else
622 751 711 792 juxta
721 751 985 783 consuetudinem
1007 751 1197 792 Metropoli-

198 801 279 824 tanae
291 791 442 826 Civitatis
452 817 462 830 ,
485 794 518 826 in
528 805 591 835 qua
611 794 761 825 Recioi-ez
773 793 966 825 saecularium
987 794 1197 828 Ecclesiarum

195 845 352 868 vocantur
366 838 502 869 Abbatcs
513 860 524 873 ‚
545 836 715 869 secundum
737 836 838 868 Goffr.
851 838 907 868 Vel
931 838 1019 878 juxta
1029 838 1196 871 consuetu-

156 889 172 920 3
194 879 303 911 dinem
316 880 448 913 aliarum
460 880 670 912 Eccleslarum
681 901 691 915 ‚
717 879 748 910 in
760 880 874 920 quibus
887 880 1024 912 Abbates
1036 880 1193 914 saeculares

198 923 398 963 reperiuntur
410 946 419 959 ,
442 934 475 955 ιιι
488 923 529 955 est
550 923 652 954 Abbas
663 923 694 953 S.
709 922 820 954 Felicis
839 922 1024 960 Valentini,
1047 926 1080 955 &
1091 924 1195 957 Abras

195 965 441 998 Claronionten.
455 967 533 998 &in
545 965 696 1006 Hispania
708 965 776 997 sunt
788 966 882 997 multi
894 968 981 998 tales.
995 967 1041 1007 Jo.
1054 968 1152 1000 Andr.
1164 967 1194 1000 d.

191 1021 241 1040 nu.
251 1019 259 1039 1
271 1019 295 1049 3.
307 1009 387 1040 dicit
402 1009 461 1040 hoc
475 1010 532 1041 esse
547 1010 676 1048 vulgare
690 1009 864 1048 Apulorum
876 1031 885 1044 ‚
895 1009 1127 1042 Catalanorum
1140 1033 1149 1048 ‚
1161 1013 1195 1043 &

153 1062 175 1092 4
195 1051 407 1092 Hispanorum
421 1075 429 1084 .
440 1051 510 1084 Nec
523 1051 639 1082 mirum
655 1074 664 1087 ‚
675 1052 751 1092 quia
761 1051 858 1084 etiam
871 1052 1025 1085 Consules
1036 1075 1046 1090 ,
1064 1057 1095 1085 ὃς
1110 1053 1196 1086 Prio-

193 1106 240 1126 res
252 1094 379 1126 Artium
392 1095 500 1126 multis
513 1094 545 1125 in
559 1094 638 1125 loci<
654 1095 791 1126 Abbatcs
802 1096 1016 1135 appellantur,
1038 1097 1194 1129 Alciat.in

191 1139 214 1169 l.
227 1138 416 1175 collegarum
429 1160 438 1174 ,
447 1135 481 1180 ffi
495 1136 531 1169 dc
540 1136 656 1170 verbor.
673 1137 897 1181 fignific.1tein
912 1139 945 1171 in
957 1140 1120 1180 Aragonia
1131 1139 1196 1172 Re-

192 1180 295 1213 &ores
303 1181 454 1213 dicuntur
466 1181 604 1214 Abbates
615 1203 625 1217 ,
644 1182 676 1213 δι’
686 1192 794 1213 eorum
807 1192 919 1214 uxores
930 1183 1082 1215 dicuntur
1093 1184 1195 1216 Abba-

194 1224 269 1256 tissae
281 1246 290 1261 ‚
310 1223 443 1256 Card.in
453 1226 780 1259 ClemAnendcmes.
796 1227 1012 1263 §.Statuimun
1022 1229 1057 1258 in
1071 1226 1198 1268 5·⁴Iuaest·.

151 1277 166 1307 5
189 1268 226 1299 de
239 1266 324 1308 statu
357 1267 508 1300 Monac-h.
529 1268 649 1301 Verum
677 1269 720 1299 liri:
750 1269 1003 1308 nuncupationes
1024 1269 1193 1311 improprie

194 1310 380 1352 usurpantur
392 1334 401 1348 ,
423 1312 500 1352 quia
510 1310 615 1343 Abi-,as
627 1311 750 1352 propi-id¹
762 1311 802 1343 esi
811 1322 905 1352 caput
918 1312 1107 1345 Monaslerii
1120 1315 1195 1345 Mo-

192 1354 368 1386 nacliorum
380 1377 389 1390 ,
410 1365 444 1387 ut
460 1358 506 1387 18.
522 1364 582 1392 q.2.
595 1363 647 1395 per
657 1364 712 1386 tot.
724 1365 788 1395 cap.
801 1354 929 1387 Citmad
950 1355 1191 1397 filomistcri'um‚

189 1395 391 1438 infindestatu
403 1397 1194 1441 Monach.Colleg.Paduan.consil.2.nu.26.0³'scqq.

192 1441 257 1481 post
269 1440 403 1472 consilia
423 1441 520 1474 Card.
531 1441 587 1473 ubi
606 1442 695 1482 plura
706 1444 743 1473 de
756 1441 949 1482 antiquitate
961 1443 1120 1475 Abbatum
1131 1465 1142 1480 ,
1161 1448 1193 1475 ὃς

192 1484 432 1517 Monacliorum
443 1507 453 1522 ‚
476 1487 515 1517 de
525 1495 590 1526 quo
601 1484 698 1517 etiam
709 1495 761 1526 per
781 1484 965 1526 Caecialup.
976 1487 1076 1528 confit.
1085 1496 1132 1519 10.
1143 1499 1191 1518 mi.

197 1537 224 1567 5.
239 1525 431 1569 &seqq-post
444 1528 577 1560 consilia
588 1528 722 1569 ejusdem
735 1527 917 1560 Cardinalis
929 1552 936 1559 .

149 1575 169 1604 6
232 1570 381 1603 Secundo
392 1594 401 1608 ‚
418 1582 496 1604 nora
507 1572 551 1603 ibi
566 1593 574 1607 ‚
586 1573 670 1604 Dum
680 1570 864 1612 infirmitate
874 1571 1030 1604 laboraret
1039 1595 1047 1610 ,
1058 1584 1112 1614 per
1123 1584 1194 1605 cor—

191 1614 278 1656 poris
289 1615 512 1647 infirmitatem
525 1625 592 1646 non
604 1614 750 1655 impediri
763 1613 866 1646 aetum
880 1616 959 1647 voti:
973 1617 1018 1648 vel
1032 1616 1194 1656 professio-

190 1658 240 1690 riis
255 1669 264 1695 3
284 1659 317 1690 &
329 1658 369 1690 sic
383 1658 522 1689 validum
534 1657 576 1690 est
588 1667 697 1689 votum
711 1658 743 1689 in
754 1658 943 1690 infirmitate
952 1660 1093 1691 emissum
1104 1682 1114 1696 ‚
1135 1660 1192 1692 nisi

193 1711 283 1734 tanta
294 1701 330 1733 sit
342 1701 447 1734 morbi
460 1702 507 1732 vis
518 1723 529 1737 ,
540 1711 574 1732 ur
587 1701 706 1733 mentis
716 1702 947 1734 alienationem
958 1703 1091 1735 inducat
1101 1726 1110 1739 ,
1122 1714 1156 1734 ut
1168 1715 1192 1735 c.

187 1747 279 1777 Sicut
291 1743 375 1776 nobis
385 1766 395 1780 ‚
407 1746 439 1776 δε
453 1745 496 1776 ibi
507 1744 573 1776 dixi
587 1755 616 1775 η.
629 1756 680 1777 22.
692 1744 766 1786 infr.
781 1745 817 1776 de
827 1747 957 1784 regular.
969 1752 1007 1778 U'
1016 1748 1049 1778 in
1059 1758 1083 1777 c.
1098 1745 1194 1782 fimde

183 1785 349 1830 fhccefflab
361 1786 460 1830 intest.
472 1790 504 1820 δε
517 1788 567 1819 liic
579 1798 695 1819 notant
708 1788 797 1820 Host.
808 1791 840 1819 2⁴71
850 1791 981 1829 princa‘n
993 1789 1193 1831 veuls-sfirma—

190 1841 258 1863 tate
268 1854 276 1868 ‚
289 1831 673 1873 Joan.Andr-n.4.ssutr.&
686 1832 800 1863 Abb.i71
809 1830 940 1864 animab.
951 1831 1079 1874 Qiippe
1091 1844 1193 1866 metus

193 1876 327 1911 mortis,
337 1875 397 1906 sive
410 1875 576 1915 proveniat
588 1876 624 1906 ab
640 1875 857 1911 intrinseco,&
871 1875 968 1907 causis
982 1878 1191 1913 narumlibtis,

191 1918 252 1950 sive
265 1919 302 1950 ab
314 1918 541 1954 exrrinseco,&
555 1918 653 1950 causis
665 1918 952 1959 liberismunquam
964 1919 1069 1952 irritat
1079 1920 1193 1961 profes-

195 1962 315 1994 sionem
330 1984 339 1997 ,
362 1961 418 1993 nifi
443 1961 537 1992 fuerit
557 1962 692 1993 incussus
714 1965 748 1993 ad
765 1962 984 2002 professionem
1004 1973 1193 2005 extorquen-

191 2007 276 2041 dam,
289 2005 377 2047 juxta
388 2005 543 2037 terminos
553 2014 655 2045 capa.
667 2006 780 2046 »made
792 2004 838 2036 lu's
851 2028 861 2040 ‚
882 2016 938 2043 qua:
951 2008 986 2037 vi
1000 2006 1192 2048 met.caufiut

193 2047 262 2080 fuse
278 2048 406 2088 probavi
421 2048 452 2078 in
462 2051 527 2079 asa·
537 2051 604 2085 quis
612 2052 664 2080 n.8
672 2059 682 2079 1
690 2047 737 2080 O*
747 2047 886 2087 82.i71f'ra'
895 2048 932 2080 de
942 2050 1129 2088 regularibus
1141 2074 1148 2082 .

150 2100 171 2130 7
234 2089 350 2123 Tertio
363 2113 373 2127 ,
396 2101 474 2122 nota
494 2091 558 2127 ibi,
579 2090 648 2123 Sibi
658 2095 747 2131 petiit
768 2092 903 2123 lubitum
922 2093 1131 2134 Monasticum
1143 2096 1191 2126 in-

196 2132 313 2173 dulgeri
324 2157 333 2170 ‚
355 2133 441 2174 quod
453 2134 566 2178 eojpso
577 2157 586 2170 ,
606 2134 690 2175 quod
703 2135 774 2176 quis
785 2135 927 2166 liabiturn
939 2137 1138 2177 probationis
1149 2138 1193 2170 as-

194 2178 291 2210 sumit
303 2200 312 2214 ,
332 2179 364 2209 &
377 2177 478 2209 aufert
498 2177 606 2208 bonaa
620 2178 646 2209 se
659 2179 776 2209 collata
788 2178 930 2210 Ecclesiae
941 2201 950 2215 ,
970 2179 1003 2210 in
1013 2190 1077 2221 qua
1087 2180 1128 2212 est
1140 2182 1192 2213 be-

195 2221 365 2253 neficiatus
377 2243 387 2256 ‚
399 2220 541 2252 censetur
552 2221 708 2252 beneficio
720 2222 902 2252 renuntiare
913 2243 923 2258 ‚
934 2232 991 2254 nec
1003 2223 1100 2263 potest
1113 2224 1190 2255 illud

194 2273 333 2305 repetere
345 2286 355 2299 ,
367 2262 444 2294 licet
455 2262 678 2303 profeffionem
690 2274 755 2295 non
770 2264 916 2296 emittat:
932 2269 969 2296 de
979 2276 1045 2305 quo
1055 2266 1097 2298 est
1105 2267 1192 2299 casus

192 2307 348 2341 notabilis
361 2329 371 2343 ,
383 2308 414 2338 &
423 2316 545 2346 apertus
558 2305 608 2337 liic
621 2306 793 2339 secundum
806 2306 962 2339 veriorem
974 2309 1170 2341 intellectum
1183 2322 1190 2342 ι

193 2361 271 2383 nain
283 2349 336 2381 isse
345 2349 493 2382 Clericus
505 2349 670 2381 P.Rubeus
683 2360 749 2382 erat
760 2348 948 2383 Canonicus
959 2351 1103 2385 Ecclesiae
1114 2353 1191 2386 San-

195 2394 238 2426 ‹sti
251 2393 384 2425 Nicolai
394 2395 432 2425 de
442 2392 609 2434 Ceparano
620 2415 629 2429 ,
649 2393 821 2426 secundum
832 2394 1008 2436 gloffiBald.
1020 2397 1053 2427 δε
1064 2397 1144 2428 Abb.
1157 2397 1192 2428 iri

196 2437 389 2478 figuratione
400 2434 486 2468 casus
500 2458 509 2472 ‚
519 2435 698 2468 Hosticum
707 2439 840 2477 princ-in
850 2439 1056 2471 ver-Clericus
1066 2462 1076 2476 ‚
1099 2442 1131 2473 ὃ(
1143 2440 1190 2480 Jo.

197 2481 297 2513 Andr.
308 2489 387 2512 num.
403 2482 474 2521 3.in
492 2478 545 2520 fin.
558 2479 595 2511 Et
614 2480 647 2511 in
667 2479 806 2513 Ecclesia
825 2480 932 2513 Sancti
950 2481 1123 2515 Salvator-is
1144 2483 1191 2514 sii-

196 2523 443 2564 scepitliabitum
455 2522 664 2554 monasticum
678 2523 729 2563 (id
745 2523 786 2555 est
800 2525 1010 2565 probationis,
1018 2525 1191 2558 secundum

196 2578 306 2598 omnes
319 2568 328 2607 )
342 2567 497 2608 petiitque
507 2567 525 2598 a
533 2566 635 2607 prima
645 2566 784 2599 Ecclesia
795 2569 882 2600 bona
892 2568 940 2600 illi
951 2570 1068 2601 collata
1078 2569 1131 2601 fibi
1143 2580 1191 2601 re-

199 2610 284 2642 stitui
294 2632 303 2647 ‚
325 2621 359 2642 ut
372 2620 457 2651 patet
475 2610 521 2641 ibi
533 2621 540 2640 ;
564 2612 620 2642 Ex
632 2620 685 2648 quo
693 2622 729 2643 ea
741 2633 751 2648 ‚
761 2611 887 2655 quaestbi
897 2613 1083 2650 contulerat,
1094 2612 1137 2645 ad
1146 2622 1191 2654 pe-

199 2654 335 2684 titionem
339 2653 429 2694 suam
439 2653 610 2697 refignavc't
618 2653 725 2686 eidem.
738 2655 776 2687 Et
788 2665 913 2697 propter
923 2655 982 2688 lioc
993 2656 1136 2689 censetur
1145 2666 1190 2688 ta-

200 2696 264 2727 cite
276 2697 432 2729 beneficio
442 2696 638 2729 renunciasse
648 2719 658 2734 ‚
682 2707 717 2729 ut
728 2699 848 2730 constat
860 2709 896 2731 ex
907 2699 972 2731 illis
983 2699 1105 2732 verbis:
1131 2701 1190 2732 Di-

201 2739 249 2768 &a
276 2741 412 2783 Ecclefia
433 2738 472 2771 ab
493 2752 523 2771 eo
535 2739 638 2781 soluta
668 2740 850 2783 dignoscitur
863 2753 872 2779 ς
893 2743 1085 2782 prresutnitur
1104 2743 1190 2775 enim

199 2781 335 2813 habuisse
357 2794 411 2823 pro
443 2783 594 2816 derelicta
617 2784 750 2825 primam
781 2785 952 2818 Ecclesiam
976 2797 983 2822 3
1015 2796 1083 2818 tum
1113 2786 1190 2828 quia

199 2824 307 2855 omnia
327 2826 409 2858 bona
420 2827 522 2859 eidem
533 2826 549 2858 a
568 2827 690 2868 seprius
712 2829 829 2860 collata
850 2830 921 2861 inde
946 2829 1070 2861 abstulit
1090 2841 1098 2866 ·‚
1121 2840 1189 2861 tum

199 2867 276 2907 quia
288 2867 320 2897 in
342 2867 513 2909 Religione
525 2870 670 2902 habitum
682 2872 880 2912 probationis
889 2872 1042 2913 assumpsit
1054 2896 1063 2908 ,
1084 2873 1190 2904 secun—

200 2909 276 2941 dum
288 2910 396 2942 Innoc.
410 2923 520 2944 num.1.
533 2913 601 2945 Nec
617 2914 663 2946 ibi
673 2914 810 2956 expresse
820 2937 829 2950 ,
853 2916 900 2947 vel
917 2915 1015 2948 tacite
1027 2915 1189 2956 professio-

200 2963 274 2984 nem
294 2953 393 3000 emisit
415 2965 422 2984 :
445 2956 587 2996 alioquin
612 2957 693 2998 Papa
712 2969 777 2990 non
798 2958 979 2990 hortaretur
1002 2959 1158 2991 Abbatem
1179 2981 1190 2996 ,

200 2998 234 3043 Et:
253 2994 397 3043 Clericos
408 2996 548 3043 Ecclesiae
556 2999 708 3033 saecularis
719 3001 826 3034 Sancti
838 3001 969 3034 Nicolai
980 3025 990 3039 ,
1014 3013 1047 3034 ut
1060 3013 1132 3034 eum
1143 3013 1189 3034 re-

202 3048 341 3079 ciperent
355 3050 389 3070 in
400 3040 517 3072 socium
527 3063 537 3077 2
556 3044 630 3074 &in
653 3044 781 3077 fratrem
790 3067 801 3080 ,
821 3055 856 3077 ut
884 3046 1032 3078 accurate
1044 3045 1187 3078 observat

202 3083 287 3129 idem
306 3082 417 3114 Innoc.
429 3081 476 3114 hic
493 3086 525 3114 in
543 3084 595 3124 fin.
607 3088 639 3117 in
662 3087 744 3120 verb.
758 3090 938 3130 Recipianm
959 3091 993 3120 ὃς
1007 3099 1113 3121 tamen
1124 3089 1187 3122 Ca-

201 3134 389 3157 nonicatum
401 3125 440 3157 sic
454 3126 551 3158 tacite
563 3129 721 3162 dimissum
734 3142 799 3162 non
820 3142 986 3173 recuperat
998 3155 1007 3168 ‚
1029 3142 1085 3163 nec
1109 3132 1188 3164 l'rae-

202 3170 282 3216 latus
293 3167 435 3201 Ecclesiae
446 3191 455 3206 ‚
477 3171 508 3201 ὃ(
528 3169 605 3203 socii
617 3183 772 3213 coguntur
787 3176 859 3208 euni
881 3173 1014 3218 amplius
1026 3176 1166 3217 recipere
1177 3198 1187 3212 ,

202 3222 236 3243 ut
256 3222 289 3245 in
310 3222 386 3244 text.

613 60 780 129 Prosp.
801 57 1024 126 fagnan.
1047 56 1100 111 iii
1119 56 1340 113 Primum
1363 57 1571 114 Librum
1583 58 1845 114 Decretal.

1280 151 1337 180 §cti
1351 150 1396 179 liic
1407 150 1530 180 obstare
1544 149 1666 181 videtui·
1682 151 1910 183 determinatio
1920 152 2005 194 Papae
2015 155 2048 187 in
2060 164 2124 194 cap.
2135 157 2227 187 Bm.»-
2250 157 2269 186 8

1229 189 1356 232 ficium,
1377 190 1623 230 amarioribus,
1644 193 1698 224 ubi
1718 203 1803 232 pater
1815 195 2004 228 beneficium
2015 197 2225 237 ingredientis

1222 251 1224 255 ν
1235 232 1442 275 Religionem
1453 234 1534 266 infr&
1545 245 1664 268 annum
1676 236 1872 275 probationis
1884 247 1950 270 non
1964 248 2084 277 vacare,
2094 251 2152 273 nec
2164 239 2228 281 pos-

1235 276 1262 308 se
1275 277 1365 309 altcri
1376 277 1516 310 conferri
1527 300 1536 314 ,
1558 278 1616 310 nisi
1627 280 1663 310 ad
1677 279 1707 310 id
1721 278 1811 319 ipsius
1824 279 2034 320 ingredientis
2044 285 2173 316 accedat
2184 282 2228 314 as-

1233 319 1333 351 sensus
1344 343 1353 357 ,
1374 321 1429 361 qui
1451 331 1502 361 pei·
1513 321 1572 353 lioc
1584 322 1776 362 intelligitur
1788 323 1944 355 beneficio
1954 326 2137 358 renuntiare
2146 348 2157 364 ‚
2177 326 2226 357 vel

1233 362 1290 394 nisi
1299 363 1522 403 professionem
1542 363 1637 396 saciat
1650 366 1815 405 expressam
1827 388 1838 402 ,
1858 367 1905 398 vel
1921 367 2075 405 tacitam,
2094 378 2162 409 quae
2180 369 2228 400 in·
2272 370 2273 373 ’

1231 405 1359 438 ducitur
1371 407 1552 440 assumendo
1562 407 1704 439 habitum
1716 408 1933 447 orofefforum,
1945 411 1990 442 vel
2003 411 2148 443 habitum
2159 421 2228 452 pm-

1233 448 1372 481 bationis
1391 459 1465 482 cum
1476 450 1634 491 proposito
1652 450 1791 482 absolute
1804 452 1905 485 vitam
1917 454 2083 485 mutandi.
2105 453 2162 486 ifle
2174 464 2229 486 au-

1231 500 1295 524 tem
1305 491 1452 524 Clericus
1471 493 1503 525 P.
1516 492 1645 525 Rubeus
1655 494 1792 534 expresse
1812 505 1878 528 non
1899 496 2054 528 consensit
2066 496 2228 528 renuntia-

1232 535 1317 567 tioni
1329 536 1476 568 beneficii
1500 536 1545 568 sui
1559 548 1566 566 :
1589 547 1654 568 nou
1666 537 1752 569 enim
1774 539 1921 571 audiendi
1935 540 2005 572 sunt
2018 563 2028 576 ,
2047 540 2104 581 qui
2115 540 2227 571 dicunt

1231 578 1314 610 hunc
1327 577 1492 612 Clericum
1503 579 1640 621 expresse
1651 581 1865 618 renunciasse,
1884 583 1961 623 quia
1971 584 2029 615 lioc
2043 583 2083 614 est
2094 583 2220 614 divina-

1230 631 1262 653 re
1274 644 1284 658 ,
1303 619 1378 654 cum
1387 633 1424 654 ex
1436 623 1544 655 littera
1557 633 1623 654 non
1634 623 1805 662 colligatur
1817 636 1824 655 ι
1848 625 1925 657 irem
1935 627 2054 658 nullam
2065 626 2143 658 fecit
2155 635 2227 666 pro-

1233 664 1397 697 temonem
1408 688 1418 702 ‚
1439 666 1571 707 utsupra
1585 665 1726 706 proxime-
1747 667 1900 702 ostensum
1913 669 1953 700 est
1964 691 1972 699 .
1994 670 2038 701 At
2057 669 2222 710 responde-

1229 708 1255 738 ri
1270 708 1378 748 potest,
1395 708 1460 740 imo
1469 710 1551 741 liunc
1563 707 1729 741 Clericuni
1738 710 1920 743 consensisse
1934 712 2169 745 renuntiationi
2180 711 2227 743 sui

1232 750 1455 783 Canonicatus
1464 751 1561 784 tacite
1575 751 1724 783 faciendo
1740 752 1844 784 aetum
1853 755 2051 787 contrarium
2065 777 2075 792 ‚
2097 755 2221 787 scilicet

1234 797 1406 834 repetendo
1417 795 1500 826 bona
1511 817 1521 831 ,
1531 805 1599 836 quae
1613 796 1792 827 contulerat
1806 796 1950 827 Ecclesia:
1960 819 1970 833 ‚
1981 798 2034 828 ubi
2045 808 2110 832 erat
2121 798 2228 831 Cauo-

1231 836 1324 868 nicus
1336 858 1346 873 ‚
1366 847 1403 869 ex
1413 847 1479 877 quo
1490 837 1589 877 surgit
1601 838 1700 869 tacita
1726 839 1926 875 renutiatio;
1947 842 1978 871 ὅ(
1991 841 2150 882 propterea
2161 845 2228 872 nori

1231 880 1328 921 potest
1342 880 1532 913 beneficium
1546 890 1683 922 repetere
1696 892 1703 911 t
1727 882 1759 912 &
1772 880 1817 913 ita
1827 880 1877 913 liic
1890 885 2144 915 text.concordat
2154 894 2229 915 cum

1231 921 1474 967 d.c.Bencfici'um
1487 946 1497 959 ‚
1519 924 1595 964 quia
1604 923 1762 955 versamur
1774 924 1807 955 in
1817 925 1921 965 primo
1931 925 2003 957 casu
2016 925 2062 957 ibi
2074 936 2205 967 excepto
2216 949 2226 962 ,

1229 976 1321 1006 prout
1336 966 1414 1000 bene
1425 968 1565 999 declarat
1581 967 1669 1006 gloss.
1689 965 1802 999 ibid.in
1814 979 1878 999 ver.
1892 967 2036 1010 Affensus
2049 992 2058 1006 ‚
2082 970 2168 1001 Butr.
2180 968 2229 1002 hic

1226 1019 1308 1049 n.15.
1321 1012 1352 1042 δε
1365 1011 1444 1042 Abb.
1457 1013 1519 1042 n.8.
1531 1009 1631 1051 Qiod
1644 1019 1721 1041 nota
1733 1010 1904 1043 secundum
1919 1023 1972 1043 eos
1983 1014 2019 1043 :id
2040 1013 2229 1044 declaratio-

1228 1053 1399 1086 nemillius
1413 1054 1580 1086 decretalis
1593 1075 1604 1090 ‚
1625 1053 1702 1095 quia
1720 1056 1795 1085 dum
1808 1054 1933 1086 inducit
1950 1055 2229 1088 renuntiationem

1227 1097 1377 1129 beneficii
1392 1096 1602 1138 ingredientis
1616 1095 1858 1136 Religionein‚si
1871 1100 1908 1130 ad
1922 1099 1952 1130 id
1965 1100 2030 1141 ejus
2042 1101 2173 1131 accedat
2184 1099 2230 1130 as-

1228 1140 1329 1171 sensus
1342 1162 1351 1177 ,
1372 1140 1435 1172 liaec
1449 1140 1597 1172 conditio
1618 1139 1799 1172 verificatur
1813 1141 1845 1172 in
1855 1152 1894 1173 eo
1906 1163 1915 1177 ‚
1935 1143 1990 1182 qui
2003 1141 2080 1174 facit
2102 1141 2206 1174 adium
2217 1164 2228 1179 ,

1225 1193 1260 1215 ex
1275 1193 1340 1224 quo
1350 1183 1448 1224 surgit
1459 1185 1608 1216 voluntas
1621 1183 1852 1215 renunciandi:
1874 1195 1927 1225 per
1937 1186 1996 1216 lioc
2007 1186 2093 1217 enim
2104 1185 2228 1217 induci-

1227 1235 1278 1257 tur
1290 1227 1389 1259 tacita
1400 1226 1606 1258 renunciatio
1617 1249 1627 1263 ‚
1648 1229 1680 1258 δέ
1694 1226 1882 1259 beneficium
1894 1228 1990 1268 potest
2000 1229 2092 1260 alteri
2103 1227 2228 1261 confer-

1227 1269 1252 1300 ri
1267 1292 1276 1305 ,
1290 1269 1368 1302 licet
1379 1269 1526 1310 professio
1537 1279 1602 1302 non
1614 1270 1759 1310 sequatur
1771 1281 1780 1307 ·,
1791 1273 1824 1303 &
1838 1271 1878 1303 sic
1890 1272 1966 1303 illud
1980 1274 2227 1313 cap.concotdat

1227 1323 1301 1344 cum
1311 1323 1387 1345 text.
1400 1314 1505 1344 noslro
1514 1335 1524 1349 ‚
1545 1323 1643 1355 quem
1655 1313 1818 1354 propterea
1830 1314 1870 1349 sic
1884 1314 2018 1347 summat
2029 1314 2225 1347 Cardinalis:

1226 1355 1259 1387 Si
1272 1356 1411 1388 Ecclefia
1423 1357 1460 1388 ad
1472 1356 1713 1397 requisitionem
1723 1359 1791 1400 ejus
1802 1380 1812 1394 ,
1830 1358 1886 1399 qui
1899 1359 1991 1390 liabet
2004 1359 2036 1390 in
2053 1370 2089 1390 ea
2112 1359 2227 1390 beneti-

1226 1399 1311 1430 cium
1321 1421 1330 1435 ,
1351 1399 1454 1431 eidem
1465 1400 1588 1430 volenti
1599 1401 1728 1432 transire
1740 1403 1776 1432 ad
1790 1400 1886 1432 aliam
1894 1400 2064 1433 Ecclesiam
2079 1423 2088 1437 ‚
2100 1402 2132 1433 &
2143 1411 2228 1433 tran-

1225 1442 1326 1474 seunti
1349 1442 1484 1482 resignat
1501 1443 1613 1474 onmia
1631 1465 1642 1480 ,
1661 1453 1729 1483 quae
1746 1445 1833 1476 dedit
1854 1443 1999 1476 Ecclesiae
2022 1445 2149 1484 primm,
2169 1455 2224 1485 per

1224 1485 1284 1516 lioc
1305 1485 1500 1526 intelligitur
1521 1486 1558 1517 ab
1569 1496 1606 1517 ea
1627 1486 1784 1518 absolutus
1794 1509 1804 1524 ‚
1827 1497 1990 1528 tamquam
2010 1498 2047 1518 ex
2069 1487 2168 1520 tacita
2178 1498 2226 1520 re-

1231 1529 1437 1561 nuntiatione
1450 1528 1596 1561 beneficii
1607 1551 1617 1564 ‚
1640 1528 1777 1561 maxime
1791 1530 1812 1562 si
1823 1531 1935 1563 transit
1947 1533 1982 1562 ad
1996 1529 2203 1572 Religionem
2215 1554 2226 1568 ,

1227 1571 1307 1603 licet
1318 1583 1385 1604 nori
1396 1572 1578 1613 profiteatur
1591 1596 1599 1603 .
1657 1611 1658 1614 Ἰ

1270 1615 1391 1647 Verum
1405 1615 1498 1647 hodie
1510 1616 1570 1646 lioc
1582 1626 1649 1647 non
1663 1615 1825 1657 procedit,
1843 1617 1920 1658 quia
1931 1627 1967 1648 ex
1981 1615 2136 1650 Concilio
2152 1617 2226 1650 Tri-
2245 1629 2265 1656 9

1226 1657 1441 1700 dent.seff.25.
1455 1657 1490 1690 de
1499 1661 1591 1698 regul.
1603 1664 1682 1691 c.16.
1694 1661 1727 1690 in
1737 1662 1819 1700 prin.
1833 1670 1898 1692 non
1921 1661 2003 1692 valet
2015 1661 2219 1694 renuntiatio

1227 1702 1374 1734 beneficii
1386 1702 1469 1734 infra
1481 1713 1599 1734 annum
1620 1703 1817 1743 probationis
1829 1725 1839 1739 ,
1862 1703 1918 1735 nisi
1932 1704 1985 1735 fiat
1997 1714 2071 1735 cum
2092 1704 2225 1736 licentia

1223 1745 1392 1777 Ordinarii
1404 1745 1487 1777 instit
1497 1747 1575 1777 duos
1587 1745 1706 1777 menses
1719 1747 1879 1785 proximos
1892 1757 1964 1778 ante
1974 1746 2196 1786 profeslionem
2210 1760 2217 1779 :

1223 1790 1255 1819 ὅ(
1268 1788 1479 1820 nihilominus
1490 1787 1634 1820 effeetum
1646 1799 1712 1820 non
1723 1789 1874 1825 sortitur,
1887 1790 1943 1821 nisi
1958 1790 2087 1830 sequuta
2099 1789 2217 1830 profes-

1223 1832 1309 1863 sione
1320 1854 1331 1868 ,
1353 1842 1387 1863 ut
1398 1832 1464 1864 dixi
1476 1833 1510 1864 in
1519 1835 1718 1864 astasio-mus
1729 1855 1739 1868 ‚
1750 1832 1834 1872 infra'
1845 1831 1881 1864 de
1890 1834 2078 1871 regulanubi
2090 1844 2223 1866 accura-

1223 1873 1255 1906 τὲ
1268 1875 1468 1910 examinavi,
1480 1887 1520 1907 an
1530 1878 1562 1907 δε
1574 1877 1703 1916 quando
1714 1876 1777 1907 tam
1792 1879 1829 1907 de
1844 1878 1907 1916 jure
1918 1876 2084 1907 communi
2098 1899 2107 1913 ,
2127 1879 2222 1918 quam

1223 1929 1260 1950 ex
1271 1918 1427 1951 Concilio
1438 1918 1633 1951 Tridentino
1654 1919 1846 1951 beneficium
1860 1929 1949 1951 vacet
1961 1929 2012 1959 per
2032 1919 2220 1960 resignatio-

1223 1972 1295 1993 nem
1306 1962 1475 2002 expressam
1487 1985 1497 1999 ‚
1509 1964 1556 1993 vel
1570 1963 1702 1994 tacitam
1714 1963 1780 2003 ejus
1795 1985 1804 1999 ,
1814 1963 1870 2003 qui
1882 1963 2072 2003 religionem
2085 1963 2225 2004 ingredi-

1223 2015 1274 2037 tur
1284 2026 1295 2042 ,
1316 2006 1349 2037 &
1362 2016 1401 2037 an
1411 2006 1502 2046 poffit
1520 2007 1611 2037 alteri
1623 2005 1763 2037 conferri
1775 2005 1856 2037 infra
1868 2016 1988 2046 tempus
2005 2007 2202 2046 probationis
2213 2029 2223 2044 ,

1223 2059 1302 2080 anve
1322 2049 1494 2089 resignatio
1504 2048 1683 2090 hujusmodi
1704 2049 1849 2081 effectum
1860 2050 2011 2081 sortiatur
2033 2049 2221 2090 professione

1223 2102 1289 2123 non
1301 2093 1448 2133 sequuta,
1470 2092 1514 2124 ibi
1527 2092 1616 2133 plene
1629 2092 1735 2124 videas
1747 2092 1820 2124 (ἐπα
1832 2102 1857 2130 5.
1869 2093 1955 2133 ufijue
1965 2094 2007 2123 ad
2018 2104 2154 2125 num.22.

1264 2134 1410 2176 Qtarto,
1420 2146 1499 2168 nota
1509 2135 1621 2172 ibi‚Ea
1633 2146 1690 2174 quae
1700 2135 1842 2177 predic'h
1857 2136 1993 2178 Ecclcfi'ae
2005 2139 2030 2168 S
2032 2137 2224 2169 ,Neomule-

1221 2188 1273 2210 rat
1287 2202 1297 2215 ‚
1316 2177 1481 2211 Clericum
1503 2178 1726 2211 beneficiatum
1748 2179 1781 2210 in
1793 2178 1929 2210 Ecclesia
1940 2179 2079 2211 saeculari
2089 2180 2171 2220 posse
2184 2183 2221 2211 ad

1222 2222 1413 2263 religionem
1427 2222 1558 2255 transire
1569 2245 1579 2259 ,
1591 2225 1622 2254 &
1635 2224 1717 2254 bona
1728 2232 1795 2262 qut:
1804 2221 1858 2263 ipsi
1868 2221 2015 2253 Ecclesiae
2024 2223 2221 2259 contulerat,

1222 2265 1326 2297 secum
1339 2266 1371 2296 in
1383 2265 1615 2304 Monasterium
1627 2263 1796 2296 transferre
1806 2275 1816 2293 .·
1837 2266 1922 2304 quod
1933 2264 2106 2305 diligenter
2116 2276 2194 2298 nota
2206 2288 2216 2303 ‚

1222 2309 1299 2348 quia
1311 2307 1392 2340 forte
1405 2317 1470 2340 non
1482 2307 1634 2349 reperitur
1646 2307 1742 2343 alibi,
1764 2306 1933 2338 secundum
1945 2307 2067 2339 Anton.
2080 2310 2118 2339 de
2130 2309 2215 2341 Butt.

1221 2353 1254 2382 in
1265 2363 1295 2391 4.
1305 2350 1406 2383 notab.
1420 2351 1509 2382 Irtiol.
1519 2359 1631 2389 num.5.
1642 2352 1674 2382 δι’.
1685 2351 1764 2381 Abi).
1776 2361 1857 2381 num.
1865 2360 1911 2382 10.
1923 2350 2057 2382 Covarr.
2071 2352 2104 2383 in
2115 2363 2140 2383 c.
2148 2361 2174 2383 1.-
2184 2364 2214 2383 n.

1224 2405 1272 2432 19.
1284 2393 1456 2436 dejcstum.
1468 2395 1504 2425 ln
1515 2394 1689 2434 oppositum
1701 2403 1808 2425 tamen
1819 2393 1860 2425 est
1871 2394 1958 2434 gloss.
1968 2404 2037 2434 quae
2056 2404 2219 2434 reputatur

1222 2433 1386 2479 singularis
1396 2459 1406 2473 ,
1430 2437 1463 2468 in
1473 2446 1540 2477 cap.
1554 2437 1598 2471 Ut
1606 2437 1659 2468 lex
1671 2439 1857 2469 continentia
1868 2459 1877 2473 ‚
1898 2439 1931 2468 in
1941 2446 2006 2468 ver.
2017 2437 2153 2479 Prffcffi,
2166 2448 2218 2477 27.

1221 2480 1343 2520 q.1.Sed
1353 2489 1387 2512 tu
1398 2490 1505 2512 teneas
1520 2481 1653 2522 primam
1665 2479 1874 2521 opinionem,
1885 2490 1937 2520 per
1947 2491 1982 2512 ea
1995 2502 2006 2517 ‚
2025 2491 2093 2521 qua:
2105 2482 2138 2512 in
2150 2492 2219 2522 pro-

1221 2524 1321 2565 posito
1331 2523 1432 2564 scripsi
1445 2524 1479 2556 in
1489 2524 1635 2565 mianton
1647 2522 1687 2565 cst
1696 2521 1810 2555 vobisa'
1819 2534 1866 2555 nu.
1875 2533 1886 2555 t
1896 2533 1922 2555 1.
1933 2523 2020 2565 usque
2031 2523 2073 2555 ad
2084 2535 2219 2558 mmai.

1220 2565 1307 2609 infra*
1318 2566 1353 2598 de
1362 2567 1492 2606 regular.

1267 2609 1411 2648 Ultimo,
1422 2620 1499 2642 uota
1510 2610 1555 2642 ibi
1568 2632 1577 2647 ‚
1585 2611 1660 2642 Non
1670 2619 1830 2648 tamquam
1840 2621 1927 2641 unum
1938 2609 1975 2641 de
1985 2610 2135 2653 Ecclesta,
2147 2609 2222 2643 Cle-
2242 2622 2254 2644 x
2265 2623 2275 2645 1

1221 2654 1324 2686 ticum
1336 2654 1491 2686 beneficio
1501 2653 1672 2695 privatum,
1681 2655 1713 2685 ὅ(
1724 2653 1825 2694 postea
1836 2653 1961 2685 noviter
1975 2663 2136 2694 receptum
2149 2664 2216 2686 non

1220 2707 1402 2737 recuperare
1429 2698 1575 2739 primaeva
1592 2697 1659 2738 jura
1669 2719 1680 2733 ,
1702 2707 1759 2729 nec
1781 2696 1997 2740 receptionem
2017 2698 2192 2729 retrotralii
2205 2720 2216 2734 ‚
2235 2692 2286 2742 s

1221 2752 1254 2772 ut
1267 2743 1303 2772 ad
1316 2750 1363 2783 ’us
1380 2741 1545 2782 pristinum
1565 2740 1818 2781 redintegretur,
1841 2739 1926 2771 Butr.
1943 2738 2047 2770 tua-nu.
2063 2750 2109 2771 10.
2123 2740 2216 2772 Imol.

2250 2147 2286 2170 lo

1208 2794 1331 2822 ,mimz
1344 2785 1424 2816 Abb.
1436 2796 1484 2816 nu.
1499 2793 1526 2823 5.
1538 2783 1577 2815 Er
1588 2778 1630 2814 est
1642 2784 1727 2815 ratio
1739 2806 1750 2820 ‚
1770 2782 1847 2824 quia
1857 2780 1873 2813 a
1884 2782 2065 2823 privatione
2077 2784 2113 2814 ad
2127 2783 2216 2816 liabi-
2243 2794 2278 2817 12

1218 2837 1287 2859 tum
1296 2838 1361 2859 uon
1372 2830 1465 2859 datur
1475 2827 1624 2867 regressus
1632 2849 1643 2863 ,
1662 2826 1779 2860 [Liber
1789 2824 1888 2861 homo,
1905 2823 2058 2866 ffidest.it.
2070 2826 2180 2857 homin.
2194 2827 2213 2857 si

1219 2871 1342 2902 habitus
1354 2871 1387 2902 sit
1399 2870 1534 2903 omnino
1544 2870 1701 2902 extinctus
1711 2892 1720 2906 ‚
1744 2879 1777 2901 ut
1791 2867 1842 2900 liic
1854 2890 1864 2905 ‚
1885 2878 1951 2899 non
1963 2878 2068 2900 autem
2082 2871 2213 2906 velatus,

1218 2914 1239 2946 l.
1253 2916 1286 2946 In
1298 2923 1416 2946 tantum
1427 2937 1437 2951 ,
1453 2911 1490 2956 ff.
1499 2913 1536 2945 de
1545 2924 1603 2945 rer.
1616 2911 1792 2954 divifltem
1801 2933 1810 2947 ,
1835 2920 1869 2942 ut
1880 2906 1985 2952 induit
1998 2912 2081 2943 Bald.
2098 2912 2146 2944 hic
2154 2926 2182 2945 71.
2194 2925 2222 2945 2.

1220 2958 1266 2999 jus
1279 2958 1515 2989 renuntiatione
1525 2955 1660 2997 sopitum
1670 2967 1735 2988 nou
1749 2954 1908 2987 reviviscit
1920 2977 1930 2991 ,
1950 2958 1983 2986 ek:
2009 2955 2050 2986 est
2068 2955 2165 2989 simile
2177 2957 2212 2988 in

1218 3002 1342 3033 1.Sol1'ta
1354 2999 1552 3042 providentia
1563 3022 1573 3037 ,
1583 2999 1659 3031 C.dc
1668 2997 1936 3040 remiss.pig›1or.in
1944 2999 2133 3040 I.Qaeritur‚
2147 3003 2201 3037 §.S
2202 3002 2215 3031 ι’

1217 3044 1358 3076 venditor
1369 3041 1458 3087 ‚fflde
1467 3041 1694 3076 calamati-'elin
1705 3043 1857 3074 l.l’1ii*lum
1869 3050 1941 3072 ante
1954 3041 2094 3073 haeredcm
2106 3064 2116 3079 ‚
2135 3042 2173 3075 (ῥ’
2182 3045 2216 3074 in

1217 3088 1326 3119 l.Tale
1335 3089 1452 3128 pastum
1462 3109 1472 3124 ,
1487 3087 1582 3131 §.Qui
1592 3096 1716 3126 procura
1724 3082 1861 3127 vi't,ffide
1871 3085 1953 3125 pac'b.
1966 3085 2054 3117 Facit
2065 3087 2178 3117 text.in
2188 3087 2213 3117 l.

1221 3142 1246 3163 1.
1261 3131 1368 3167 §.1.de
1382 3133 1547 3163 Decimubi
1558 3131 1574 3161 a
1585 3129 1710 3162 fortiori
1723 3129 1877 3165 Decurm,
1887 3129 1944 3169 qui
1956 3131 1993 3160 ad
2007 3138 2128 3170 tempus
2136 3130 2211 3161 rele-

1217 3184 1309 3215 gatur
1319 3197 1329 3211 ,
1351 3174 1414 3215 post
1425 3184 1545 3215 teinpus
1556 3184 1620 3205 non
1633 3181 1792 3213 recuperat
1805 3172 1942 3212 primum
1953 3173 2060 3204 locum
2071 3193 2081 3209 ,
2102 3171 2151 3204 sed
2161 3182 2211 3204 vc-

1218 3219 1264 3251 lut
1277 3228 1377 3251 novus
1390 3218 1423 3250 in
1430 3218 1543 3250 ordine
1554 3216 1639 3249 venit
1652 3239 1660 3247 .

2247 2924 2282 2956 ¹3

2001 3510 2075 3543 Dr
