2397 3664
237 57 337 93 200

193 138 272 171 alios
283 137 432 180 post‘eum
442 159 453 175 ,
462 136 521 170 'vel
534 128 657 176 plenius
666 130 836 163 secundum
847 130 927 161 Abb.
941 130 1018 161 Non
1030 129 1127 169 potest
1139 128 1187 160 in-

188 181 318 213 troduci
328 191 364 213 ex
376 178 604 213 consuetudine
615 197 624 212 ,
646 183 680 205 ιιι
691 173 761 213 quis
772 172 863 213 poslit
873 174 890 202 d
899 172 1037 204 iinitterc
1048 170 1187 210 dignita-

186 232 254 257 tem
267 223 327 256 sinc
340 222 504 264 superioris
528 218 656 251 licentia
667 238 676 251 ‚
698 216 745 247 vel
768 224 801 246 ιιι
813 215 901 257 possit
914 214 1031 247 electus
1051 213 1188 246 admini-

189 263 282 299 ss‘rare
297 277 362 299 nou
375 266 479 298 liabita
491 258 734 294 confirmatione
745 259 762 288 :i
771 257 927 299 superiore
940 281 948 289 .
972 257 1141 289 Dividitur
1153 257 1185 288 in

190 319 253 342 tres
266 320 367 350 partes
377 333 385 340 .
406 309 440 339 ln
450 305 548 354 prima
559 303 688 344 ponitur
709 301 877 333 temeraria
890 301 1074 334 translatio.
1097 300 1132 331 ln
1145 300 1184 331 se-

191 354 298 384 cunda
318 350 485 383 translatio
506 345 667 378 excusatio
679 366 689 380 ,
720 344 765 376 ibi
776 366 786 380 ,
807 342 994 385 Postmodum
1005 367 1013 375 .
1035 343 1072 375 ln
1090 343 1186 374 tertia

188 393 401 429 excusationis
420 389 598 431 reprobatio
609 410 619 424 ,
642 387 684 418 ibi
697 399 704 418 ε
726 386 807 419 Ciim
818 389 912 426 igitur
924 411 931 418 .

149 447 165 477 3
231 437 320 470 Nota
332 434 433 476 primo
445 433 488 466 ibi
502 444 508 462 τ
532 432 710 469 Legationis
729 430 825 504 oqfl'o
834 431 1047 472 fungerentur.
1069 429 1105 461 In
1125 437 1190 460 una

190 478 361 511 Provincia
370 477 451 518 porse
463 475 550 508 simul
562 474 620 506 effe
630 474 731 514 plures
778 483 887 514 egatos
899 476 937 505 de
959 474 1055 505 latere
1066 495 1075 510 ‚
1096 481 1188 514 prout

188 522 240 554 hic
253 531 341 553 crant
355 519 521 560 Episcopus
542 517 634 550 Host.
644 519 676 550 ὃ(
687 516 868 550 Cardinalis
883 517 912 548 S.
924 515 1041 549 Crucis
1052 540 1059 548 .

147 575 169 604 4
230 562 378 595 Secundo
389 571 467 594 nota
481 562 523 594 ibi
535 573 542 593 ε
556 562 630 592 Non
640 570 707 592 tam
716 559 891 601 consuetudo
903 572 910 591 t
923 570 988 591 non
1000 560 1102 591 valere
1113 568 1190 590 con-

185 606 381 639 suetudinem
392 628 401 642 ,
423 615 584 646 perquam
594 603 749 644 rumpitur
761 614 875 635 nervus
895 601 1115 635 Ecclesiasticae
1135 601 1184 632 di-

184 649 320 690 scipiinae
329 672 338 686 ‚
362 648 499 681 Bald.hic
508 651 541 679 in
570 650 647 680 rinc.
661 645 759 678 Unde
770 646 852 678 dicit
863 646 1028 678 Arcliid.in
1037 647 1186 686 capul-‘ra-

144 702 160 733 3
184 695 345 724 tcrm'tatis
354 703 523 733 num.3.34.
563 689 789 734 st.potellatem
802 689 955 721 Romanae
968 688 1111 721 Ecclesiae
1120 688 1186 719 dici

187 736 351 768 nervosam
360 758 369 772 ,
380 735 456 776 quia
468 745 533 767 non
547 734 716 775 frangitur,
728 733 803 764 licet
815 733 847 764 in
859 732 982 764 cortice
993 732 1185 763 vulneretur.

142 783 163 811 6
229 778 344 811 Tettio
356 782 434 811 nora
444 801 453 816 ,
473 789 509 811 ex
523 780 578 810 liac
590 776 740 810 decretali
752 778 830 807 duos
840 775 925 806 casus
938 798 947 812 ,
970 774 1125 816 inquibus
1135 783 1189 814 ge·

185 823 303 855 neralis
315 823 511 854 consuetudo
522 820 634 853 servati
647 830 713 851 non
724 819 826 851 debet.
839 817 961 849 Primus
972 817 1012 851 ess
1022 816 1188 849 dimitten-

184 866 217 896 di
229 866 435 907 dignitatem,
447 865 496 897 seu
508 864 708 896 Praelaturam
720 884 729 899 ,
743 863 790 893 vel
803 863 838 893 ad
852 861 945 893 aliam
957 860 985 892 se
996 860 1188 892 transferen-

185 908 220 940 di
236 910 347 951 absque
359 908 535 949 Superioris
550 905 679 938 licentia
690 928 699 941 ,
721 915 755 937 ιιι
767 913 852 946 patet
873 903 939 940 ibi,
960 907 1084 944 propria
1095 912 1188 935 teme-

186 954 284 984 ritate
294 949 450 994 migraffe,
471 953 503 983 &
516 959 630 982 notant
641 948 729 989 Joan.
742 948 842 980 Andr.
861 945 947 978 Bald.
961 947 1088 979 Bellaui.
1100 947 1186 978 Buir.

186 993 544 1027 Card.Ancliar.Abb.&
556 993 686 1034 Joan.de
697 990 1009 1031 Anan.infiimmario
1020 999 1125 1023 textus
1136 1013 1143 1021 .

140 1046 162 1076 7
226 1038 389 1070 Secundus
400 1037 440 1069 est
452 1035 693 1068 administrandi
715 1033 916 1066 Ptaelaturam
937 1043 1009 1065 ante
1020 1034 1187 1066 obtentam

185 1080 364 1121 Superioris
377 1079 655 1111 confirmationem
666 1101 676 1114 ‚
696 1078 843 1118 quamvis
854 1077 938 1109 enim
950 1077 1013 1108 liaec
1024 1077 1130 1108 littera
1141 1076 1188 1108 di-

184 1134 237 1155 cat
250 1146 259 1160 ‚
280 1134 338 1155 nec
350 1123 454 1155 liabita
466 1146 475 1159 ,
498 1132 555 1154 nec
569 1121 687 1162 petita:
710 1131 815 1153 tamen
830 1120 887 1151 lioc
910 1131 975 1152 nori
988 1119 1059 1151 ideo
1071 1120 1151 1151 dixit
1175 1141 1184 1155 ,

185 1165 271 1207 quod
295 1167 366 1198 satis
389 1165 491 1197 fuisset
513 1175 615 1206 petere
626 1187 636 1201 ,
657 1164 705 1196 sed
726 1164 807 1196 dixit
820 1163 936 1195 fastum
955 1165 1114 1195 narrando
1127 1185 1137 1200 ,
1156 1163 1189 1195 &

184 1219 407 1250 contemptum
421 1210 622 1252 :iggmqando
634 1231 643 1244 ‚
664 1219 699 1239 ut
712 1206 790 1239 beni*
810 1218 862 1248 per
873 1207 1064 1247 Joan.Andr.
1075 1216 1186 1246 num-3.

187 1255 219 1286 &
232 1254 312 1284 Abb.
325 1264 405 1285 mim.
417 1265 448 1293 ..μ
467 1253 546 1292 vers.
559 1253 699 1292 Oppono.
722 1250 769 1282 Ad
782 1251 840 1282 lioc
853 1250 939 1282 enim
950 1261 1015 1283 non
1026 1249 1138 1282 sufficit
1151 1250 1189 1281 li-

142 1299 162 1328 8
186 1296 328 1329 centiam
340 1307 443 1336 petere
456 1318 465 1332 ,
485 1295 542 1326 nisi
563 1295 769 1331 obtineatur,
789 1304 823 1325 ut
843 1303 909 1334 cap.
923 1293 1080 1325 Admonet
1090 1315 1100 1329 ‚
1121 1302 1187 1334 cap.

184 1340 275 1384 Qod
285 1342 318 1371 in
328 1339 428 1372 dubiis
439 1362 449 1376 ,
471 1337 507 1371 Θ
517 1347 582 1379 cap.
594 1338 675 1382 Nisi
682 1349 745 1370 cum
759 1336 875 1378 pridem
886 1335 970 1377 infra¹
980 1337 1018 1368 de
1025 1348 1145 1368 renunc.
1157 1339 1190 1368 δι

185 1385 326 1426 pondera
337 1383 496 1415 rationem
509 1383 542 1413 in
555 1391 644 1414 textu
655 1382 821 1421 exprei‘lam
833 1380 932 1412 curin
947 1380 1099 1420 praeditfitis
1111 1381 1189 1410 duo-

185 1429 243 1459 bus
265 1426 387 1458 casibus
408 1425 604 1457 consuetudo
616 1435 681 1456 non
695 1425 729 1456 sit
750 1425 900 1456 servanda
911 1445 920 1459 ,
941 1423 1091 1455 videlicet
1112 1423 1189 1464 quia

184 1471 250 1503 liaec
268 1480 336 1501 non
357 1467 422 1503 tam
445 1468 641 1501 consuetudo
660 1490 669 1504 ,
699 1465 792 1508 quam
813 1467 992 1507 corruptela
1011 1466 1127 1498 merito
1147 1466 1189 1498 est

186 1514 343 1546 censenda
353 1536 362 1550 ‚
382 1523 450 1554 qux
461 1511 555 1544 sacris
567 1511 757 1544 Canonibus
768 1510 808 1542 est
832 1509 964 1542 inimica
974 1533 983 1546 ,
1005 1519 1039 1541 ut
1052 1510 1084 1541 in
1107 1510 1190 1542 litte-

185 1555 240 1590 ra.
261 1557 305 1588 Ex
319 1557 378 1588 lioc
390 1556 473 1588 enim
486 1555 636 1597 sequitur,
648 1565 682 1585 ut
699 1565 762 1586 non
775 1554 878 1585 valeat
890 1576 900 1590 ,
921 1553 1043 1585 etiamsi
1062 1553 1096 1585 sit
1108 1553 1191 1584 tanti

186 1600 339 1641 temporis
350 1623 359 1637 ,
381 1610 415 1631 ut
433 1601 499 1642 ejus
520 1598 608 1630 initii
630 1608 696 1629 non
717 1606 800 1638 extet
820 1596 973 1629 memoria
986 1620 994 1633 ,
1015 1607 1087 1628 nam
1108 1607 1188 1638 quo-

187 1643 383 1684 tiescumque
403 1645 449 1675 lex
462 1652 527 1673 non
540 1640 639 1673 solum
660 1641 747 1673 tollit
757 1663 767 1677 ,
787 1640 834 1672 sed
847 1640 945 1672 etiam
968 1641 1114 1680 reprobat
1125 1663 1134 1677 ,
1155 1641 1187 1672 &

183 1689 314 1719 damnat
335 1684 598 1718 consuetudinem
619 1684 668 1716 uti
687 1694 814 1725 pravam
825 1706 834 1720 ‚
856 1683 1155 1716 &irrationabilem
1180 1695 1187 1714 z

184 1734 262 1763 tunc
275 1729 418 1762 censetur
430 1728 549 1760 sublata
560 1727 657 1760 etiam
671 1727 935 1759 immemorabilis
946 1749 955 1762 ,
977 1736 1011 1758 ut
1033 1726 1096 1766 post
1109 1726 1187 1758 alios

184 1773 283 1807 tradit
295 1771 429 1805 Covarr.
441 1774 563 1804 variar.
574 1770 660 1811 resol.
671 1769 757 1811 [ἑὰς.
768 1779 853 1810 capu
864 1780 890 1811 3.
901 1780 982 1801 num.
988 1778 1015 1808 5.
1027 1768 1107 1811 νον-β
1122 1768 1188 1801 Ad-

139 1827 159 1854 9
182 1815 351 1850 notandum
362 1825 465 1847 tamen
476 1813 517 1856 est
527 1840 534 1848 .
557 1815 594 1847 Et
604 1814 646 1846 est
656 1814 740 1846 ratio
751 1835 760 1850 ,
779 1814 855 1855 quia
865 1812 987 1845 etiamsi
999 1823 1119 1850 teinpus
1133 1814 1188 1845 iin-

183 1861 391 1894 memorabile
400 1859 586 1900 regulariter
596 1858 708 1890 liabeat
720 1857 785 1889 vim
803 1856 914 1893 tituli,
936 1857 986 1888 seu
997 1856 1156 1897 privilegii
1176 1879 1186 1892 ,

186 1915 222 1937 ut
232 1905 360 1943 leg.Hoc
369 1902 432 1942 jure
442 1925 451 1939 ‚
475 1902 622 1940 §.Dasius
632 1911 710 1939 aque
722 1923 732 1937 ‚
745 1898 837 1943 ffiDe
846 1910 926 1939 aqua
937 1898 1090 1938 quotics&
1099 1898 1187 1941 estin.

188 1948 262 1979 Hoc
284 1957 391 1979 tamen
415 1945 496 1978 fallit
507 1968 516 1982 ,
538 1945 590 1976 tibi
604 1944 802 1976 consuetudo
820 1944 837 1974 εἰ
851 1946 914 1985 jure
932 1943 974 1974 eli
992 1944 1156 1984 reprobata
1179 1967 1186 1975 .

187 1991 236 2022 Ita
248 1991 358 2022 Franc.
369 1990 402 2021 in
415 1998 478 2031 cap.
487 1999 511 2021 i.
523 1991 556 2020 in
569 1986 811 2029 2.not.verfilmo
820 1985 920 2019 tradit
931 1986 1020 2028 Host.
1030 1986 1066 2018 de
1076 1985 1190 2028 consue·

189 2035 253 2066 tud.
264 2032 350 2066 mm.
364 2033 460 2065 Felin.
472 2034 504 2064 in
515 2029 661 2073 capCia'in
674 2043 713 2062 ex
724 2031 816 2071 officii
826 2041 905 2062 num.
922 2041 970 2072 13·
980 2030 1018 2062 de
1027 2029 1190 2072 proscript.

190 2076 448 2116 Biitr.ciecifi4(›6.
460 2086 570 2115 namq.
582 2073 669 2107 l1·b.2.
679 2074 758 2115 Qio
770 2075 802 2106 fit
815 2097 825 2110 ‚
847 2085 880 2105 ut
893 2074 1025 2106 Oldtad.
1038 2077 1190 2115 ronst-ib.

190 2123 219 2154 F
221 2121 318 2152 astum
331 2121 396 2151 ttzlc
406 2118 445 2159 cst
455 2119 491 2150 dc
501 2117 669 2159 consuetud.
678 2121 790 2149 >iiim-,fa-
803 2117 883 2158 vers.
896 2118 1044 2151 Praererea'
1054 2129 1110 2149 non
1120 2117 1192 2151 hene

190 2166 393 2195 ration-natus
414 2161 505 2203 fucrit
527 2175 533 2192 :
564 2162 661 2202 potest
684 2160 853 2201 privilegio
872 2162 1010 2192 concedi
1029 2184 1038 2197 ,
1069 2172 1102 2193 ut
1121 2162 1192 2202 quis

193 2209 259 2239 fine
271 2207 515 2239 confirmatione
540 2205 735 2237 administret
747 2227 756 2240 ,
780 2213 813 2236 ut
824 2212 891 2245 carp.
905 2214 931 2236 1.
948 2201 1033 2245 infra'
1045 2202 1080 2235 de
1089 2203 1191 2246 fiippl.

192 2252 302 2289 neglig.
317 2251 438 2282 Praelat.
460 2248 495 2281 (ff
506 2258 571 2289 cap.
583 2249 668 2292 Qua
682 2259 732 2279 vos
742 2246 778 2279 de
789 2248 937 2288 appellat.
959 2249 991 2279 δι
1005 2247 1050 2278 ibi
1062 2258 1192 2279 notatur

191 2305 245 2336 per
266 2293 411 2325 Hossien.
435 2292 455 2323 si
476 2292 572 2333 potest
583 2291 768 2332 privilegio:
793 2301 869 2331 ergo
891 2293 922 2322 &
932 2291 1161 2323 consuetudine
1181 2313 1192 2327 ‚

194 2337 266 2370 sunt
276 2337 361 2368 enim
370 2336 459 2377 paria
477 2337 541 2367 liaec
551 2357 563 2371 ‚
584 2345 621 2366 tit
632 2342 762 2366 notatur
782 2344 834 2374 per
845 2335 1032 2365 innocemn
1045 2344 1108 2375 cap.
1122 2335 1191 2365 No-

192 2383 246 2412 vit
264 2378 351 2419 infra*
359 2383 395 2411 de
405 2377 497 2419 judic.
508 2378 635 2411 Etenim
646 2377 853 2418 aequiparatio
871 2377 928 2409 ista
938 2388 1003 2408 non
1016 2378 1158 2417 procedit
1180 2401 1190 2414 ,

193 2423 249 2459 ubi
267 2423 465 2455 consuetudo
475 2421 517 2455 est
536 2422 633 2464 ajure
653 2421 851 2462 improbata,
872 2431 906 2453 ut
917 2419 988 2457 hic,
1010 2423 1043 2452 &
1062 2421 1189 2461 ipsemet

132 2477 170 2501 10
189 2466 253 2510 Old
258 2469 322 2498 rad.
334 2466 438 2498 tenuit
448 2467 510 2498 loco
519 2465 652 2508 inferitis
659 2464 784 2497 citando
793 2475 872 2496 num.
888 2474 934 2495 12.
945 2465 1018 2496 eiset
1029 2464 1115 2496 enim
1126 2475 1193 2505 per-

195 2510 312 2543 nitiosa
321 2510 532 2546 consuetudo,
545 2519 597 2550 per
607 2518 702 2550 quam
713 2507 918 2541 omitteretur
929 2507 1092 2549 inquisitio
1103 2531 1114 2545 ,
1123 2518 1191 2550 quae

615 2668 749 2722 DE

587 39 761 107 Prosp.
789 4 1083 103 fagnanssin
1099 33 1321 89 Pri-mum
1338 33 1549 90 Librum
1580 34 1844 90 Decretal.

1230 139 1262 159 in
1283 126 1528 159 «mfirmatione
1539 128 1654 159 servari
1672 129 1763 159 debet
1777 149 1786 163 ,
1807 127 1966 168 cap-Ciam
1983 130 2085 169 nobis,
2106 129 2221 175 δἐι).

1227 169 1435 204 Venerabitem
1444 169 1530 211 infra'
1538 169 1575 201 de
1584 170 1667 202 eleos.
1680 170 1850 202 secundum
1861 169 2020 210 Compost.
2042 173 2092 207 hic
2101 186 2181 207 num.
2194 187 2222 208 ι.

1226 215 1283 254 qui
1294 213 1388 245 refert
1399 222 1523 254 propter
1535 213 1592 244 hoc
1604 213 1692 245 fuisse
1702 223 1740 245 ca
1754 214 1768 244 Γ
1766 223 1849 245 atam
1861 215 2046 248 eiectionem
2067 217 2181 249 l’rioris
2192 219 2223 251 S.

1228 256 1343 288 Crucis
1362 255 1616 297 colubrum-qui
1637 267 1735 288 annos
1755 257 1969 298 quinquenne
1980 261 2224 295 confirmatione

1229 299 1500 331 administraverat
1510 298 1608 342 ³13¹?ss
1620 300 1719 341 postea
1733 299 1810 340 Papa
1825 300 1913 331 illum
1926 300 2094 334 restituerit
2105 314 2141 336 ex
2152 313 2224 344 gra-

1228 343 1274 374 tia
1286 365 1294 374 .
1318 341 1416 374 Unde*
1427 342 1557 383 quidam
1570 344 1628 375 lioc
1641 344 1756 375 liabent
1767 354 1802 375 ex
1815 343 1981 383 privilegio
1992 366 2003 380 ‚
2023 354 2057 377 ιιι
2077 345 2140 378 sine
2150 356 2228 379 con-
2251 354 2286 381 tt

1229 385 1411 418 firmatione
1433 385 1650 418 administrent
1661 407 1672 423 .
1694 386 1770 419 sicut
1791 385 2011 419 cistercienses
2020 410 2029 424 ,
2052 399 2125 420 narn
2148 388 2224 422 sicut

1229 429 1350 461 dicitur
1370 428 1403 460 in
1424 438 1511 470 patre
1529 431 1626 461 dante
1645 439 1785 462 tutorem
1806 430 1872 461 filio
1890 430 2118 470 emancipato,
2137 432 2224 473 quod

1230 471 1345 504 Praeror
1356 482 1427 503 eum
1439 471 1610 504 confirmat
1623 471 1684 504 sine
1706 472 1932 513 inquisitionem.
1957 477 1983 505 Ε.
1993 473 2054 505 Sed
2065 473 2117 506 hoc
2126 474 2222 516 instit.

1229 514 1266 547 de
1268 513 1534 556 satisdaet.Tutor.
1546 516 1577 548 ὅ(
1590 516 1649 548 lioc
1660 525 1785 556 propter
1795 517 2024 550 confidentiam
2035 540 2044 554 ,
2065 528 2159 558 quain
2172 528 2226 558 ge-

1231 559 1271 590 rit
1290 559 1338 601 jus
1346 561 1384 591 de
1405 568 1512 590 tutore
1522 569 1575 600 pet
1595 569 1714 600 patrem
1725 561 1820 590 dato:
1843 559 1895 592 Sic
1916 560 2012 601 potest
2022 561 2086 593 dici
2111 560 2224 601 Papam

1228 612 1350 636 tantam
1372 602 1522 633 fiduciam
1533 602 1645 634 liabere
1664 605 1702 633 de
1722 601 1900 643 aliquibus,
1921 613 1954 634 ut
1966 604 2010 635 eis
2031 605 2195 645 indulgeat
2214 626 2225 642 ,

1228 655 1263 677 ut
1274 645 1370 677 etiam
1381 645 1442 676 sine
1457 644 1662 687 inquisitione
1673 655 1782 676 eorum
1794 645 1963 678 electiones
1974 648 2223 685 confirmentur,

1225 691 1261 720 v&t
1273 690 1334 720 liaec
1346 688 1430 720 dicta
1438 687 1687 729 compostellani
1697 688 1869 729 sequuntur
1879 687 1928 721 liic
1940 690 1988 732 Jo:
2003 692 2101 723 Andr.
2112 693 2225 724 num.8.

1228 733 1260 765 ὅ(
1272 731 1488 763 communiter
1509 730 1582 763 DD.

1271 773 1389 806 Rursus
1400 774 1455 806 etsi
1474 773 1557 807 idem
1567 773 1700 806 Oldrad.
1711 773 1788 813 conſs
1799 785 1828 811 9.
1850 776 1955 817 Posito
1954 773 1992 815 fu
1996 786 2047 817 per
2061 777 2228 815 vraeiudicio

1220 818 1289 863 sine
1298 815 1467 859 prejudicio
1476 815 1753 858 ›eun1.5.verfiltem
1762 819 1845 857 ponit
1856 839 1866 853 ,
1887 813 2079 851 consuluerit
2091 822 2227 854 electum

1229 863 1262 894 in
1272 860 1457 901 Episcopum
1468 861 1506 892 de
1518 860 1747 892 consuetudine
1758 859 1958 900 l‘ortugallioe
1971 862 2072 894 {latim
2083 865 2164 903 posl‘e
2175 867 2227 897 ad-

1227 904 1402 937 ministrare
1422 913 1495 935 ante
1513 904 1812 936 confirmationem:
1835 913 1941 937 tamen
1961 905 2021 938 lioc
2032 905 2105 937 ideo
2114 907 2197 940 dixit
2214 929 2227 945 ‚

2253 787 2289 811 12

1200 980 1204 983 ,
1225 948 1303 996 quia
1321 946 1568 978 Ultramontani
1583 947 1616 978 in
1634 947 1811 979 concordia
1820 948 1910 980 electi
1931 949 2054 989 poffunt
2076 949 2166 982 illico
2177 952 2228 983 ad·

1229 990 1405 1024 ministrare
1416 991 1512 1021 etiam
1525 990 1765 1032 circumscripta
1784 990 2014 1024 consuetudine
2027 992 2060 1023 in
2083 993 2147 1024 vim
2159 1001 2227 1034 cap.

1228 1033 1328 1067 Nihil
1347 1033 1433 1075 infra*
1443 1032 1479 1064 de
1489 1033 1571 1065 cleti.
1593 1033 1630 1065 Et
1642 1034 1718 1074 quia
1735 1033 1815 1074 Papa
1826 1043 1901 1066 tunc
1914 1036 2065 1074 temporis
2076 1036 2229 1068 residebat

1227 1077 1310 1109 ultra
1329 1087 1474 1113 montes,
1495 1078 1528 1109 ἃ
1549 1076 1663 1109 electus
1675 1076 1868 1109 Bracarensis
1888 1078 2021 1111 distabat
2039 1078 2057 1110 ὲ
2075 1079 2166 1112 curia
2177 1089 2230 1120 per

1232 1132 1280 1163 30.
1300 1121 1420 1156 dietas,
1440 1121 1471 1152 δι
1494 1120 1627 1160 amplius
1637 1120 1843 1153 dubitabatur
1853 1131 1892 1153 an
1913 1122 2084 1154 eisetlocus
2103 1122 2229 1164 disposi-

1228 1164 1312 1197 tioni
1322 1163 1526 1204 d.cap.N1hil
1536 1165 1618 1195 itaut
1628 1186 1638 1200 ,
1662 1163 1795 1195 licuisset
1806 1163 1906 1196 eiecto
1916 1164 2019 1197 statim
2031 1166 2229 1198 administra-

1230 1219 1262 1239 re
1273 1230 1283 1245 ,
1303 1209 1336 1240 δι
1347 1206 1639 1248 Oldrad.tespondit
1660 1207 1780 1239 licuiffe
1791 1207 1888 1240 stante
1898 1207 2042 1249 praedicta
2060 1209 2228 1246 consuetu-

1230 1252 1303 1283 dine
1314 1250 1516 1291 Portugalliae
1524 1274 1533 1282 .
1554 1251 1659 1292 Atque
1671 1251 1715 1282 ita
1726 1260 1802 1282 tunc
1814 1261 1880 1283 non
1890 1252 2041 1291 agebatur
2051 1255 2089 1285 de
2099 1252 2229 1285 consue-

1231 1294 1342 1327 tudine
1353 1303 1467 1327 contra
1478 1293 1526 1336 jus
1536 1316 1546 1331 ‚
1568 1304 1603 1325 ut
1626 1294 1659 1327 in
1670 1293 1741 1325 casu
1761 1293 1852 1338 liujus
1862 1304 1929 1335 cap.
1944 1305 1968 1326 ι.
1991 1296 2039 1327 sed
2051 1298 2089 1327 de
2099 1295 2230 1328 consue-

1231 1337 1343 1370 tudine
1364 1337 1605 1377 interpretativa
1617 1337 1766 1378 praediCtae
1776 1339 1943 1370 decretalis
1963 1337 2080 1371 Nihil.

1273 1380 1330 1412 Sed
1343 1380 1498 1421 quidquid
1513 1380 1547 1413 sit
1562 1380 1593 1412 in
1606 1380 1677 1412 casu
1688 1379 1822 1412 Oldradi
1836 1402 1846 1418 ‚
1857 1381 2048 1422 generaliter
2059 1391 2132 1414 tene
2141 1384 2227 1423 quod

1228 1422 1279 1455 hic
1299 1423 1440 1459 dicitur,
1470 1422 1591 1457 scilicet
1610 1434 1676 1455 non
1685 1425 1787 1456 valere
1807 1425 2070 1457 consuetudinem
2091 1425 2231 1457 admini-

1230 1465 1344 1501 strandi
1358 1476 1430 1498 :inte
1442 1466 1720 1498 confirmationem
1733 1467 1907 1509 Superioris
1918 1491 1928 1505 ,
1953 1478 2045 1508 prout
2056 1469 2161 1500 tenuit
2184 1468 2227 1509 ip·

1231 1509 1326 1542 semet
1339 1509 1471 1541 Oldtad.
1483 1509 1538 1540 sibi
1550 1511 1730 1541 contrarius
1741 1511 1773 1542 in
1784 1511 1861 1552 confi
1877 1514 1944 1543 128.
1966 1512 2119 1555 Qoniam
2129 1510 2173 1542 ad
2181 1514 2231 1543 in-

1231 1553 1459 1593 vestigationem
1478 1563 1559 1585 num.
1573 1562 1603 1591 7.
1624 1553 1678 1585 ubi
1699 1553 1744 1585 ait
1766 1554 1942 1596 hujusmodi
1963 1554 2230 1588 consuetudinem

1231 1597 1289 1629 'effe
1301 1601 1317 1628 a
1338 1598 1404 1640 jure
1416 1598 1635 1637 reprobatam,
1657 1598 1689 1628 &
1701 1595 1773 1628 ideo
1792 1608 1850 1629 nec
1862 1597 2014 1634 titulum,
2035 1608 2093 1630 nec
2106 1597 2229 1641 jurisdi-

1228 1640 1367 1672 ctionem
1389 1639 1556 1676 conferre,
1577 1641 1609 1672 δι
1630 1639 1650 1671 si
1673 1640 1773 1681 aliqui
1791 1640 1933 1673 Ordines
1953 1641 2012 1673 lioc
2035 1641 2171 1679 liabent,
2191 1651 2227 1675 ut

1229 1684 1292 1718 sine
1312 1683 1557 1716 confirmatione
1571 1685 1812 1720 administrent,
1834 1685 1864 1716 id
1886 1695 1951 1716 non
1963 1685 2021 1716 esse
2041 1695 2078 1717 ex
2098 1684 2229 1717 consue-

1229 1728 1360 1763 tudine,
1382 1727 1429 1758 sed
1443 1738 1478 1758 ex
1499 1727 1686 1767 priviiepio.
1711 1727 1795 1758 ldem
1817 1728 1945 1760 firmant
1956 1727 2007 1760 liic
2018 1729 2105 1769 gloili
2127 1740 2156 1760 2.
2177 1728 2228 1759 In-

1229 1781 1383 1803 nocatum.
1391 1780 1401 1801 i
1409 1793 1416 1801 .
1428 1768 1657 1810 Columnam.
1667 1770 1899 1812 num.verſssed
1908 1772 1980 1802 licet
1989 1793 1999 1807 ,
2021 1771 2228 1803 Hou.num.6.

1228 1816 1317 1854 Joan.
1330 1814 1428 1845 Andr.
1440 1823 1519 1845 num.
1531 1816 1560 1844 8.
1573 1814 1658 1845 Butr.
1675 1824 1755 1848 num,
1767 1825 1817 1853 24.
1828 1813 1908 1854 verfi
1920 1815 1983 1847 Dic
1993 1813 2068 1853 quod
2077 1811 2228 1855 conspetu-

1231 1856 1267 1889 do
1278 1880 1288 1894 ,
1310 1856 1445 1889 Cardin-
1457 1865 1569 1896 num.5.
1580 1858 1612 1889 δέ
1625 1857 1822 1888 Abb.num.6.

1272 1901 1363 1934 fallit
1384 1901 1446 1932 haec
1469 1901 1576 1941 regula
1595 1900 1720 1940 speciali
1740 1901 1811 1933 casu
1831 1899 1860 1932 d.
1886 1911 1952 1942 cap.
1971 1900 2069 1932 Nihil
2093 1898 2178 1942 infra'
2194 1899 2232 1934 de

1230 1945 1314 1977 elect.
1327 1945 1476 1976 videlicet
1488 1943 1519 1974 in
1533 1943 1671 1976 l‘raelatis
1682 1966 1692 1979 ,
1713 1943 1769 1983 qui
1783 1943 1966 1976 immediate
1988 1944 2113 1976 subsunt
2124 1944 2208 1985 l’apae
2218 1967 2229 1982 ‚

1231 1993 1303 2020 nam
1315 1987 1338 2019 si
1351 1988 1408 2019 fiat
1420 1985 1512 2019 eleffifi
1533 1987 1564 2018 in
1577 1988 1774 2027 concordia,
1794 1989 1825 2020 &
1837 1986 1895 2018 sint
1908 1998 1995 2019 extra
2008 1988 2132 2020 ltaliam
2149 1998 2230 2019 con-

1232 2031 1332 2064 stituti
1352 2054 1361 2067 ,
1400 2040 1436 2063 ex
1459 2030 1599 2070 generali
1617 2029 1848 2069 dispensatione
1870 2030 1952 2073 Papa:
1973 2031 2074 2062 statim
2095 2031 2231 2064 admini-

1234 2076 1349 2112 strant,
1371 2085 1409 2105 ne
1422 2074 1544 2105 scilicet
1562 2073 1699 2107 Ecclesia
1720 2074 1856 2105 interior
1873 2074 2010 2114 patiatur
2023 2075 2054 2105 in
2075 2084 2232 2114 tempora-

1234 2120 1337 2155 libus,
1357 2119 1389 2150 &
1402 2116 1616 2158 spiritualibus
1630 2116 1805 2154 lenonem,
1824 2127 1860 2151 nt
1872 2117 1916 2149 ibi
1935 2119 1966 2149 in
1979 2127 2057 2150 text.
2080 2119 2112 2149 ὃς
2133 2116 2182 2149 hic
2197 2118 2232 2150 in

1233 2162 1320 2204 gloss.
1333 2161 1444 2202 penult.
1455 2162 1487 2192 ὃ(
1500 2171 1552 2202 per
1564 2161 1675 2192 Innoc.
1686 2172 1800 2192 numni.
1809 2160 1888 2201 ver-fi
1902 2160 2005 2194 Hodie
2014 2170 2115 2194 autem
2127 2183 2138 2193 .
2157 2159 2230 2193 Nisi

1235 2207 1268 2239 in
1281 2204 1419 2246 partibus
1431 2204 1561 2236 remotis
1572 2203 1666 2235 essent
1680 2203 1814 2243 Legati,
1836 2205 1912 2243 quia
1935 2213 2012 2234 tunc
2025 2214 2090 2235 non
2102 2203 2230 2237 liaberet

1235 2251 1341 2281 locum
1351 2246 1516 2288 dispositio
1525 2244 1623 2289 daup.
1635 2247 1682 2277 Νι
1689 2246 1733 2278 hil
1744 2268 1752 2281 ,
1774 2247 1909 2278 celsante
1921 2247 2075 2280 nimitum
2088 2245 2174 2278 illius
2184 2257 2231 2278 ra-

1234 2294 1321 2324 tione
1334 2314 1344 2328 ,
1366 2290 1413 2322 sed
1435 2290 1506 2321 effer
1520 2290 1608 2321 locus
1625 2289 1699 2320 liuic
1719 2290 1891 2326 decretali,
1913 2299 1946 2320 ut
1958 2289 2053 2322 sentit
2065 2289 2176 2321 innoc.
2197 2292 2230 2322 in

1226 2334 1285 2377 fin.
1305 2337 1379 2367 dum
1392 2334 1456 2365 ait:
1477 2332 1535 2364 Sed
1558 2330 1608 2363 liic
1619 2332 1734 2364 cumin
1758 2332 1927 2365 Provincia
1945 2333 2040 2365 essent
2054 2331 2165 2373 legati
2178 2355 2188 2369 ,
2207 2334 2226 2367 ὲ

1229 2379 1345 2420 quibus
1364 2386 1487 2418 poterat
1497 2376 1779 2408 confirmationem
1790 2377 1901 2408 habere
1911 2398 1921 2413 ,
1943 2387 2011 2408 non
2020 2377 2231 2418 prodestcon-

1230 2423 1363 2455 suetudo
1372 2444 1383 2457 ‚
1402 2419 1565 2461 compost.
1585 2429 1699 2451 numa.
1712 2419 1792 2451 Abb.
1805 2420 1919 2461 Amiq.
1932 2419 2038 2460 AEgici.
2060 2423 2092 2452 ὅ(
2104 2419 2233 2453 Boatin.

1231 2476 1311 2507 quos
1322 2463 1417 2497 refert
1426 2486 1438 2500 ,
1457 2465 1490 2495 &
1501 2462 1641 2503 sequitur
1650 2463 1742 2503 Joan.
1753 2463 1853 2496 Andr-
1862 2461 1959 2506 infin.
1971 2465 2003 2495 δε
2013 2463 2062 2505 Jo:
2075 2465 2113 2497 de
2124 2465 2229 2496 Anan.

1230 2520 1310 2541 num.
1323 2519 1349 2540 1.
1359 2506 1438 2548 vers.
1450 2508 1496 2538 Et
1505 2507 1658 2545 colligitur
1668 2505 1717 2538 hic
1728 2530 1737 2540 .

2254 1392 2291 1424 13

2255 1912 2294 1943 14

825 2665 1817 2724 CONSUETUDINE.

469 2785 578 2837 Idem
604 2785 858 2835 Innocentius
883 2782 962 2834 ΙΙΙ.
991 2780 1161 2830 Decano
1177 2778 1213 2828 S
1214 2780 1441 2832 alesberien.
1458 2779 1523 2832 A.
1548 2781 1855 2835 Archidiacono
1868 2815 1884 2844 ,
1898 2783 1953 2836 dis*

477 2853 481 2858 ’
735 2851 945 2919 Magistro
963 2851 1017 2902 P.
1040 2851 1213 2902 Penei-el
1225 2853 1261 2902 C
1262 2858 1428 2904 anonico
1450 2851 1688 2918 Parifienst'.
1851 2885 1854 2888 ·

778 2960 1178 3018 CAPU

1249 2963 1303 3017 T
1459 2962 1639 3019 VIII.

288 3071 368 3110 Um
378 3069 534 3110 dilectus
545 3070 640 3111 filius
651 3073 756 3114 Guil.
771 3074 938 3114 Andren.
953 3072 1124 3113 Ecclefiae
1147 3073 1364 3114 Monachus
1374 3097 1389 3120 9
1413 3075 1477 3124 qui
1496 3087 1564 3122 pro
1578 3073 1738 3113 Clerieo
1755 3069 1914 3118 ejusdem
1928 3071 2102 3113 Ecciefiae
2121 3069 2155 3112 se
2167 3067 2230 3110 σ’ς-

304 3117 411 3158 rebat
424 3144 436 3159 ·.
464 3120 501 3156 &
511 3120 786 3162 G-Procuratot
797 3121 1016 3162 Monasterii'
1028 3121 1209 3162 Karofen.

1235 3123 1270 3163 su
1275 3137 1339 3171 per
1352 3126 1427 3167 iure
1439 3122 1600 3173 eligendi
1616 3122 1806 3162 Abbatem
1822 3123 1856 3159 in
1872 3121 2173 3161 Andren.M0nai
2193 3133 2231 3158 e-

200 3170 258 3206 rio
268 3191 280 3212 ,
292 3167 330 3205 &
343 3164 500 3223 eiusdem
515 3168 699 3219 electione
714 3185 749 3209 iii
764 3172 887 3210 nostra
899 3167 1094 3218 praesentia·
1105 3175 1264 3210 invicem
1278 3172 1472 3220 litigarent
1486 3195 1500 3216 3
1512 3171 1609 3211 idem
1620 3170 1939 3211 Gu-E'lecstionein
1956 3169 2056 3210 suain
2071 3169 2092 3209 a
2104 3167 2229 3207 fratti-

199 3215 267 3270 bus
279 3215 617 3270 Andreii.l:ccleliae
627 3219 859 3257 concorditer
871 3219 1117 3269 celebratam,
1131 3219 1368 3258 authoritate
1383 3218 1603 3266 Apostolica
1614 3220 1725 3266 petiit
1734 3216 1968 3265 confirmari,
1979 3217 2134 3259 afferens
2147 3217 2225 3256 tam

199 3262 244 3301 de
257 3277 332 3305 iure
341 3277 562 3307 communi,
586 3276 695 3313 quam
712 3268 905 3313 privilegio
916 3268 1060 3313 ipeciali
1074 3292 1086 3313 ³
1099 3271 1152 3308 eis
1163 3267 1212 3306 ab
1226 3267 1450 3306 Alexandro
1458 3268 1558 3315 Papa
1571 3265 1740 3306 concesso
1749 3292 1762 3309 ,
1788 3267 1828 3304 &
1840 3267 1861 3307 Ξι
1873 3267 1981 3307 nobis
1991 3264 2226 3315 postmodum

200 3309 448 3371 confirmato,
477 3311 633 3351 liberam
647 3312 681 3350 el
691 3315 804 3359 Ἰὶζιειιάι
815 3315 1095 3364 ⁴authoritatem
1107 3341 1122 3361 ³
1148 3315 1194 3356 ad
1217 3315 1363 3355 eosdem
1379 3314 1512 3354 fratres
1526 3315 1794 3354 tantummodo
1816 3319 2020 3362 pertinere:
2047 3316 2085 3353 &
2096 3312 2191 3352 infra
2219 3342 2229 3352 .

198 3357 338 3413 Dictus
351 3373 440 3398 veto
455 3372 673 3405 procui-ator
685 3364 872 3407 proposuit
884 3377 926 3401 ex
941 3362 1095 3405 adverso
1107 3388 1121 3408 ‚
1146 3364 1248 3413 quod
1260 3362 1344 3404 cuin
1360 3364 1455 3403 olim
1475 3363 1521 3403 ad
1532 3367 1755 3411 petitionem
1769 3376 2014 3411 patronorum
2030 3360 2228 3402 Ecclefiaea

199 3406 364 3460 Morien.
385 3405 567 3455 Episcopo
589 3405 702 3463 fuerit
719 3409 961 3449 coustitutum
976 3437 990 3457 -‚
1016 3412 1117 3462 quod
1136 3412 1160 3450 fi
1171 3410 1343 3460 praefatus
1365 3412 1469 3463 locus
1490 3412 1618 3450 divino
1640 3425 1796 3450 inuuere
1808 3413 1902 3453 :ideo
1931 3412 2133 3460 pullularet
2146 3435 2160 3456 ς,
2186 3422 2228 3448 ιιι

203 3453 314 3495 Prior
324 3477 338 3500 ³
363 3467 428 3495 aut
442 3455 572 3497 Abbas
585 3456 873 3499 constitueretur
887 3459 1024 3501 ibidem
1036 3485 1050 3508 2
1076 3459 1218 3504 electio
1227 3463 1302 3509 ejus
1315 3474 1425 3511 penes
1439 3461 1574 3506 iratres
1584 3458 1744 3507 eiusdem
1755 3461 1831 3504 loci
1843 3485 1860 3510 2
1881 3459 2141 3510 &capitulum
2154 3459 2228 3498 Ka-

2130 3511 2190 3538 ,ro-
