2397 3664
698 34 782 89 De
800 29 992 99 Major.
1013 32 1070 93 &
1087 35 1235 92 obed·
1251 51 1294 92 c.
1312 34 1443 95 Cum
1457 35 1579 94 olim
1594 73 1606 88 .

64 127 103 164 '41
126 131 232 155 tamen
243 143 255 156 ,
273 122 310 152 de
321 130 383 160 qua
395 119 438 152 ibi
451 119 484 150 in
497 121 556 158 §.6.
567 129 602 152 ut
613 118 709 152 latius
719 120 824 152 dicam
836 120 917 153 iusta
929 130 1008 151 num.
1023 124 1075 150 61.
1084 119 1127 151 bx

129 168 185 196 hac
209 163 401 195 limitatione
421 163 559 195 infertur
580 164 680 204 primo
692 185 702 199 ,
724 173 757 194 ut
778 173 881 196 coetus
903 162 1128 197 Cardinalium

130 218 186 249 pro
197 218 279 239 terra
291 206 432 238 Eccleiiae
443 206 658 243 defendenda,
681 207 729 238 vel
747 206 887 238 evidenti
907 206 1048 247 periculo
1061 205 1128 246 pos-

135 250 169 282 sit
199 250 276 282 Sede
296 260 428 281 vacante
450 250 576 282 mittere
598 261 696 282 unum
714 248 921 281 Cardinalcm
942 249 1096 289 Legatum
1118 271 1128 284 ‚

130 294 300 325 secundum
314 292 442 325 Paulum
453 296 491 325 de
504 292 658 325 Eleazar'is
670 293 701 324 in
712 292 785 325 did}-
797 291 826 324 C
840 303 900 324 em.
914 294 966 326 Nc
979 293 1106 324 Romani
1118 314 1127 327 ,

131 336 167 368 de
177 336 335 371 demone,
355 338 387 368 δε
408 336 483 366 ibid.
497 336 586 367 lmol.
599 339 731 367 num.26.
743 337 774 366 &
839 335 945 370 ndisal.
961 335 1125 375 Villadieg.

61 390 99 419 42
119 380 156 411 de
165 382 238 418 orig.
251 377 414 411 cardinal.
437 379 530 419 quaest.
541 384 569 410 6.
581 391 629 410 nu.
646 388 693 419 35.
714 377 876 411 Caeterum
887 381 1012 410 adverte
1023 400 1033 413 ,
1052 377 1127 418 quia

48 422 50 425 ’
125 422 311 456 Cardinalis
324 422 362 453 sic
379 422 484 453 missus
496 432 560 453 non
571 422 630 454 erit
644 420 766 462 proprie
782 421 916 461 Legatus
936 432 1010 452 cum
1032 421 1127 460 impc-

127 466 178 497 rio
189 487 198 500 ,
223 467 253 497 δι’
267 463 480 504 jurisdietione
491 486 502 501 ,
524 465 582 495 hoc
593 465 679 496 enim
690 464 730 496 est
740 466 777 496 dc
790 464 1019 504 pertinentibus
1031 465 1067 495 ad
1082 464 1127 494 su-

126 518 265 548 premam
282 508 508 540 authoritatem
528 507 650 539 Summi
670 507 835 539 Pontificis
846 509 884 539 de
908 507 1041 546 ipsorum
1052 505 1127 538 Car-

129 553 147 582 d
157 551 288 582 inalium
298 549 433 582 consilio
443 574 453 587 ,
475 561 508 582 ιιι
521 560 610 583 notat
621 551 803 590 Speculator
814 553 846 581 in
856 549 948 581 rimie
960 552 1083 588 Legum,
1097 552 1122 587 ξ.

133 594 281 637 analiter
292 602 372 630 nia-7.
385 592 482 626 Unde
493 593 581 625 nullo
591 593 664 625 casu
675 593 827 634 competit
838 593 893 624 soli
904 591 1065 633 collegio,
1076 603 1127 632 per

134 649 182 672 ea,
192 646 259 676 qux
270 635 353 667 dieta
363 636 431 668 sunt
443 635 528 678 supra
539 638 571 668 in
582 646 690 674 quarm
701 635 880 678 conclusione
890 646 994 676 nu.31.
1005 637 1062 666 Sed
1076 647 1128 675 po-

129 680 192 711 tius
205 679 265 710 erit
282 677 429 710 Nuneios
440 702 449 715 ,
472 690 528 711 nec
541 679 664 711 habebit
678 679 925 721 jurisdictionem
937 702 946 716 ‚
969 678 1015 709 sed
1028 679 1127 710 solum

131 724 250 754 nudam
261 722 451 755 tutationem
463 744 472 758 ,
494 722 543 755 seu
554 722 709 754 defensam
721 745 730 757 ,
742 732 775 754 ut
788 723 952 762 reprobata
963 721 1050 753 Pauli
1061 722 1128 762 opi-

130 766 228 797 nione
241 766 342 796 firmat
355 764 487 798 Cardin.
499 766 532 796 in
543 765 616 797 dier.
627 765 787 797 Clcm.Ne
799 768 925 798 Romani
936 788 946 801 ,
971 765 1127 802 §.Irritum

129 812 163 840 in
176 820 203 840 ι.
215 807 395 849 quaestum&
414 809 552 840 electione
561 831 572 846 ,
593 810 624 840 δε
637 809 681 840 ibi
701 810 796 840 etiam
808 809 897 840 Imol.
907 813 1009 842 nu.26.
1020 808 1127 840 dicens

128 862 200 883 eum
212 863 277 883 non
299 851 365 884 foi-e
376 851 581 884 Cardinalem
592 852 744 892 Legatum
756 875 765 888 ,
786 852 832 883 scd
845 861 950 884 tamen
964 851 996 882 in
1008 851 1077 883 adiu
1090 852 1127 883 il-

60 898 103 937 43'
124 896 155 926 lo
167 918 175 926 .
188 894 267 936 Q10
279 895 312 926 fir
324 905 356 927 ut
370 895 389 926 si
403 894 588 927 Cardinales
599 905 741 928 crearent
756 895 944 926 Pontificem
956 892 1125 931 absentem,

130 949 206 971 tunc
228 938 344 979 possent
368 939 498 980 quidem
519 939 662 979 ablegare
682 949 780 970 unum
799 949 836 970 ex
853 937 1078 970 Cardinalibus
1090 940 1125 969 ad

127 992 246 1014 novum
258 981 391 1013 electum
403 984 440 1013 ad
453 981 577 1013 Urbem
596 983 810 1013 reducendum
821 1003 831 1018 ‚
855 981 963 1021 illique
983 981 1126 1022 expensas

127 1025 313 1058 necessarias
322 1025 511 1058 constituere
523 1027 559 1057 de
570 1025 744 1058 redditibus
756 1024 909 1056 Romana:
919 1024 1058 1057 Ecclesiae
1070 1047 1079 1060 ,
1092 1034 1125 1056 ιιι

126 1077 214 1100 tenet
226 1067 306 1100 Petr.
321 1069 419 1100 Andr.
431 1067 580 1101 Gambar.
590 1067 626 1098 de
636 1068 711 1109 offic.
723 1067 760 1099 &⁶
770 1068 906 1098 auflorit.
917 1066 1126 1105 legat.lib.9.n.

131 1114 201 1150 185.
211 1111 269 1143 Sed
283 1121 389 1143 tamen
407 1110 447 1143 fic
459 1110 564 1142 mimis
588 1121 652 1142 non
671 1111 795 1142 habebit
809 1108 1053 1151 jurisdictionem
1063 1133 1072 1147 ‚
1093 1112 1125 1142 &

125 1154 308 1194 potestatem
320 1153 452 1194 Legati,
472 1153 521 1186 sed
533 1154 592 1185 erit
604 1153 752 1187 Nuncius
764 1155 801 1184 ad
813 1155 933 1184 nudum
945 1153 1021 1184 illud
1034 1154 1125 1186 mini-

59 1207 106 1238 44
125 1197 252 1228 sterium
263 1197 334 1228 facti
348 1207 398 1236 per
419 1196 562 1238 praedista
572 1220 579 1229 .
602 1196 719 1228 Rursus
739 1199 864 1228 adverte
875 1218 884 1233 ,
906 1196 982 1238 quia
994 1207 1065 1228 ante
1077 1207 1125 1237 pe-

128 1239 248 1273 mistam
275 1239 465 1272 eiectionem
483 1239 666 1280 Collegium
686 1239 902 1279 Apostolicum
925 1250 990 1271 non
1009 1240 1124 1280 poterit

125 1284 317 1324 compellere
342 1283 480 1316 invitum
491 1305 500 1320 ‚
522 1293 557 1315 ut
578 1282 770 1323 legationem
789 1281 952 1322 suscipiat,
975 1294 1048 1315 nam
1069 1282 1124 1315 etsi

124 1326 294 1367 Episcopus
305 1337 361 1367 pro
374 1327 515 1360 utilitate
530 1326 671 1358 Ecclesiae
689 1325 779 1366 possit
793 1325 955 1367 praecipere
976 1325 1123 1362 Clerico,

127 1379 163 1401 ut
175 1370 392 1410 peregrinetur
404 1392 414 1406 ,
434 1371 620 1413 anmmvis
632 1379 660 1406 7.
676 1378 757 1407 qua.
769 1378 875 1401 tamen
885 1369 1060 1409 oppositum
1078 1369 1124 1400 di-

128 1414 265 1445 cendum
275 1413 316 1444 est
327 1414 386 1443 hoc
397 1413 469 1444 casu
480 1435 489 1449 ‚
511 1423 578 1446 non
596 1412 726 1452 quidem
745 1422 780 1443 ex
800 1412 923 1443 ratione
941 1412 996 1443 illa
1015 1412 1122 1444 Pauli.

127 1455 227 1496 Qiod
241 1466 294 1496 par
305 1456 339 1487 in
349 1466 453 1495 parem
465 1466 531 1488 non
543 1456 652 1487 habeat
665 1455 829 1494 imperium
839 1466 851 1490 ‚·
876 1454 941 1486 imo
953 1456 1038 1487 enim
1047 1454 1124 1487 Col-

128 1499 249 1540 legium
260 1497 484 1532 Cardinalium
505 1510 571 1531 non
588 1498 628 1531 ess
649 1509 721 1538 par,
744 1498 792 1529 sed
812 1495 949 1538 superi‘or
961 1520 970 1534 ‚
991 1498 1037 1534 sed
1046 1499 1123 1539 quia

129 1541 312 1574 Cardinalis
323 1542 375 1574 ille
388 1542 450 1575 fine
461 1543 551 1582 culpa
563 1541 678 1582 privari
690 1551 757 1572 non
767 1542 858 1573 debet
870 1551 935 1583 jure
946 1541 1000 1572 suo
1011 1563 1020 1578 ,
1042 1541 1122 1573 scili-

128 1595 180 1618 cet
192 1595 269 1618 voce
281 1585 315 1616 in
323 1585 478 1617 elerstione
488 1584 628 1616 Romani
640 1584 802 1617 Pontificis
811 1607 821 1620 ,
841 1585 1045 1625 quamobrem
1056 1595 1122 1616 non

129 1637 277 1669 poterunt
291 1628 416 1660 mittere
430 1627 488 1659 nisi
498 1628 656 1661 volentem
668 1650 678 1664 ,
689 1637 722 1659 ut
733 1628 930 1659 concludunt
943 1627 1025 1663 idem
1037 1627 1120 1661 Paul.

125 1670 257 1706 Cardin.
269 1672 405 1704 Anchar.
417 1673 448 1702 ὃ(
469 1671 639 1711 Villadieg.
651 1672 724 1702 locis
743 1672 850 1702 citatis
860 1693 868 1701 .

170 1714 308 1746 Infertur
320 1713 469 1754 secundo,
480 1723 514 1745 ιιι
525 1714 637 1746 Coems
649 1713 872 1745 Cardinalium
883 1714 1062 1754 Apostolica
1072 1714 1123 1746 Se-

127 1758 166 1789 de
177 1767 311 1789 vacante
323 1757 413 1798 poffit
425 1756 578 1797 Legatum
597 1757 719 1788 missum
729 1756 746 1787 31
758 1756 837 1796 Papa
855 1767 1001 1789 revocare
1012 1768 1047 1791 ex
1059 1768 1123 1789 ma-

125 1809 206 1841 gna,
226 1802 258 1832 &
269 1800 411 1832 evidenti
429 1800 521 1831 causa
530 1822 539 1836 ‚
562 1810 751 1839 argumento
760 1811 783 1834 c.
797 1801 849 1830 Ne
859 1809 909 1840 pro
921 1801 1068 1831 dilatione
1077 1803 1123 1832 in-

123 1842 180 1884 fra*
189 1842 225 1875 de
236 1846 337 1884 poem't.
349 1842 387 1875 (9⁶
396 1841 644 1883 remifficumsuis
653 1842 918 1879 concordant.ali.is
930 1843 1014 1881 secus
1023 1866 1033 1880 ,
1053 1854 1118 1885 arg.

125 1896 193 1927 cap.
205 1886 285 1918 Cam
294 1885 420 1927 inferior
438 1885 524 1927 infrd
532 1885 629 1917 eodem
639 1908 648 1922 ,
669 1883 851 1918 &anor
859 1886 1053 1927 magistratus
1062 1909 1072 1922 ,
1087 1885 1121 1929 ff.

63 1933 105 1971 46
126 1930 176 1962 De
186 1932 371 1962 minonnam
383 1927 517 1969 Legatus
528 1929 681 1969 generalis
692 1951 701 1965 ‚
713 1940 770 1961 nec
784 1929 874 1962 aliter
884 1930 925 1960 est
935 1930 1120 1966 mittendus,

125 1973 245 2013 quauta
259 1971 339 2012 Papa
348 1974 386 2004 de
397 1971 619 2005 Cardinalium
629 1972 761 2004 consilio
772 1994 781 2008 ,
802 1982 837 2003 ut
845 1970 922 2013 lfin.
933 1974 1023 2006 C.De
1031 1974 1121 2011 legat.

128 2015 180 2048 lib.
189 2026 234 2048 10.
244 2017 276 2047 &
288 2024 378 2048 notat
390 2015 545 2055 Speculat.
555 2018 587 2046 in
598 2017 647 2046 tit.
659 2014 795 2053 delegat.
810 2017 837 2052 §.
850 2015 993 2058 Qualiter
1004 2027 1081 2048 num.
1094 2021 1121 2047 6.

128 2058 230 2100 Igitur
243 2059 319 2089 ficut
334 2059 367 2091 in
388 2058 533 2090 missione
554 2057 649 2098 Papa,
673 2060 704 2094 &
726 2057 910 2090 Cardinales
930 2060 1123 2091 unanimiter

126 2102 350 2134 consenserunt
369 2124 380 2138 ,
401 2100 447 2133 ita
465 2103 497 2133 &
520 2101 553 2132 in
572 2101 774 2133 revocatione
795 2103 910 2134 debent
929 2102 1124 2134 unanimiter

127 2144 307 2177 consentire
318 2167 328 2181 ‚
349 2153 414 2185 arg.
424 2145 445 2176 l.
458 2142 512 2176 Ab
524 2142 784 2186 emptione‚ff.0e
793 2145 891 2185 pastis
901 2167 910 2181 ,
930 2144 967 2176 &²
977 2156 1001 2176 c.
1013 2147 1123 2177 Omnis

124 2200 175 2220 res
188 2186 273 2227 infra'
290 2187 326 2218 de
337 2198 396 2226 reg.
408 2188 464 2226 jur.
479 2188 537 2219 Sed
550 2187 629 2228 Papa
649 2187 825 2220 consentire
837 2199 902 2219 non
914 2188 1028 2228 potest,
1048 2189 1124 2229 quia

128 2241 272 2263 mortuus
281 2229 323 2263 est
334 2254 342 2262 .
364 2230 550 2271 Expedietur
560 2240 636 2270 ergo
646 2231 807 2264 Successor
817 2254 827 2267 ,
850 2240 939 2272 arg-c.
948 2240 973 2262 1.
985 2230 1058 2273 infr.
1069 2233 1123 2262 Ne

129 2273 208 2306 Sede
218 2282 368 2306 vacante.
388 2272 537 2307 Praeterea
558 2273 741 2314 Collegium
754 2284 818 2305 non
839 2274 975 2306 succedit
987 2274 1018 2305 in
1030 2276 1123 2306 colla-

131 2318 221 2352 tione
232 2317 482 2352 beneficiorum-‚
493 2326 527 2354 ut
538 2315 690 2349 ostensum
702 2316 743 2349 est
755 2317 839 2357 supra
848 2317 1036 2357 nu.3c.Ergo
1046 2319 1124 2348 mul-

127 2358 163 2391 ιὸ
173 2360 277 2392 minus
288 2360 321 2391 in
330 2359 442 2400 Legati
450 2359 654 2392 revocatione
665 2382 674 2396 ‚
684 2362 768 2400 quod
782 2361 881 2401 magis
894 2359 935 2391 est
945 2383 953 2395 ,
975 2360 1055 2392 Item
1068 2360 1123 2392 Le-

126 2412 219 2442 gatus
229 2403 371 2434 mittitur
382 2412 506 2443 propter
518 2403 648 2435 salutem
660 2403 836 2435 animarum
846 2425 856 2439 ,
876 2413 943 2444 qua·
954 2413 1005 2442 per
1023 2404 1124 2443 hujus-

129 2444 217 2476 modi
228 2444 466 2476 revocationem
486 2445 632 2484 impediri
643 2456 708 2477 non
729 2447 819 2478 debet
830 2468 837 2477 .
860 2446 906 2477 lta
916 2446 1004 2476 Host.
1016 2449 1048 2477 in
1057 2456 1121 2487 cap.

128 2490 210 2521 Tum
221 2497 262 2518 ex
272 2487 387 2518 litteris
395 2498 462 2518 nti-2
469 2486 562 2529 λιι-[νά
571 2486 608 2519 de
615 2490 647 2518 in
656 2490 764 2526 integr.
775 2487 999 2530 restitanquem
1010 2489 1101 2523 refert
1113 2512 1122 2526 ‚

128 2533 162 2563 δεῖ
175 2530 312 2571 sequitur
322 2529 505 2570 Speculator
512 2529 592 2561 disto
602 2531 721 2563 titulae
732 2533 865 2571 Legata,
879 2534 935 2568 §.F
937 2535 1032 2563 initur
1041 2541 1122 2570 nu.5.

129 2573 267 2605 &hodie
279 2573 402 2605 videtur
414 2574 540 2612 planum
552 2583 603 2613 per
621 2572 764 2607 Clemen.
779 2575 834 2604 Ne
846 2577 973 2606 Romani·
995 2574 1031 2606 de
1040 2576 1121 2606 elea.

127 2615 300 2650 secundum
310 2616 401 2656 Joan.
411 2616 509 2648 Andr.
518 2617 550 2647 in
558 2615 615 2649 da.
627 2616 708 2646 Tum
719 2627 758 2646 ex
767 2617 885 2649 litteris
895 2628 976 2656 nu.4.
987 2618 1123 2658 sequitur

128 2658 442 2700 Joanffirancfflaviu.
453 2661 487 2690 in
497 2657 625 2689 trastaele
635 2657 750 2698 affin&
759 2657 1037 2700 potestanctzpituli
1047 2660 1124 2693 Sede

127 2711 260 2734 vacante
269 2704 302 2733 in
313 2706 341 2733 6.
356 2700 474 2742 praelud.
486 2703 518 2733 δε
529 2701 647 2742 Capye.
656 2700 746 2741 deczss
759 2711 828 2742 114,
839 2713 917 2736 num.
928 2714 957 2740 9.
979 2703 1058 2743 vers.
1069 2706 1123 2735 Sic

128 2756 235 2784 quoque
250 2745 417 2783 Collegium
437 2744 656 2780 Cizrdimzlium
667 2767 674 2776 .

170 2787 309 2820 Infertur
320 2786 416 2819 tertio
425 2810 434 2823 ,
457 2786 627 2819 secundum
639 2787 759 2828 aliquos
770 2809 779 2823 ‚
803 2797 837 2819 ur
848 2787 1030 2828 Collegium
1043 2789 1124 2830 Apo-

129 2831 274 2863 stolicum
285 2830 363 2862 Sede
374 2840 505 2862 vacante
516 2831 606 2871 possit
617 2830 839 2862 Cardinalibus
847 2841 955 2863 recens
966 2833 1078 2863 creatis
1089 2843 1124 2863 os

131 2875 250 2914 aperire
261 2896 271 2910 ,
293 2884 328 2906 ac
340 2873 554 2915 possessionem
573 2872 797 2906 Cardinalatus
808 2877 928 2907 tradere
940 2898 947 2905 .
970 2875 1018 2906 Ita
1036 2875 1124 2906 Mar-

130 2927 185 2949 cus
197 2917 334 2949 Mantua
344 2939 353 2954 ,
373 2918 407 2949 &
426 2916 640 2957 Hieronymus
660 2916 842 2950 Torniellus
860 2917 944 2948 inter
963 2918 1046 2948 cons.
1063 2917 1124 2949 De-

129 2960 215 2991 ciani
225 2959 334 3000 cons.8.
345 2960 405 2991 vol.
414 2970 438 2991 1.
449 2970 528 3000 quos
539 2958 704 2990 novissime
716 2959 828 2996 refert,
850 2959 1032 3000 &sequitur
1044 2961 1124 2991 Hie-

128 3012 277 3044 ronymus
287 3002 464 3043 Campanil.
475 3005 507 3033 in
516 3001 549 3033 di
553 3001 630 3042 verſs
633 3001 955 3041 7ur.Canon.rubr.7.ca
957 3007 1122 3043 p.6.nu.83.

128 3043 247 3078 Verum
257 3044 318 3076 haec
329 3046 438 3086 opinio
449 3045 592 3086 potuisset
604 3045 731 3077 fortasse
751 3045 895 3077 obtinere
906 3067 916 3081 ,
935 3047 1062 3088 quando
1073 3049 1124 3077 ad-

129 3088 189 3119 huc
202 3088 328 3128 vigebat
338 3089 525 3120 constitutio
535 3088 667 3129 Eugenii
679 3088 732 3120 IV.
754 3088 902 3129 incipien.
916 3089 949 3119 In
959 3092 1123 3126 eminenti,

129 3140 198 3171 quae
205 3130 247 3162 est
257 3130 358 3170 prima
374 3132 456 3166 inter
467 3131 533 3173 ejus
552 3131 807 3164 Constitutiones
825 3134 858 3162 in
868 3132 989 3163 Bullar.
1000 3140 1068 3162 tom.
1097 3142 1122 3163 1.

129 3182 201 3215 fag.
213 3176 286 3210 269.
296 3173 330 3204 in
347 3184 410 3214 qua
430 3175 604 3215 disponitur
614 3196 623 3209 ‚
647 3184 680 3205 ut
700 3173 887 3205 Cardinales
899 3174 1123 3213 pronunciari,

131 3217 227 3248 etiam
237 3216 434 3257 posteaquam
444 3217 577 3257 insignia
587 3217 761 3257 receperint
771 3239 781 3253 ,
791 3217 823 3248 in
835 3217 986 3249 electione
997 3216 1124 3249 Pontifi-

130 3260 176 3291 cis
187 3269 298 3290 vocem
309 3269 374 3290 non
385 3260 517 3291 habeant
526 3282 538 3297 ,
556 3263 657 3292 donec
669 3260 713 3292 eis
725 3259 817 3292 fuerit
829 3270 863 3291 os
874 3269 1023 3300 apertum:
1036 3260 1120 3300 quasi

131 3312 207 3334 tunc
219 3302 376 3333 videretur
389 3312 498 3342 urgere
507 3303 669 3336 necessitas
679 3303 839 3343 aperiendi
848 3314 901 3339 os,
922 3310 957 3334 ut
976 3302 1120 3334 Clericus

129 3347 167 3377 ad
178 3343 362 3376 elestionem
374 3347 592 3384 procederetur
602 3368 612 3382 ‚
634 3357 668 3377 ac
682 3345 812 3385 proinde
825 3347 911 3377 locus
922 3346 994 3377 esset
1007 3345 1122 3377 limita-

130 3387 212 3419 tioni
223 3387 411 3423 Decretalis,
421 3386 480 3419 Ubi
488 3390 652 3427 periculum
662 3391 695 3420 in
708 3387 868 3426 d.§.lidem
877 3398 981 3426 quoque
991 3388 1027 3419 de
1038 3388 1120 3420 cleri.

132 3429 216 3463 liae.
228 3429 316 3461 Licet
327 3439 450 3466 revera,
462 3439 562 3473 neque
573 3440 648 3463 tunc
661 3432 810 3472 temporis
826 3431 1004 3474 hujusmodi
1014 3427 1119 3466 neces—

215 3471 469 3518 Rrosszagnan.
482 3474 514 3504 in
522 3475 548 3505 l.
557 3471 626 3506 Lib.
638 3474 794 3506 Decretal.

60 1716 102 1756 '45

2017 49 2111 101 εις

1164 120 1234 152 iiras
1254 122 1380 153 l‘ubeisct
1405 135 1411 153 :
1434 122 1692 162 qumuoquidem
1710 118 1873 152 eleemonis
1885 119 2051 163 negotium
2071 129 2160 158 cxpe-

1163 164 1222 194 diri
1233 174 1353 205 poterat
1366 175 1417 204 per
1431 165 1633 205 Antiquiores
1644 163 1892 204 Cardin.quibus
1903 173 1937 193 ος
1949 174 2088 203 apertum
2101 172 2163 201 jam

1164 205 1263 239 fuerat
1277 231 1284 239 .
1306 208 1364 239 Sed
1375 208 1527 248 quidquid
1543 209 1576 239 fit
1590 211 1627 239 de
1640 207 1695 239 illo
1708 217 1864 245 tempore,
1886 204 1972 238 certe
1984 206 2074 238 hodie
2098 205 2162 236 ces-

1163 249 1204 281 sat
1217 250 1322 281 omnis
1333 250 1510 286 difficultas,
1522 251 1595 291 quia
1605 250 1802 282 Conslitutio
1814 249 1947 289 [ingenii
1959 250 2038 280 hanc
2052 250 2083 280 in
2094 259 2163 288 par-

1163 302 1192 323 te
1204 293 1324 325 sublata
1335 294 1393 326 fuit
1405 304 1440 325 ex
1452 296 1581 325 decreto
1603 294 1632 324 S.
1645 293 1691 325 l'ii
1705 294 1740 323 V.
1752 293 1840 324 edito
1853 298 1902 324 ιθ.
1914 292 2054 332 Januarii
2071 302 2160 330 1571.

1163 336 1216 367 ubi
1229 337 1290 367 haec
1310 338 1374 368 oris
1392 337 1531 369 clausura
1550 339 1727 368 declaratur
1747 336 1804 367 else
1817 335 1939 376 simplex
1959 335 2160 376 ceremonia,

1163 388 1231 418 quae
1240 382 1276 410 ad
1285 379 1484 412 substantiam
1503 380 1664 411 electionis
1676 390 1739 410 non
1751 380 1883 418 pertinet
1897 401 1906 414 ‚
1927 388 1961 410 ιιι
1972 378 2104 410 refertur
2126 379 2160 410 in

1163 420 1557 454 caeremonialia-lectionis
1581 422 1663 462 l‘apae
1676 432 1771 461 nuper
1781 423 1867 453 edito
1883 421 1900 452 ἐι
1920 422 2076 460 Gregorio
2087 422 2158 452 XV.
2192 461 2195 463 -

1162 467 1194 495 in
1209 466 1331 501 §.Porri
1342 488 1351 501 ,
1373 464 1451 505 vers.
1463 466 1498 496 de
1508 466 1675 499 cardinali
1685 475 1800 496 mrtem.
1824 466 1859 496 ht
1882 465 1925 496 ita
1935 475 2067 496 vacante
2079 464 2157 496 Sede

1162 518 1212 548 per
1233 509 1356 540 obitum
1373 508 1644 540 ClementisVlll.
1664 509 1781 540 dicitur
1801 508 1997 540 observatum
2018 507 2104 539 fuisse
2124 509 2159 539 in

1163 551 1292 591 persona
1301 551 1642 584 bon.mem.Cardin.de
1653 551 1835 583 Comitibus
1845 574 1854 587 ,
1877 561 1928 582 cui
1941 552 2080 582 nondum
2093 550 2157 582 fuc-

1164 604 1254 625 ratos
1267 605 1405 635 apertum
1416 617 1425 630 ,
1449 598 1480 627 δι’
1495 605 1599 627 tamen
1619 597 1654 626 ad
1669 594 1753 626 l'auli
1766 594 1803 624 V.
1814 593 2000 626 electionem
2012 595 2157 626 admissus

1161 636 1230 668 fuit.
1243 638 1388 678 Idemque
1402 638 1459 670 hoc
1473 638 1537 678 ipso
1547 648 1683 677 tempore
1697 638 1891 668 observatum
1903 638 2036 668 vidimus
2050 637 2082 668 in
2092 639 2155 672 ele-

1162 680 1268 713 Ctione
1279 680 1598 713 Sanctiis.1).N.1nn.
1610 681 1649 712 X.
1662 680 1692 711 in
1703 691 1764 720 qua
1777 679 1915 711 similiter
1927 691 1997 711 ante
2010 681 2156 720 aperitio-

1163 725 1309 756 nemoris
1322 735 1430 755 vocem
1441 725 1613 755 habuerunt
1625 723 1810 755 Cardinalcs
1822 722 2002 754 Panzirolus
2011 745 2020 758 ,
2033 723 2154 755 Rosset-

1163 777 1211 797 tus
1222 768 1252 797 6<
1266 766 1393 800 Estcnsis
1404 768 1526 799 noviter
1537 767 1749 807 pronunciari.
1762 765 1868 805 ltaque
1879 765 1940 806 jam
1952 766 2041 797 omni
2053 767 2154 798 neces-

1164 809 1250 841 sitate
1264 812 1472 842 accelerandae
1482 809 1643 842 electionis
1654 811 1789 842 cetsante
1801 808 1932 839 minime
1947 809 2053 840 licebit
2077 809 2152 841 Col-

1162 853 1244 893 legio
1256 854 1436 894 Apostolico
1447 856 1566 886 tradere
1577 854 1712 894 pileum,
1726 853 1772 884 vel
1785 852 1845 884 alia
1856 851 1989 891 insignia
1999 851 2152 884 Cardina-

1163 896 1233 930 litia
1243 919 1252 932 ,
1274 907 1332 928 nec
1343 898 1485 928 claudere
1494 919 1503 932 ‚
1527 898 1572 927 vel
1586 897 1702 936 aperire
1713 906 1747 927 os
1759 895 1908 934 cuiquam
1919 905 1954 925 ex
1974 894 2152 926 Cardinali-

1163 939 1217 970 bus
1229 940 1352 971 noviter
1362 940 1487 976 creatis,
1500 940 1560 971 haec
1575 949 1708 979 namque
1721 940 1756 970 ad
1770 937 1952 970 Romanum
1965 937 2152 970 Pontificem

1161 984 1235 1013 dum
1247 983 1367 1014 viveret
1378 983 1575 1023 pertinebant
1587 1005 1596 1018 ‚
1617 993 1651 1014 ac
1663 980 1792 1022 proinde
1804 982 1844 1012 est
1856 983 1943 1012 locus
1961 982 2073 1021 regulae
2083 1003 2092 1017 ,
2113 984 2151 1012 de

1161 1028 1265 1065 quain
1274 1025 1476 1063 &aelidem
1487 1036 1591 1063 quoque
1601 1048 1610 1061 ‚
1633 1036 1758 1058 necnon
1770 1024 1980 1064 prohibitioni
1992 1023 2151 1056 cletum·

1161 1071 1309 1105 Romani,
1329 1072 1484 1105 §.Irritum
1495 1068 1530 1100 de
1541 1069 1622 1100 elefl.
1634 1069 1666 1099 δι’
1679 1068 1772 1099 Bulla·
1784 1067 1832 1098 Pii
1845 1068 1898 1098 1V.
1912 1069 1938 1103 ς’.
1950 1071 1979 1098 6.

1203 1112 1338 1145 Infertur
1348 1113 1473 1153 quarto,
1484 1123 1518 1144 ex
1529 1113 1736 1152 quorumdam
1748 1110 1911 1145 sententia,
1924 1120 1956 1140 ut
1965 1109 2147 1152 Collegium
2168 1109 2211 1140 49

1162 1155 1377 1195 Apostolicum
1389 1156 1464 1187 Sede
1475 1165 1605 1186 vacante
1619 1157 1653 1185 ad
1667 1153 1811 1186 effectum
1821 1153 1986 1185 electionis
1997 1152 2148 1186 faciendae

1159 1198 1249 1238 poffit
1269 1197 1454 1231 Cardinales
1473 1197 1620 1230 electores
1640 1197 1656 1228 ἓι
1676 1197 1811 1230 censuris
1831 1197 2006 1232 absolvere,
2026 1199 2057 1228 ὃς
2076 1208 2150 1229 cum

1159 1242 1203 1273 eis
1214 1241 1299 1281 super
1319 1241 1547 1282 irregularitate
1568 1241 1757 1280 dispensare.
1782 1240 1828 1271 lta
1847 1239 2148 1281 Augull.Triumph.

1157 1284 1193 1316 de
1201 1284 1336 1325 potestat.
1350 1286 1377 1315 E
1380 1283 1520 1326 cclesiast.
1531 1287 1702 1324 qu.3.m·t.8.
1714 1284 1744 1314 δι’
1756 1282 1842 1318 Suar.
1853 1281 1888 1313 de
1897 1281 2007 1322 censur.
2017 1281 2150 1323 dasp.41.

1152 1327 1254 1368 sefflz.
1267 1326 1344 1368 vers.
1357 1329 1427 1359 Haec
1438 1329 1608 1368 vera-quos
1628 1326 1742 1362 refert,
1762 1326 1941 1366 &sequitur
1961 1326 2147 1367 Hieronym.
2197 1341 2200 1346 ’

1158 1370 1334 1411 Campanil.
1347 1373 1378 1402 in
1390 1369 1574 1410 diversor.in
1585 1369 1711 1401 traslde
1721 1366 2045 1409 potest.Colleg.rubr.7.
2057 1374 2150 1400 c-6.n.

1158 1418 1208 1453 84.
1220 1414 1277 1446 Sed
1288 1425 1388 1454 neque
1399 1415 1461 1445 haec
1472 1412 1576 1448 illatio
1586 1412 1626 1444 est
1638 1413 1848 1443 admittenda:
1869 1412 1943 1452 quia
1953 1421 2035 1442 ratio
2045 1413 2150 1443 neces-

1158 1457 1255 1489 sitatis
1267 1458 1325 1488 hoc
1334 1457 1405 1488 casu
1415 1457 1502 1488 nulla
1521 1455 1617 1496 potest
1628 1455 1834 1488 considerari:
1855 1465 1929 1486 nam
1945 1454 2088 1494 exceptio
2099 1465 2149 1486 ex-

1157 1499 1479 1535 communicationis,
1500 1498 1738 1540 irregularitatis
1749 1520 1758 1534 ,
1779 1500 1810 1529 &
1822 1497 1999 1530 consimiles
2022 1508 2085 1528 non
2097 1500 2148 1530 ad·
2196 1534 2202 1538 ,

1157 1543 1329 1576 mittuntur
1349 1552 1462 1576 contra
1480 1542 1664 1574 electionem
1686 1541 1769 1581 Papae
1790 1542 1979 1573 celebratam
1998 1539 2014 1570 a
2030 1542 2150 1572 duabus

1157 1587 1296 1627 partibus
1305 1585 1526 1617 Cardinalium
1536 1608 1546 1621 ,
1567 1595 1601 1616 ut
1610 1588 1643 1616 in
1652 1585 1767 1616 c-.Licet
1777 1583 1813 1615 de
1822 1583 1954 1615 vitanda
1964 1606 1973 1619 ,
1994 1585 2024 1614 δε
2036 1584 2078 1614 ibi
2090 1586 2149 1623 ple-

1157 1630 1197 1661 ne
1206 1629 1306 1670 scripsi
1317 1641 1346 1660 n.
1362 1639 1373 1660 1
1382 1627 1507 1668 2.supra'
1515 1627 1551 1659 de
1560 1628 1642 1660 eleis.
1654 1629 1684 1659 ὃς
1702 1628 1835 1666 apertius
1847 1627 1879 1658 in
1889 1626 2080 1658 d.Clem.Ne
2092 1630 2149 1660 Ro-

1156 1675 1243 1704 mani
1253 1695 1263 1708 ,
1287 1671 1461 1709 §.Caetersstm
1473 1672 1620 1703 eod-tin&
1632 1671 1664 1702 in
1676 1671 1747 1703 dist.
1760 1671 1846 1701 Bulla
1857 1670 1904 1702 Pii
1918 1670 1970 1701 IV.
1986 1672 2100 1706 §.w-Sc
2111 1670 2145 1702 in

1157 1716 1218 1748 alia
1237 1715 1383 1756 Gregorii
1392 1715 1462 1745 XV.
1475 1715 1510 1746 de
1520 1715 1602 1748 eleff.
1614 1717 1702 1754 Papa
1713 1716 1740 1750 ξ.
1756 1724 1823 1745 122.
1835 1713 1947 1754 quibus
1960 1713 1992 1744 in
2004 1713 2080 1744 locis
2100 1724 2150 1744 ex-

1158 1758 1256 1799 presse
1268 1758 1415 1790 statutum
1423 1758 1463 1789 cst
1474 1781 1484 1794 ,
1506 1767 1539 1790 ut
1552 1760 1588 1789 ad
1610 1757 1770 1789 evitandas
1782 1756 1977 1788 dissensiones
1987 1779 1997 1792 ,
2018 1758 2050 1787 δε
2062 1756 2149 1788 schif-

1157 1812 1262 1838 mata,
1284 1812 1335 1841 per
1362 1802 1577 1840 exceptionem
1597 1800 1935 1832 excommunicationis
1945 1822 1954 1836 ‚
1982 1799 2149 1840 suspensio-

1157 1846 1205 1876 nis
1214 1867 1223 1881 ,
1236 1846 1282 1877 vel
1296 1844 1455 1877 interdicti
1467 1843 1653 1876 Cardinales
1662 1845 1698 1875 ab
1707 1843 1859 1875 electione
1869 1853 1934 1874 non
1946 1843 2146 1882 repellantur.

1157 1887 1228 1920 Nec
1239 1887 1402 1928 Triumph.
1413 1889 1466 1919 loc.
1478 1890 1530 1919 cit.
1541 1888 1713 1927 quidquam
1723 1887 1801 1918 dicit
1813 1886 1844 1918 in
1855 1886 2027 1926 oppositum
2044 1909 2051 1916 .
2205 1925 2215 1927 4

1201 1930 1460 1970 Inferturquinti)
1471 1953 1480 1966 ,
1500 1942 1533 1962 ex
1547 1929 1690 1971 prteditsta
1702 1929 1891 1961 limitatione
1902 1951 1911 1965 ,
1932 1939 1965 1960 ut
1977 1930 2098 1960 duobus
2108 1931 2146 1961 de
2168 1931 2207 1962 50

1157 1974 1274 2015 Papatu
1285 1974 1549 2006 contendentibus
1560 1996 1570 2009 ,
1581 1975 1611 2005 ὃ(
1623 1974 1765 2013 generale
1776 1971 1961 2004 Concilium
1970 1982 2148 2004 convocare

1158 2017 1379 2053 renuentibus,
1399 2017 1589 2048 convocatio
1608 2017 1674 2048 fieri
1686 2016 1774 2055 possit
1794 2017 1809 2046 a
1827 2015 1976 2055 Collegio
1995 2014 2150 2047 Cardina-

1159 2061 1236 2092 lium
1247 2082 1256 2097 ,
1278 2071 1312 2091 ιιι
1324 2071 1360 2091 ex
1380 2060 1462 2091 facto
1478 2060 1527 2091 res
1543 2060 1633 2092 ondit
1654 2059 1835 2091 Cardinalis
1849 2059 2012 2090 Zabarella
2023 2060 2055 2088 in
2071 2059 2146 2098 confi

1162 2113 1228 2144 150.
1248 2103 1398 2143 incipien.
1409 2105 1440 2134 in
1451 2071 1598 2143 quaestione
1605 2106 1750 2134 num.6.in
1763 2112 1788 2142 3.
1801 2100 1893 2142 quest.
1914 2101 2064 2143 quoniam
2076 2102 2149 2133 crim

1159 2146 1215 2177 sint
1228 2147 1261 2177 in
1272 2146 1453 2186 poll‘essione
1463 2146 1600 2186 eligendi
1612 2146 1794 2177 Romanum
1806 2145 1989 2176 Pontificem
2003 2167 2011 2180 ‚
2023 2154 2087 2184 cap.
2100 2146 2152 2176 Li-

1157 2188 1203 2223 ci’t
1214 2188 1249 2220 de
1259 2188 1392 2221 vitanda
1396 2188 1432 2229 su
1434 2189 1490 2230 prd
1499 2188 1535 2220 de
1545 2189 1691 2221 eleffsum
1704 2188 1825 2219 concord
1829 2197 1944 2228 ant-per
1956 2187 2149 2228 consequens

1157 2234 1193 2263 ad
1212 2243 1265 2264 eos
1285 2232 1419 2272 spec'tant
1441 2232 1566 2268 omnia,
1595 2242 1663 2273 quse
1690 2231 1759 2262 sunt
1781 2231 2004 2271 consequentia
2026 2233 2061 2261 ad
2086 2231 2151 2262 ele-

1157 2275 1315 2311 ctionem,
1339 2285 1401 2315 cap.
1414 2278 1595 2315 Cupientes,
1618 2277 1644 2311 §.
1659 2273 1714 2305 Ad
1734 2273 1789 2305 haec
1807 2296 1817 2309 ‚
1838 2278 1874 2315 ᾧ*
1886 2276 1952 2310 §.Si
1968 2285 2033 2304 vero
2044 2272 2080 2304 de
2090 2274 2148 2304 ele-

1157 2319 1251 2349 {irone
1261 2318 1314 2349 lib.
1327 2323 1356 2349 6.
1368 2317 1475 2358 &calz
1489 2319 1548 2360 fin.
1559 2320 1591 2349 &
1602 2319 1685 2358 quod
1698 2317 1741 2347 ibi
1760 2326 1889 2348 notatur
1906 2316 1938 2347 in
1949 2316 2037 2356 gloss.
2049 2326 2075 2355 3.
2096 2320 2146 2354 65.

1158 2359 1291 2401 distinbi.
1303 2360 1373 2394 Nee
1383 2361 1482 2394 obstat
1492 2361 1565 2395 dicst.
1578 2360 1678 2392 Clem.
1691 2360 1744 2390 Ne
1762 2361 1890 2396 Romani
1911 2361 1943 2390 in
1956 2362 1981 2395 ᾗ.
2003 2361 2147 2395 irritum,

1157 2404 1210 2435 ubi
1229 2404 1372 2436 irritatur
1391 2404 1542 2445 quidquid
1564 2403 1657 2434 faciat
1674 2402 1853 2441 Collegium
1873 2401 2089 2435 Cardinalium
2111 2404 2151 2434 de

1156 2447 1203 2478 his
1214 2469 1224 2483 ,
1243 2458 1312 2488 quae
1324 2450 1359 2478 ad
1372 2446 1482 2486 Papam
1493 2449 1568 2478 dum
1578 2447 1695 2479 viveret
1707 2446 1903 2488 pertinebant
1915 2456 1922 2480 3
1944 2444 2149 2476 Convocatio

1158 2500 1262 2523 autem
1282 2490 1434 2530 generalis
1446 2489 1589 2522 Concilii
1600 2491 1635 2520 ad
1654 2488 1752 2519 solum
1766 2487 1877 2528 Papam
1892 2488 2026 2528 pertinet
2039 2509 2048 2523 ,
2081 2497 2147 2528 cap.

1157 2531 1347 2574 Significasti
1358 2531 1452 2572 supra'
1462 2531 1499 2562 de
1509 2532 1588 2563 elea.
1608 2531 1694 2563 Nam
1713 2541 1747 2563 ut
1757 2530 1917 2570 respondet
1939 2530 2118 2561 Cardinalis
2137 2552 2149 2566 ,

1157 2577 1230 2608 cum
1242 2577 1293 2607 ille
1303 2598 1313 2611 ‚
1325 2577 1479 2612 §.b-ritum
1490 2597 1499 2610 ‚
1511 2575 1626 2615 excipit
1636 2586 1672 2606 ea
1681 2597 1690 2611 ‚
1701 2585 1767 2614 qux
1778 2573 2029 2614 permittituntur
2040 2572 2150 2604 Colle-

1159 2620 1211 2660 gio
1223 2619 1400 2659 Apostolico
1422 2618 1454 2648 in
1465 2619 1625 2658 praecitato
1641 2627 1704 2658 cap.
1716 2618 1775 2650 Ubi
1793 2617 1953 2657 periculum
1967 2638 1976 2651 ‚
2000 2619 2026 2651 ς’.
2046 2614 2151 2652 Idem,

1157 2672 1281 2702 quoque
1295 2661 1436 2692 standum
1445 2660 1486 2692 est
1496 2661 1597 2694 eidem
1620 2664 1646 2697 §.
1659 2661 1705 2691 Ibi
1725 2669 1828 2693 autem
1840 2658 2060 2691 Cardinalibus
2083 2669 2150 2690 non

1160 2704 1391 2736 interdicuntur
1410 2714 1465 2739 ea,
1486 2714 1553 2744 quae
1572 2701 1943 2735 concernuntelec‘tionis
1964 2702 2126 2741 negotium
2139 2723 2151 2737 ‚

1158 2749 1205 2780 sed
1225 2747 1284 2778 alia
1303 2746 1475 2778 extrinseca
1485 2758 1497 2782 ,-
1520 2747 1681 2778 Inhibetur
1700 2746 1784 2777 enim
1805 2755 1843 2776 ne
1865 2747 1903 2776 de
1930 2745 1992 2775 alio
2014 2744 2147 2784 negotio

1158 2791 1185 2822 se
1197 2790 1432 2825 intromittant,
1448 2790 1504 2823 nisi
1518 2791 1549 2821 in
1566 2789 1683 2824 casibus
1695 2789 1737 2819 ibi
1748 2788 1903 2828 exceptis,
1925 2787 2020 2828 idque
2030 2797 2082 2818 aut
2094 2797 2145 2818 ac·-

1158 2834 1326 2866 celerandae
1353 2832 1521 2872 provisioni
1544 2842 1655 2863 vacent
1680 2831 1829 2863 attentius
1847 2852 1857 2866 ,
1879 2839 1912 2861 ut
1928 2831 1974 2862 ibi
1997 2829 2118 2861 dicitur
2138 2832 2152 2859 .“

1158 2875 1243 2908 Crim
1256 2875 1553 2915 igiturconvocatio
1565 2875 1716 2915 generalis
1736 2873 1877 2905 Concilii
1889 2874 1993 2905 sithoc
2007 2872 2076 2904 casu
2097 2883 2150 2903 ne-

1158 2918 1284 2951 cessaria
1294 2919 1330 2949 ad
1342 2917 1508 2951 sedandum
1527 2918 1655 2949 schisma
1666 2940 1675 2953 ,
1698 2916 1811 2948 merito
1823 2920 1859 2948 ad
1879 2915 2063 2956 Collegium
2074 2914 2149 2946 Car-

1157 2961 1311 2993 dinalium
1330 2961 1465 3001 pertinet
1476 2983 1485 2997 ‚
1506 2961 1582 3001 quid
1607 2970 1780 2996 annexum,
1799 2962 1833 2990 &
1856 2959 2057 2990 accessorium
2079 2967 2146 2996 pro-

1158 3003 1293 3038 visioni3
1317 3013 1375 3036 nec
1394 3004 1512 3036 dicitur
1532 3003 1708 3044 prohibita,
1730 3002 1809 3042 quin
1828 3002 1932 3042 potius
1953 3000 2093 3041 permissa
2111 3002 2146 3029 in

1156 3046 1229 3078 dic'l.
1243 3048 1269 3083 §.
1281 3048 1424 3078 Irritum.
1447 3047 1508 3077 haec
1520 3046 1603 3077 enim
1615 3045 1685 3077 sunt
1698 3045 1793 3076 dehis
1802 3067 1811 3081 ‚
1832 3055 1899 3086 quse
1909 3044 1986 3076 Sede
1998 3051 2146 3077 vacante,

1158 3088 1438 3129 velquafivacante
1459 3089 1571 3120 melius
1590 3089 1816 3129 expediuntur,
1835 3087 1926 3128 quam
1951 3097 2015 3118 non
2037 3095 2147 3115 vacam

1157 3143 1187 3164 te
1198 3154 1208 3168 ,
1228 3132 1304 3162 urin
1317 3132 1407 3163 simili
1415 3141 1503 3162 notar
1514 3131 1624 3163 Innoc.
1633 3142 1666 3163 in
1673 3143 1697 3163 c.
1705 3130 1856 3173 1.infrdne
1866 3128 1943 3161 Sede
1953 3139 2061 3159 vaam.
2074 3127 2145 3173 Ho<

1157 3175 1207 3206 die
1218 3174 1250 3205 in
1269 3174 1339 3205 casu
1352 3173 1515 3206 electionis
1529 3175 1660 3206 nulliter
1682 3175 1842 3205 celebratae
1859 3181 1980 3213 propter
2002 3171 2148 3201 simonia-

1157 3228 1227 3250 cam
1245 3217 1449 3257 pravitatem,
1470 3218 1529 3248 hoc
1538 3217 1578 3249 est
1598 3218 1764 3258 expressum
1778 3217 1811 3247 in
1831 3216 1916 3246 Bulla
1929 3213 2005 3254 Julii
2026 3213 2067 3243 II.
2079 3222 2147 3254 qua:

1156 3260 1267 3300 incipit
1277 3281 1288 3295 ‚
1308 3259 1388 3291 Ciam
1397 3269 1461 3290 tam
1473 3261 1593 3291 Divino
1600 3263 1632 3291 in
1645 3262 1719 3297 §.Et
1729 3259 1845 3299 infiaper
1855 3260 1888 3287 in
1899 3256 2018 3288 Bullar.
2031 3264 2102 3287 tom.
2119 3265 2145 3285 1.

1150 3303 1205 3345 fol.
1217 3312 1290 3343 403.
1303 3302 1356 3333 ubi
1366 3302 1540 3343 disponitur
1549 3325 1560 3339 ‚
1579 3313 1612 3334 ut
1625 3303 1716 3333 liceat
1727 3299 1949 3333 Cardinalibus
1958 3297 2143 3331 Concilium

1155 3347 1299 3386 generale
1319 3345 1480 3381 indicere,
1500 3348 1532 3377 ἅτ
1553 3354 1727 3377 convocare
1748 3344 1782 3375 in
1803 3343 1874 3378 loeo
1893 3342 2028 3377 idoneo,
2053 3350 2146 3382 prout:

1155 3389 1199 3421 eis
1221 3387 1375 3419 videbitur
1386 3388 1544 3428 expedire.

1198 3430 1333 3463 Infertur
1343 3429 1611 3468 sexto‚uteade1n
1623 3429 1746 3464 ratione
1760 3428 1870 3502 ριίἑᾘι,
1890 3429 1922 3460 &
1942 3427 2052 3501 debegit
2070 3425 2148 3458 Car·
2168 3434 2201 3465 51

1831 3481 1844 3502 r
2036 3479 2099 3500 ina-
