2397 3664
717 16 804 74 De
824 11 1192 75 Translatione
1208 8 1432 85 Epist-,02
1444 9 1644 83 Quarto
1656 49 1674 85 .-

309 109 340 141 eb
363 108 438 147 quod
462 108 509 143 ad
527 117 640 140 certum
659 116 773 148 tempus
794 105 889 141 alteri
908 102 1071 137 debeantur
1079 124 1088 137 ,-

203 165 242 193 29
263 152 418 195 Beneficia
429 153 510 185 eletli
522 174 532 188 ‚
554 150 591 184 Θ·
600 154 632 182 in
643 153 741 185 Curia
751 150 914 191 consecrati
925 145 1113 190 conseruntur
1133 154 1175 175 ex

301 195 385 240 stylo
402 198 477 229 Curi
480 207 498 226 ιε
517 198 613 228 etiam
630 203 702 230 ante
715 192 862 239 adeptam
880 193 912 224 E
914 192 973 223 ccle
968 191 1022 233 fia
1038 186 1176 231 posseffio-

309 251 376 271 nem
386 264 393 271 .

203 294 243 326 30
264 282 395 325 Poffeffio
411 293 468 315 non
477 283 646 319 acquiritur
657 280 728 325 sine
735 280 856 311 animo.
1153 319 1158 323 Ι

204 338 240 370 31
265 319 432 368 Episcopus
440 348 450 364 ‚
471 335 553 363 quem
565 335 621 355 non
639 325 752 358 crimen
761 344 771 359 ,
784 320 841 362 sed
849 319 1021 363 infirmitas
1031 318 1070 352 ab
1079 316 1176 359 officio

309 368 432 403 abducit
441 391 452 405 ,
473 365 612 409 Ecclesia
629 368 757 407 privari
774 376 832 397 non
837 363 922 396 debet
932 365 1052 397 invitus
1062 385 1071 393 .

203 423 241 455 32
261 416 384 454 Papam
391 411 466 454 poffe
480 419 534 451 pro
542 407 631 441 libito
641 409 813 442 voluntatis
823 409 852 440 E
853 402 1177 448 piscopumtransferrc

309 457 443 490 invitum
460 476 470 492 ,
494 456 545 491 qui
562 451 719 485 Authores
728 450 882 492 senserint
891 474 899 482 .

205 510 220 533 ἓ
231 509 245 541 3
272 498 408 541 Ecclesta
417 498 516 528 eiacat
523 507 553 527 eo
571 498 583 526 i
585 495 636 537 pso
644 517 654 532 ‚
674 494 749 534 quod
765 497 852 535 Papa
860 496 996 528 invitum
1005 489 1156 533 transfert
1165 512 1176 529 ,

310 552 361 573 nec
368 538 412 574 ad
422 550 489 571 eam
507 540 600 571 datur
616 537 756 580 regrefflus
765 560 774 569 .

206 595 247 631 34
267 582 431 626 Episcopus
449 582 544 620 quoad
562 583 797 617 translationem
816 579 942 612 liberum
960 576 1103 620 affenfiam
1120 587 1177 612 non

311 625 399 658 habet
408 648 418 662 ‚
430 624 490 665 sed
496 626 652 659 Monacho
661 628 900 667 aequiparantur,
919 631 1005 664 n-37.

267 669 458 701 Declaratur
467 691 477 706 ‚
490 681 519 701 n.
531 679 582 709 75.

206 723 222 755 3
229 722 243 753 5
266 713 406 755 Ecclesia
416 711 507 754 potest
516 724 603 753 agere
613 721 716 745 contra
731 708 911 752 Episcopum
919 710 1107 744 translatum
1117 729 1128 745 ,
1146 714 1180 739 ut

312 753 433 790 recedat
443 779 451 789 .

205 803 243 841 36
265 798 432 841 Episcopus
439 798 477 832 ab
486 801 576 833 initio
589 797 672 832 nemo
688 801 801 838 cogitur
813 796 889 839 fieri
894 798 1013 829 invitus
1024 820 1031 831 ,

205 853 246 885 37
265 841 441 880 Monachus
449 855 506 874 non
514 842 606 885 potest
624 841 827 875 contradicere
835 843 990 882 Superiori
1001 850 1066 871 cum
1077 848 1179 871 trans-

308 887 420 930 ferenti
429 885 466 918 de
474 885 664 928 Monasterio
674 885 715 918 ad
729 883 954 925 Monasterium
964 905 974 920 ‚
987 883 1025 916 (θ’
1032 892 1085 922 n.7
1090 892 1118 923 5.

205 934 244 973 38
266 928 420 969 Beneficia
429 933 530 962 omnia
540 929 644 962 mundi
646 930 720 971 sunt
731 930 888 961 manualia
898 931 990 970 Papae
997 949 1008 961 v

273 974 462 1008 Declaratur
471 996 482 1012 ,
500 985 530 1007 n.
552 983 604 1011 77.
984 1009 988 1012 ²

208 1029 247 1057 39
268 1020 315 1050 Pa
318 1026 358 1057 pae
366 1018 399 1048 in
409 1015 634 1058 beneficialibus
642 1015 684 1058 est
691 1026 744 1058 pro
754 1017 874 1048 ratione
884 1014 1036 1052 voluntas,
1047 1010 1085 1045 ό·
1095 1023 1181 1054 7143.

273 1062 482 1095 Declaratur,
500 1071 530 1091 n.
541 1069 590 1097 79.
603 1059 641 1093 (ῤ’
654 1059 737 1100 seqq.

203 1115 245 1144 40
265 1106 357 1143 Papa
369 1101 461 1147 potest
470 1102 649 1144 Episcopum
658 1103 800 1145 deponere
808 1104 901 1134 etiam
905 1101 974 1144 fine
983 1099 1076 1143 causa
1088 1122 1096 1130 .

272 1149 471 1178 Contrarium
479 1168 489 1182 ‚
508 1158 537 1179 71.
551 1150 591 1185 78
600 1171 606 1178 .

204 1201 242 1230 41
266 1191 358 1229 Papa
370 1187 464 1229 potest
476 1189 581 1229 facere
592 1191 754 1222 Prolatum
762 1186 805 1220 ad
814 1196 874 1220 tem
877 1197 932 1230 pus
941 1210 950 1218 .

202 1244 244 1273 42
267 1235 356 1272 Papa
375 1230 539 1273 presertim
558 1236 591 1265 in
608 1231 832 1276 beneficialibus
859 1229 949 1264 habet
965 1228 1184 1273 plenitudinem
1223 1243 1225 1246 ⁴

315 1274 472 1316 potestatis
483 1300 491 1307 .

203 1329 244 1360 43
266 1321 311 1350 Et
321 1318 390 1358 sola
411 1319 589 1362 potistasest
606 1330 658 1361 pro
668 1318 758 1360 causa
772 1343 778 1350 .

272 1362 477 1399 Declaratur,
498 1375 528 1395 n.
540 1373 589 1402 79.
603 1362 689 1403 usque
698 1362 742 1394 ad
751 1375 780 1393 n.
792 1364 844 1394 88.

204 1417 249 1446 44
270 1405 506 1439 patriarchatus
518 1429 528 1444 ‚
541 1405 827 1447 Archiepiscopatus
838 1428 847 1443 ,
868 1403 906 1438 ὥ*
917 1407 947 1437 E
948 1403 1118 1447 pistopatus
1128 1407 1186 1438 Ro-

317 1459 411 1482 mana
427 1447 580 1491 fundavit
600 1452 628 1482 E
631 1450 737 1493 cclefia
750 1473 758 1481 .

204 1503 244 1534 45
269 1489 434 1533 Destitutio
443 1492 487 1525 ad
494 1493 683 1535 cumspettat
692 1515 702 1532 ‚
723 1492 764 1525 ad
775 1503 858 1531 quem
867 1495 880 1524 i
884 1491 1019 1533 nstitutio
1030 1515 1037 1522 .

207 1543 249 1576 46
270 1534 429 1577 Destruere
446 1534 540 1579 potest
557 1538 604 1577 jus
614 1560 624 1573 ‚
646 1539 696 1575 qui
703 1536 783 1569 illud
792 1535 929 1569 condidit
942 1559 949 1566 .

205 1589 248 1623 47
267 1582 436 1629 Imperator
445 1578 536 1630 potest
544 1592 582 1612 au
580 1580 664 1623 ferre
674 1591 737 1611 rem
746 1582 867 1622 privati
880 1602 889 1616 ‚
899 1577 937 1611 0⁴⁹
948 1580 1023 1610 dare
1032 1577 1184 1613 militibus

206 1669 247 1706 48
268 1634 358 1706 Papini
375 1631 549 1706 Ξζῗὲίῖῗηᾷ
568 1670 619 1698 uni
641 1669 670 1698 E
672 1667 778 1709 celeste
797 1663 916 1708 auferre
926 1688 936 1702 ,
956 1670 994 1698 Θ·
1003 1664 1080 1697 dare
1093 1666 1187 1697 alteri

316 1712 411 1741 etiam
416 1709 485 1752 sinc
494 1709 584 1751 causa
594 1733 604 1748 ‚
620 1722 671 1742 nec
681 1709 835 1752 quiſs1uam
845 1708 938 1752 potest
946 1712 973 1743 ei
983 1708 1081 1742 dicere
1093 1721 1101 1741 τ
1123 1711 1151 1741 C
1152 1720 1187 1741 ur

320 1754 326 1759 .
447 1754 451 1758 .
482 1759 491 1774 3

273 1750 492 1832 &aazia
514 1806 595 1828 num.
615 1805 666 1835 70.

278 1840 477 1872 Declaratur
487 1861 497 1876 ‚
517 1851 597 1872 num.
608 1849 659 1878 79.

205 1892 248 1927 49
268 1879 476 1923 Beneficiatus
483 1893 537 1914 nec
557 1882 647 1917 habet
663 1882 830 1916 dominium
841 1882 934 1920 utile,
955 1894 1008 1915 nee
1018 1883 1163 1916 direflum
1176 1895 1186 1918 ,-

308 1923 368 1966 sed
384 1922 426 1965 cst*
444 1923 619 1967 constitutus
646 1936 820 1968 procurator
829 1949 839 1964 ‚
861 1930 899 1960 (δ’
915 1925 1150 1968 administrator
1167 1938 1188 1959 a

212 2022 253 2054 50
272 2014 298 2044 S
298 1971 453 2043 aazias
463 2013 557 2043 etiam
568 2015 639 2051 invi
642 2015 668 2045 ti
679 2011 793 2054 poffunt
802 2012 822 2046 a'
831 2012 900 2053 suis
911 2012 1071 2054 Episcopis
1081 2024 1121 2044 ex
1128 2024 1188 2046 una

318 2053 363 2087 ad
372 2055 470 2085 aliam
482 2056 652 2098 Ecclefiam
663 2055 848 2096 transferri,
858 2055 896 2087 (Ὺ
906 2068 935 2087 n.
946 2059 996 2093 89.

210 2105 246 2140 51
270 2101 359 2139 Papa
369 2096 463 2145 potest
473 2102 507 2173 i8n
518 2110 571 2131 uno
582 2098 768 2140 Episcopatu
780 2098 851 2131 duos
861 2101 890 2131 E
893 2098 972 2141 pisto
973 2109 1024 2141 pos
1036 2098 1127 2141 consti
1129 2109 1189 2131 tue-

459 2166 465 2172 ·
521 2164 529 2172 ι
985 2156 997 2169 0

208 2194 247 2229 52
269 2146 457 2234 44ιέκῇἶηῖ
464 2151 521 2216 ηοῗι
534 2184 670 2227 succeffit
679 2208 690 2224 ‚
703 2185 760 2227 sed
770 2187 888 2228 accessit
897 2186 1021 2219 Valerio
1030 2184 1127 2218 adhuc
1137 2189 1188 2218 vi'-

211 2282 227 2311 5
234 2281 249 2312 3
271 2236 468 2312 Papanpbotest
477 2270 631 2303 concedere
650 2271 722 2303 duos
742 2271 946 2314 Episcopatus
961 2274 1013 2304 uni
1023 2271 1118 2313 Epist
1123 2281 1188 2314 opo.-

316 2318 390 2346 item
405 2315 504 2391 pgess
524 2318 607 2347 unire
616 2338 626 2352 ‚
645 2318 682 2349 (θ’
701 2326 790 2347 unum
807 2318 842 2348 in
859 2317 960 2358 plures
969 2316 1111 2348 dividere
1119 2339 1130 2354 ,
1150 2315 1188 2349 (θ’

211 2409 254 2443 54
272 2369 349 2434 Iterrltt
356 2361 448 2441 5032·st
457 2400 490 2432 di
489 2369 615 2441 ffilvere
624 2405 851 2435 matrimonium
862 2412 978 2439 ratum,
990 2414 1047 2435 non
1058 2403 1188 2443 confiim-

319 2453 455 2479 matum,
472 2449 510 2476 et·
528 2456 558 2476 n.
577 2449 629 2482 89.
641 2444 741 2487 &93.

212 2495 227 2528 5
234 2495 249 2527 5
270 2486 349 2521 Item
377 2486 546 2526 quandoque
572 2487 711 2529 diffolvit
740 2492 970 2523 matrimonium
1000 2489 1187 2531 conflamma-

319 2539 382 2561 tum
394 2553 402 2561 .

210 2578 249 2613 56
272 2574 400 2607 Praelati
411 2570 485 2613 sunt
494 2582 717 2614 procuratores,
739 2573 1008 2619 &dispenfiitores
1017 2587 1118 2609 rerum
1129 2579 1188 2610 Ec-

320 2616 429 2660 clefiae,
449 2627 506 2648 non
523 2616 658 2648 domini.

212 2668 251 2700 57
270 2662 359 2701 Papa
368 2657 409 2701 est
422 2662 525 2735 giga
526 2661 608 2702 palis
617 2660 809 2701 dispensator
819 2661 958 2695 bonorum
969 2663 1108 2707 Ecclesia
1117 2686 1128 2701 ‚
1147 2664 1186 2698 (θ’

318 2714 348 2735 n.
359 2712 411 2742 70.
495 2715 522 2735 2.

212 2749 249 2787 58
270 2749 391 2787 Papam
400 2756 457 2778 non
465 2744 539 2787 poffe
548 2746 715 2788 transferre
726 2747 904 2789 Episcopum
914 2751 1047 2780 invitum
1057 2772 1067 2786 ‚
1077 2752 1111 2781 ni
1106 2751 1138 2793 fi
1147 2761 1187 2783 ex

319 2801 354 2822 ca
359 2789 412 2830 usa
420 2791 664 2832 neceffitati‘s,vel
673 2792 823 2823 utilitatis
834 2794 863 2823 E
866 2792 1106 2834 cclefiarum,·1ui'
1118 2795 1188 2826 Au-

318 2832 417 2867 thores
427 2842 551 2866 teneant
561 2858 570 2865 .
889 2833 894 2838 ⁶

213 2885 251 2916 59
272 2877 510 2910 Translati'om's
528 2877 606 2917 justa
624 2877 714 2920 causa
734 2876 774 2919 est
793 2876 992 2920 insuperabili
994 2877 1188 2922 s.refistentia

320 2921 420 2961 populi
431 2922 527 2953 etiam
536 2920 649 2962 injusta
659 2944 669 2957 ,
688 2922 725 2954 Θ
735 2934 764 2955 n.
778 2926 828 2954 61.

213 2964 255 2995 60
274 2963 412 3006 Ecclesia
422 2965 608 3005 universalis
619 2963 660 3001 est
668 2975 756 2996 unum
765 2974 870 3006 corpus
888 2964 1045 3008 mysticum
1054 2987 1064 3002 ‚
1084 2967 1192 2998 multo-

320 3017 386 3037 rum
395 3009 424 3038 E
426 3006 606 3048 pist-oporum
615 3011 750 3040 concordi
760 3009 973 3051 numerositate
983 3006 1135 3051 diffuſsam,
1144 3021 1190 3042 cu-

323 3049 369 3087 ius
378 3061 413 3080 ca
416 3059 467 3091 put
477 3051 520 3091 est
538 3055 628 3092 Papa
638 3073 648 3086 ‚
670 3052 707 3084 Θ
717 3063 745 3083 n.
763 3061 831 3090 107.

214 3092 253 3124 61
275 3093 323 3123 Pa
325 3100 365 3131 pa
370 3092 402 3134 fi
411 3092 499 3126 videt
509 3093 672 3126 membrum
684 3093 868 3139 Ecclefiae,i'd
878 3093 1113 3136 est,Epifi-opum
1122 3097 1189 3127 inu-

322 3136 407 3166 tilem
419 3134 471 3176 effe
480 3136 513 3169 ob
522 3138 750 3178 persecutionem
762 3161 771 3175 ,
789 3149 880 3176 quam
896 3140 1016 3180 patitur
1026 3160 1036 3175 ,
1055 3136 1141 3171 debet
1151 3139 1190 3171 il-

323 3177 385 3210 lum
393 3189 530 3212 amovere
540 3204 549 3217 ,
571 3181 608 3215 θ’
617 3180 660 3212 ad
668 3183 770 3214 aliam
782 3182 950 3225 Ecclefiam
960 3180 1127 3222 transferre
1135 3205 1143 3213 .

212 3224 253 3252 62
274 3222 364 3261 Papa
375 3233 409 3252 in
420 3220 613 3264 his,quaesunt
624 3224 660 3257 de
669 3225 733 3263 jure
742 3225 920 3262 divino,non
930 3223 1087 3265 dispensat
1097 3228 1130 3257 in
1139 3237 1190 3258 ca-

317 3263 466 3307 fibusfibi
475 3269 630 3309 permiffis‚
641 3271 672 3299 ni
670 3269 700 3311 fi
709 3280 749 3301 ex
759 3267 888 3310 justa,&
895 3266 1077 3300 rationabili
1086 3269 1187 3310 causa.

214 3310 255 3348 63
276 3308 303 3339 C
304 3307 451 3352 onjugium
455 3307 619 3347 spirituale
630 3313 710 3343 inter
720 3312 912 3353 Episcopum,
922 3311 959 3344 ΕΤ
970 3312 1139 3354 Ecclefiam
1147 3312 1189 3354 est

325 3349 362 3381 de
371 3359 434 3388 Jure
447 3350 479 3381 di
486 3354 554 3383 vino
564 3375 574 3389 ‚
596 3354 711 3394 ejusque
719 3354 754 3386 di
751 3354 938 3396 ffelutionem
950 3357 1034 3391 Deus
1043 3354 1098 3396 suo
1107 3354 1189 3393 judi-

324 3405 370 3425 cio
386 3392 579 3433 reservavit.
1074 3398 1100 3440 J

215 3439 258 3477 64
279 3439 368 3479 Papa
385 3437 567 3471 auc‘lori‘tate
584 3438 657 3478 quod
670 3439 714 3482 fit
740 3464 751 3479 ‚
777 3444 890 3475 dicitur
910 3441 985 3486 fieri
1005 3441 1189 3476 auetoritate

2056 29 2144 76 3⁸5

1339 101 1402 132 Dei
1412 121 1422 135 9
1438 104 1467 142 J}
1491 111 1529 135 ,ex
1557 108 1608 140 Just
1615 111 1634 130 ,a
1656 96 1747 138 causi!
1762 97 1829 141 fiat
1838 123 1846 131 .

1232 146 1271 183 65
1294 146 1381 184 Papa
1400 142 1515 178 dicitur
1532 141 1639 174 habere
1648 140 1760 180 coeleste
1767 141 1948 178 arbitrium.
2163 184 2165 187 Ι

1229 191 1269 219 66
1293 187 1363 218 Nec
1371 189 1438 227 puri
1448 185 1590 222 hominis,
1593 185 1649 226 sed
1660 188 1728 220 veri
1738 187 1801 218 Dei
1810 190 1996 226 vicemgcrit
2005 189 2038 220 in
2047 191 2140 222 terris
2150 214 2158 222 .

1226 234 1272 268 ,⁶7
1292 233 1376 265 Deus
1387 241 1443 261 non
1451 227 1491 270 est
1501 228 1609 261 author
1615 231 1792 267 iniquitatis
1802 252 1812 266 ‚
1832 229 1885 269 fed
1894 233 1996 265 omnia
2007 241 2060 264 aut
2076 232 2150 274 justo
2157 234 2203 274 ju-

1339 271 1419 304 dicio
1431 271 1516 313 facit
1526 295 1535 308 ,
1564 282 1619 305 aut
1630 274 1686 312 suo
1702 272 1840 315 permsffu
1859 277 1908 306 ita
1924 272 1993 313 fieri
2001 275 2083 318 finit
2092 299 2100 307 .

1230 319 1270 349 68
1293 319 1381 353 Petri
1392 316 1588 356 pri-vilegium
1605 325 1729 348 eatenus
1747 326 1850 348 manet
1857 319 1891 349 in
1900 320 2034 352 Romano
2045 318 2204 362 Ponti'fiea

1339 368 1481 398 quatenus
1488 369 1529 389 ex
1545 360 1557 390 i
1558 359 1638 401 pstus
1652 357 1753 400 fertur
1761 363 1899 397 equitate
1911 359 2055 398 judicium
2064 385 2074 396 ,

1231 406 1272 440 69
1291 404 1380 443 Papa
1390 413 1445 435 non
1454 399 1547 444 potest
1558 402 1627 444 sine
1636 401 1666 440 ju
1662 402 1713 442 sta
1723 403 1814 443 causa
1825 406 1854 436 E
1856 403 2041 446 piscopatum
2049 404 2205 444 dividere,

1341 443 1488 488 Episcopo
1498 455 1555 475 non
1565 444 1761 484 consentiente
1771 469 1779 480 .

1233 498 1275 527 70
1295 489 1386 529 Papa
1396 499 1452 525 non
1463 484 1643 528 estabsolute
1661 487 1798 521 dominus
1817 488 1954 524 bonorum
1970 492 2132 535 Ecclestae,
2146 491 2204 534 sed

1342 529 1545 574 dispensator,
1565 528 1603 562 (ῥ’
1613 533 1694 562 n.82.

1230 584 1269 615 71
1293 577 1419 609 Pralati
1428 573 1609 657 hanzstatem
1617 585 1674 605 non
1684 572 1776 612 decet,
1786 576 1919 614 aliquem
1921 578 1989 622 fine
1995 577 2073 621 iusta
2083 578 2174 621 causa
2183 580 2205 615 a*

1333 617 1402 659 suis
1412 616 1482 650 bene
1507 619 1565 649 ciis
1574 627 1716 649 amovere
1727 640 1736 651 ‚

1234 671 1275 702 72
1297 661 1533 699 Translationis
1541 663 1574 692 in
1584 662 1716 693 materia
1719 659 1838 702 semper
1846 660 1914 699 iura
1923 662 2092 703 ponderant
2101 665 2211 707 justam

1341 704 1465 746 causam
1475 705 1626 736 utilitatis
1635 726 1645 741 ‚
1667 705 1720 736 vel
1734 705 1916 746 necessitatis
1926 707 2131 750 Ecclesiarum
2141 733 2149 742 .

1232 758 1272 791 73
1296 750 1482 791 opinionum
1491 748 1663 786 conciliatio
1672 749 1755 780 circa
1762 749 1998 783 translationem
2008 752 2038 782 E
2039 750 2119 794 pisco
2120 755 2153 794 pi
2163 755 2208 786 in-

1344 802 1406 826 'viti
1418 816 1426 828 ρ

1233 844 1276 876 74
1295 836 1390 868 Sedes
1399 836 1436 867 A
1437 833 1577 876 postolica
1587 835 1620 867 in
1629 834 1727 878 caufis
1736 834 1899 874 majoribus
1909 847 2024 875 magna
2035 838 2211 880 circumspe-

1343 880 1439 912 b'lione
1448 878 1485 911 (ῤ’
1495 881 1677 911 maturitate
1693 877 1848 919 procedere
1866 878 2022 919 consuevit
2033 904 2041 911 .

1236 932 1254 961 7
1259 931 1274 962 5
1296 923 1483 1006 TrJnslatio
1501 921 1654 959 Monachi'
1673 921 1746 961 quid
1755 920 1882 965 differat
1891 923 1912 959 a'
1921 923 2124 956 translatione
2134 926 2214 966 Epi-

1361 975 1424 1008 copi
1437 987 1445 1001 ‚

1236 1013 1275 1049 76
1297 1012 1420 1044 Priores
1428 1019 1479 1050 per
1489 1009 1660 1043 eleftionem
1669 1009 1810 1043 canonice
1817 1008 1951 1051 instituti
1961 1032 1971 1048 ,
1981 1010 2043 1053 nisi
2050 1019 2103 1052 pro
2114 1013 2220 1049 manis

1340 1051 1420 1096 festa
1431 1075 1441 1089 ,
1461 1049 1690 1087 &rationabili
1706 1052 1796 1093 causa
1813 1064 1870 1085 non
1882 1053 1956 1094 sunt
1966 1053 2111 1087 mutandi
2121 1078 2130 1086 .

1239 1105 1282 1136 77
1302 1098 1333 1129 E
1334 1099 1366 1137 pi
1364 1095 1414 1171 [ἳο
1416 1106 1465 1140 pos
1475 1094 1529 1137 effe
1538 1094 1581 1128 ad
1588 1105 1693 1129 nutum
1702 1095 1851 1131 amo-vibit
1853 1108 1883 1127 es
1902 1106 2049 1138 repugnat
2060 1097 2165 1139 sacris
2174 1110 2219 1138 re,-

1367 1152 1384 1170 u
1398 1152 1426 1171 is
1438 1163 1445 1170 .

1239 1185 1280 1225 78
1301 1151 1459 1227 ,Deiwfiffl’
1477 1181 1622 1228 Episcopi
1649 1185 1683 1218 in
1704 1180 1793 1219 dubio
1813 1182 1946 1228 censetur
1970 1181 2061 1229 falia
2082 1196 2122 1217 ex
2141 1184 2220 1226 justa

1349 1238 1404 1260 cau
1421 1238 1440 1258 a
1452 1250 1459 1260 .

1239 1279 1281 1309 79
1301 1226 1448 1312 Ρνὶηειςυ
1457 1267 1552 1312 potest
1561 1269 1628 1313 fine
1637 1268 1729 1312 causa
1746 1269 1794 1308 jus
1806 1272 1894 1302 tertii
1904 1268 2023 1312 auferre
2032 1270 2069 1303 de
2076 1269 2221 1313 potestate

1348 1313 1484 1355 absoluta
1496 1336 1506 1350 ‚
1524 1325 1581 1345 non
1590 1323 1691 1345 autem
1707 1312 1745 1346 de
1763 1312 1907 1355 potestate
1915 1313 2076 1346 ordinaria
2086 1338 2095 1347 .

1240 1360 1282 1390 80
1303 1356 1474 1399 Disputare
1480 1368 1537 1389 non
1548 1358 1622 1388 licet
1640 1356 1677 1388 de
1687 1355 1786 1397 fastis
1798 1359 1885 1398 I‘apae
1895 1380 1903 1392 .

1239 1404 1279 1436 81
1304 1403 1393 1442 Papa
1401 1399 1540 1439 quomodo
1559 1401 1753 1439 intelligatur
1771 1399 1880 1435 habere
1899 1400 2028 1434 liberam
2047 1400 2221 1446 dispofitio-

1348 1455 1415 1477 nem
1422 1446 1455 1478 in
1465 1441 1708 1480 beneficialibus,
1719 1443 1756 1476 ω’·
1765 1443 1968 1485 n.se‹m.ufi1ue
1977 1443 2018 1476 ad
2029 1447 2114 1478 n.88.

1239 1491 1280 1522 82
1302 1487 1436 1529 Papalis
1453 1484 1610 1528 potestatis
1627 1486 1783 1529 plegitudo
1801 1488 1898 1527 quoad
1915 1500 1963 1519 res
1974 1488 2155 1530 temporales
2166 1490 2226 1521 Ec-

1350 1531 1441 1575 clefiae
1450 1542 1507 1564 non
1526 1532 1595 1563 exit
1614 1531 1731 1562 limites
1749 1530 1906 1572 potestatis
1928 1530 2142 1572 dispensativa
2151 1556 2159 1562 .

1240 1578 1280 1617 83
1302 1577 1393 1616 Papa
1405 1584 1563 1612 tamquam
1576 1572 1687 1606 habens
1696 1577 1812 1616 apicem
1833 1574 2046 1616 dispensativa
2066 1574 2225 1616 potestatis

1351 1617 1443 1659 potest
1452 1619 1546 1650 multo
1557 1618 1622 1659 plus
1633 1616 1809 1658 dispensare
1819 1620 1855 1649 de
1864 1619 1949 1650 rebus
1962 1619 2100 1662 Ecclefiae
2112 1642 2120 1656 ‚
2132 1620 2221 1658 quam

1352 1664 1524 1701 quicumque
1532 1662 1613 1696 alius
1633 1663 1662 1697 Ε
1664 1662 1772 1704 celest-e
1782 1665 1931 1694 Praelitus
1943 1686 1950 1694 .

1243 1709 1286 1746 84
1296 1703 1455 1748 Judicium
1466 1715 1527 1742 ejus
1539 1704 1624 1738 debet
1633 1703 1672 1736 de
1682 1705 1768 1741 vultu
1779 1708 1843 1738 Dei
1852 1705 1975 1747 prodire
1985 1730 1993 1738 .

1242 1752 1281 1789 85
1303 1747 1488 1790 Beneficium.
1498 1758 1658 1789 acceptans
1666 1747 1799 1787 censetur
1812 1761 1851 1781 ex
1864 1751 1950 1793 quast
1968 1752 2123 1784 contractu
2134 1753 2171 1793 se
2183 1751 2229 1786 ob-

1351 1792 1448 1831 ligae
1460 1792 1504 1823 ad
1521 1793 1609 1823 illius
1629 1790 1931 1832 administrationem
1943 1817 1950 1825 .

1243 1839 1282 1871 86
1305 1839 1333 1869 C
1334 1835 1486 1871 ontral'lus
1489 1836 1556 1879 fine
1566 1834 1657 1876 causa
1668 1833 1791 1877 diffolvi
1799 1847 1857 1868 non
1866 1836 1958 1880 potest
1967 1840 2063 1871 etiam
2069 1849 2122 1881 per
2133 1843 2228 1874 Prin-

1353 1891 1380 1912 ci
1383 1888 1449 1920 pem
1458 1903 1467 1913 0

1243 1926 1285 1963 87
1305 1925 1397 1965 Papa
1409 1934 1449 1956 an
1457 1921 1569 1957 habeat
1587 1925 1727 1962 aqualem
1744 1924 1920 1966 potestatem
1929 1928 1962 1958 in
1974 1928 2002 1959 E
2003 1925 2219 1969 piscopatibus‚

1351 1977 1441 2005 atque
1451 1970 1483 1998 in
1493 1966 1646 2008 beneficiis
1664 1967 1859 2010 inferioribus
1875 1992 1882 2000 .

1244 2011 1284 2043 88
1304 2009 1486 2042 Sacerdotes
1493 2021 1548 2042 non
1567 2010 1681 2053 possunt
1699 2010 1740 2043 ad
1759 2013 1860 2044 aliam
1883 2013 2051 2056 Ecclesiam
2060 2013 2228 2058 transferri

1346 2055 1450 2140 sziti
1459 2076 1469 2090 ‚
1489 2054 1550 2099 nist
1559 2065 1598 2087 ex
1608 2054 1698 2096 causa
1709 2057 1873 2088 communis
1881 2057 2033 2089 utilitatis
2042 2080 2052 2095 ‚
2075 2059 2125 2090 vel
2133 2058 2230 2100 neces-

1366 2106 1458 2130 ltatls
1471 2120 1478 2130 ι

1244 2143 1285 2178 89
1305 2143 1395 2182 Papa
1404 2152 1461 2172 non
1471 2139 1629 2182 dispensat
1633 2140 1723 2182 super
1733 2143 1914 2183 pluralitate
1922 2144 2156 2182 cathedralium,
2167 2158 2220 2181 nec

1347 2183 1439 2270 sup?
1449 2187 1647 2217 matrimonio
1657 2186 1777 2224 ram&
1788 2187 1864 2219 aliis
1874 2186 1910 2219 hu
1912 2187 2053 2229 jusmodi,
2056 2189 2125 2232 fine
2131 2192 2228 2229 gravi

1354 2239 1409 2259 cau
1426 2238 1445 2258 a
1455 2249 1465 2263 ‚
1488 2230 1526 2260 (θ’
1535 2239 1564 2261 n.
1577 2239 1628 2270 93.

1243 2281 1284 2310 90
1306 2269 1376 2310 Dis
1367 2270 1505 2311 pensatio
1513 2272 1599 2304 nulla
1621 2270 1688 2311 fieri
1708 2271 1793 2305 debet
1804 2296 1817 2310 „
1831 2275 1892 2318 nifi
1900 2273 1944 2306 ad
1954 2274 2089 2309 honorem
2099 2275 2230 2317 Christi,

1353 2314 1404 2346 vel
1414 2315 1586 2347 utilitatem
1599 2317 1739 2359 Ecclestae
1751 2341 1758 2348 .

1243 2367 1281 2396 91
1306 2357 1494 2392 Translatio
1505 2356 1597 2399 facta
1618 2363 1651 2391 in
1666 2363 1806 2399 gratiam
1822 2362 1848 2392 E
1851 2360 1963 2402 piscopi'
1972 2373 2029 2393 non
2040 2362 2160 2394 inducit
2171 2374 2229 2395 va-

1353 2413 1389 2433 ca
1395 2404 1505 2433 tionem
1519 2404 1547 2434 E
1549 2403 1655 2446 cclestae
1666 2425 1676 2439 ,
1693 2406 1726 2435 ni
1723 2404 1754 2446 fi
1763 2403 1825 2444 post
1832 2403 2001 2445 consensum
2010 2404 2170 2447 prestitum
2181 2406 2227 2438 ad

1347 2445 1511 2486 secundam
1522 2468 1531 2482 ‚
1553 2445 1640 2485 ufilue
1658 2448 1699 2478 ad
1707 2458 1739 2478 n.
1750 2450 1801 2484 98.
1881 2451 1884 2454 '

1241 2498 1282 2528 92
1304 2488 1490 2521 Translatio
1499 2491 1533 2522 in
1543 2482 1680 2527 favorem
1684 2489 1781 2529 solius
1791 2491 1940 2524 translati
1951 2490 2139 2534 improbatur
2148 2492 2227 2534 a'fii-

1353 2534 1414 2564 cris
1435 2531 1608 2565 Canonibus
1618 2555 1626 2564 .

1243 2586 1283 2617 93
1305 2572 1469 2616 Dissolutio
1478 2577 1671 2607 matrimonii
1675 2576 1855 2618 spiritualis
1865 2578 1960 2618 ‚ficut
1970 2576 2007 2610 eff
2019 2581 2159 2611 carnalis
2168 2591 2227 2612 non

1351 2616 1567 2657 consummati,
1586 2619 1650 2660 stne
1656 2622 1750 2657 gravi
1762 2619 1853 2660 causi
1863 2620 1888 2661 fi
1890 2623 1934 2652 eri
1944 2632 2002 2656 non
2013 2621 2099 2654 debet
2110 2646 2119 2654 .

1243 2671 1286 2703 94
1306 2659 1472 2701 Episcopus
1482 2663 1633 2705 transiens
1643 2662 1684 2694 ad
1695 2664 1795 2695 aliam
1806 2665 2050 2707 Ecclestamfine
2069 2665 2149 2707 justa
2160 2678 2226 2698 cau-

1345 2704 1397 2745 sa,
1408 2703 1524 2737 dicitur
1532 2704 1719 2737 adulterium
1730 2717 1927 2743 committere,
1942 2707 1980 2740 ᾤ’
1989 2720 2019 2741 n.
2028 2719 2095 2746 109.

1242 2756 1282 2788 95
1305 2746 1508 2789 Dispensatus
1526 2747 1569 2780 ad
1588 2759 1733 2788 majorem
1744 2761 1795 2782 cur
1804 2762 1861 2782 noii
1879 2751 1965 2794 poffit
1975 2753 2106 2796 tranfire
2116 2751 2158 2785 ad
2167 2763 2225 2795 pa-

1353 2801 1416 2823 rem
1427 2814 1434 2824 .

1243 2839 1284 2873 96
1307 2835 1493 2911 Translgtio
1502 2836 1535 2866 in
1544 2833 1632 2867 dubio
1641 2835 1773 2877 censetur
1788 2835 1861 2878 fieri
1870 2837 1906 2869 de
1918 2838 2065 2881 Episcopo
2075 2851 2132 2873 non
2141 2842 2174 2871 in
2180 2843 2224 2872 vi—

1354 2887 1401 2914 to,
1468 2889 1497 2910 n.
1515 2888 1583 2911 120.

1243 2930 1285 2960 97
1307 2921 1494 2954 Translatio
1510 2920 1599 2962 falla
1618 2924 1652 2955 i'n
1667 2925 1806 2962 gratiam
1824 2922 1971 2964 Episcopi
1989 2927 2118 2964 requirit
2138 2927 2223 2958 illius

1352 2962 1521 3042 {onfridum
1539 2977 1596 2998 non
1614 2977 1654 2998 ex
1675 2963 1787 3008 defec‘lu
1804 2965 1966 3008 potestatis
1983 2970 2073 3014 Papa
2085 2992 2093 3003 ,
2108 2968 2164 3010 sed
2174 2981 2225 3002 vm

1369 3017 1485 3040 untatis
1496 3031 1505 3042 .

1244 3054 1285 3089 98
1307 3053 1352 3083 Ei
1363 3050 1482 3092 fiafficit
1501 3050 1653 3092 consensus
1672 3052 1861 3094 prasumptus
1871 3078 1879 3087 .

1245 3105 1287 3135 99
1306 3097 1437 3126 Vacatio
1458 3095 1597 3137 Ecclefiae
1615 3094 1769 3132 inducitur
1788 3109 1820 3128 eo
1837 3101 1849 3128 i
1849 3097 1900 3139 pso
1919 3122 1930 3136 ‚
1961 3098 2036 3137 quod
2060 3097 2222 3139 Episcopus

1354 3138 1566 3222 traiifiati‘oniik
1560 3137 1706 3180 consentit
1715 3162 1724 3177 ‚
1745 3142 1840 3173 etiam
1849 3151 1923 3175 ante
1931 3141 2076 3182 adeptam
2086 3140 2223 3183 possessio-

1353 3190 1421 3213 nem
1455 3192 1486 3213 ec
1487 3193 1524 3212 un
1576 3204 1584 3212 .

1229 3234 1289 3257 100
1307 3225 1344 3256 In
1353 3225 1558 3257 translatione
1566 3223 1622 3258 duo
1630 3235 1770 3260 extrema
1773 3227 1848 3268 sunt
1858 3227 2075 3271 confideranda
2085 3249 2093 3258 .

1228 3277 1284 3302 101
1307 3265 1510 3308 Episcopatus
1520 3278 1619 3302 vacat
1637 3281 1668 3302 eo
1686 3272 1698 3302 i
1699 3269 1752 3312 pfh
1761 3294 1772 3308 ,
1793 3271 1869 3309 quod
1888 3270 2051 3312 Episcopus
2071 3281 2111 3302 ex·
2131 3270 2222 3313 causa

1352 3310 1538 3350 transfertur
1547 3314 1676 3351 invitus,
1686 3326 1739 3346 nec
1747 3313 1792 3347 ad
1801 3325 1864 3345 eum
1875 3313 1967 3346 datur
1975 3312 2117 3355 regressus
2130 3338 2138 3346 .

1229 3364 1284 3388 102
1299 3355 1327 3385 E
1329 3353 1463 3395 piscopus
1472 3366 1514 3387 an
1523 3355 1684 3390 contrahat
1687 3350 1854 3398 spirituale
1865 3357 2029 3396 conjugium
2039 3368 2105 3390 cum
2121 3360 2148 3389 E
2151 3358 2220 3389 ccle*

1347 3397 1410 3440 fia,
1419 3396 1462 3430 ad
1473 3408 1562 3436 quam
1570 3402 1770 3443 transfertur,
1783 3402 1819 3432 &⁴
1828 3399 2046 3442 n.seqq.usq.ad
2055 3413 2086 3433 n.
2094 3412 2104 3432 ι
2116 3404 2161 3432 18.

1230 3450 1286 3483 103
1309 3442 1555 3477 Matrimonium
1569 3443 1737 3485 spirituale
1745 3466 1755 3480 ‚
1770 3443 1850 3486 ficut
1870 3442 1908 3476 (ῥ’
1927 3446 2052 3479 carnale
2061 3467 2071 3482 ,
2084 3445 2152 3486 fine
2162 3454 2224 3474 con-

2106 3485 2177 3526 sen-
