2397 3664
144 964 181 996 32

206 176 397 222 suspiciones
410 178 555 222 Episcopi
566 176 604 210 sit
613 175 741 218 graves,
751 177 783 208 &
795 176 1014 207 vehementes.
1033 173 1086 207 De
1093 173 1190 206 Mon·

196 225 279 260 ιο,8ε
287 222 494 257 Paravieinus
504 221 608 253 eidem
618 218 779 260 sententie
787 217 1109 259 adheleruntd’lattue
1123 223 1191 259 quo

199 275 266 308 ᾳκ
279 266 506 308 suspicionibus
573 261 782 298 diffisinotus
801 259 1063 293 novume'xamen
1085 261 1192 301 proba·

199 309 246 342 vit
261 332 270 340 .
292 309 492 342 Blarichettus
503 329 513 342 ‚
565 304 628 336 neti
641 304 853 341 Marcelli‚&
864 303 1001 336 Rosatus
1011 304 1044 342 in
1055 303 1191 335 aliorum

206 349 394 385 sententiam
404 373 414 388 ‚
425 353 456 382 &
470 348 521 389 ipsi
533 348 639 380 ierunt
648 370 659 384 ,
680 357 788 388 prxter
796 357 895 379 urium
902 346 1089 378 Sanctorum
1097 344 1191 388 Qia-

203 403 278 427 tuor
287 417 297 430 ‚
308 396 362 436 qui
375 393 463 426 sensit
475 393 534 422 linc
545 390 789 431 relinquendum
800 390 984 422 adzrbitrio
995 389 1087 421 Rotae
1097 412 1106 420 .

246 437 284 469 Et
305 439 339 470 in
359 436 449 469 causa
477 434 603 466 Montis
622 432 772 474 Regalis,
793 432 868 465 cum
888 433 990 465 rursus
1010 433 1192 464 dubitatum

201 478 300 512 suerit
312 503 322 518 ‚
337 490 376 512 aii
387 480 478 522 judex
491 477 712 518 appellationis
723 476 911 517 interpositae
930 476 948 508 Ξι
965 475 1082 508 ιεέἂο
1099 474 1191 516 possit

203 527 319 555 vocare
330 521 530 565 praeelectum
553 522 589 552 ad
601 530 882 556 novum-examen,
901 521 934 552 &
954 519 986 551 di
1019 529 1054 550 us
1074 518 1193 559 praeele-

202 563 271 596 &us
284 568 322 597 ad
339 564 523 598 instantiam
540 562 651 604 teiediix
667 570 812 595 teneatur
831 562 860 595 se
868 561 1020 604 subjicere
1028 571 1114 594 novo
1124 570 1193 592 exa-

200 607 283 640 mini
304 617 414 640 coram
435 605 522 639 dicto
544 607 646 647 judice
658 628 667 641 ‚
685 606 831 647 quamvis
847 616 898 646 per
919 605 982 637 alia
1000 606 1194 637 documenta

201 658 269 682 non*
280 653 394 684 doceat
403 653 442 683 de
455 649 668 682 irrationabili
681 647 965 691 judicioEpiscopi.
979 648 1031 680 die
1042 658 1071 678 ε.
1085 647 1193 687 Augu-

200 693 240 726 sti
262 698 352 734 1³6o7.
384 694 485 726 Sacra
501 692 723 734 congregatio
741 691 864 724 censuit
893 690 1091 732 postpositum
1112 689 1193 730 posse

202 742 380 778 provocare
403 735 598 778 ptaeele&um
619 737 657 766 ad
678 745 798 767 novum
807 744 938 766 examen
959 743 1067 765 coram
1091 731 1193 772 judice

203 781 422 820 appellationis
433 802 444 816 ‚
454 779 553 811 etiarn
562 788 731 818 antequam
742 788 793 817 per
805 778 867 808 alia
875 779 1069 808 documenta
1079 778 1193 806 doceat

199 825 238 856 de
257 817 475 857 ittarionabili
496 821 617 863 judicio
637 821 799 862 Episcopi.
829 822 934 860 Atque
961 819 1007 850 ita
1035 818 1192 850 intellexit

199 867 474 900 constitutionem
485 864 592 897 l‘anetae
599 864 760 896 memoriae
770 862 800 894 S.
813 862 847 894 Pi
853 863 865 894 i
874 863 911 894 V.
924 861 1067 894 adversus
1077 861 1193 893 'nonula

203 911 248 942 las
259 909 352 943 Rotae
362 909 536 942 decisiones
547 931 554 938 .
1078 924 1082 925 γ

246 952 351 994 Quod
374 951 493 993 iudicio
510 959 585 982 meo
594 959 631 980 ex
643 948 844 990 sequentibus
863 946 1049 980 confirmari
1066 946 1165 988 potest
1183 969 1194 984 ‚

201 995 238 1027 Et
249 995 357 1038 primo
369 1007 380 1025 .·
400 993 602 1027 constitutio
611 992 642 1023 S.
656 991 705 1024 Pii
718 993 756 1023 V.
767 993 842 1023 dum
849 991 1001 1023 concedit
1014 990 1130 1034 rejetsto
1139 1000 1193 1027 ,ut

202 1039 296 1079 possit·
307 1042 479 1079 provocare
488 1035 685 1077 ptaeelestum
697 1038 733 1067 ad
747 1045 865 1066 novum
878 1044 1008 1066 examen
1020 1044 1129 1066 coram
1149 1035 1195 1078 ju-

199 1082 272 1114 dice
301 1079 542 1122 appellat-ionis,
562 1080 596 1109 &
614 1080 680 1121 ejus
699 1077 968 1110 examinatoribus
985 1078 1137 1119 jubetque
1159 1085 1194 1109 ut

204 1123 344 1157 constito
354 1126 392 1156 de
403 1123 516 1164 prioris
537 1121 685 1163 eligentis
708 1121 921 1153 irrationabili
934 1121 1072 1161 judicio,
1093 1129 1195 1161 eoque

202 1176 376 1204 revocate,
397 1165 589 1198 l‘arochialis
609 1165 709 1204 magis
719 1165 838 1196 idoneo
856 1163 1062 1199 conferatur,-
1084 1163 1195 1204 utique

199 1212 355 1252 requirit,¹
376 1220 410 1242 nt
421 1219 541 1241 novum
551 1217 682 1240 examen
704 1209 787 1240 inter
806 1216 1052 1248 provocantem,
1073 1208 1106 1238 &
1125 1214 1196 1247 prae·

199 1254 334 1287 electum
356 1254 431 1288 fiat,-
453 1262 520 1284 non
542 1249 677 1283 *tantum
698 1256 803 1292 quoad
823 1250 1008 1286 scientiam,
1029 1249 1075 1281 sed
1092 1250 1194 1281 etiarn

199 1300 305 1340 quoad
324 1307 444 1332 mores,
464 1294 663 1336 prudentiam
675 1316 686 1330 ,
703 1296 735 1326 δι
755 1294 832 1325 alias
851 1293 1045 1334 qualitates,
1059 1303 1194 1334 quarum

202 1342 351 1374 meminit
366 1339 553 1371 Concilium
570 1337 800 1369 Tridentinum
811 1340 843 1368 i'n
854 1336 964 1377 ιιι-νεαρ.
983 1339 1030 1368 18.
1050 1335 1130 1375 vers.
1141 1339 1195 1368 Pe-

198 1385 308 1421 rasta,
320 1381 390 1425 seff.
403 1393 454 1422 24·
477 1381 553 1413 alliis
562 1381 669 1417 enim,
687 1381 707 1412 si
720 1381 806 1413 fieret
819 1390 950 1412 examen
970 1377 1194 1411 tantummodo

198 1430 303 1470 quoad
325 1425 513 1461 scientiam,
533 1424 675 1456 constare
686 1434 751 1455 non
772 1424 889 1465 posset,
910 1432 979 1454 uter
990 1432 1100 1453 eorum
1120 1421 1193 1453 esset

199 1471 302 1512 magis
313 1470 467 1505 idoneus,
485 1468 564 1509 quia
581 1466 714 1509 rejerstus
735 1467 831 1507 posset
852 1466 911 1497 else
930 1465 1077 1501 doctior,
1096 1467 1128 1496 &
1150 1475 1194 1497 tao

203 1525 277 1547 men
298 1514 498 1554 imprudens,
527 1520 580 1542 aut
599 1510 808 1545 criminosus,
839 1510 872 1541 δε
898 1508 1126 1549 consequenter
1156 1517 1193 1539 ex

203 1554 381 1601 hujusmodi
394 1554 538 1586 examine
560 1552 722 1585 retraetari
744 1564 809 1584 non
831 1552 927 1592 posset
951 1552 1103 1586 iudicium
1125 1550 1194 1591 Epi-

198 1600 303 1642 scopi.
325 1598 469 1630 Undein
489 1605 575 1628 novo
585 1596 730 1628 examine
740 1596 912 1636 qualitates
930 1605 1041 1626 omnes
1062 1603 1194 1626 concur*

201 1644 340 1676 rentium
359 1641 428 1673 sunt
441 1640 579 1671 invicem
590 1638 789 1671 conserendae
804 1661 814 1676 ,
833 1640 867 1671 &
886 1647 925 1670 ex
943 1638 1121 1670 collatione
1139 1638 1194 1668 liu-

199 1685 334 1731 jusmodi
355 1683 557 1716 formandum
577 1682 620 1714 est
638 1682 817 1725 judicium,
848 1691 889 1714 an
916 1680 1031 1713 elefflo
1050 1679 1192 1721 Episcopi

199 1728 384 1764 retractari,-
405 1735 459 1760 aut
479 1724 664 1766 confirmari
684 1726 778 1756 debet
796 1747 806 1761 ‚
836 1735 872 1756 ut
894 1723 1052 1765 saepiffime
1074 1723 1139 1756 tarn
1159 1724 1192 1755 in

197 1767 307 1810 Rota,
325 1769 421 1812 quam
439 1769 474 1801 in
492 1768 587 1801 Sacra
605 1766 870 1809 congregatione
882 1789 892 1804 ‚
915 1766 977 1799 fuit
1000 1767 1192 1799 resolutum.

196 1816 296 1858 Qiod
317 1815 393 1847 curn
412 1811 527 1847 itafit4
546 1814 621 1843 dum
642 1810 730 1843 Rota
739 1810 896 1843 existimat
918 1810 1059 1843 constare
1079 1811 1192 1842 debere

195 1861 234 1892 de
246 1856 460 1891 irrationabili
473 1855 616 1897 judicio,
637 1860 807 1895 antequam
817 1856 1008 1886 decernatur
1027 1860 1147 1884 novum
1160 1863 1192 1883 e-

196 1911 332 1937 xamen:
353 1896 484 1941 inquiro
494 1900 606 1940 dequo
616 1898 760 1930 examine
771 1898 830 1928 hoc
844 1897 1065 1937 intelligatur,
1086 1907 1126 1928 an
1138 1895 1193 1927 sci-

198 1947 276 1978 licet
294 1946 333 1976 de
352 1942 497 1975 examine
516 1943 620 1983 quoad
640 1940 818 1972 doctrinam
840 1941 987 1976 tantum,
1010 1950 1048 1971 an
1069 1938 1144 1970 vero
1154 1941 1192 1970 de

199 1987 345 2021 examine
365 1987 469 2026 quoad
490 1995 601 2016 omnes
610 1984 800 2025 qualitates.
821 1983 858 2014 Si
878 1983 1081 2024 intelligatur
1091 1982 1193 2022 primo

204 2032 302 2064 modo
311 2032 348 2061 de
361 2028 504 2060 examine
516 2027 614 2059 solum
635 2029 737 2067 quoad
759 2025 935 2057 doc'ltrinam
949 2049 958 2062 ,
979 2025 1038 2057 hoc
1057 2025 1100 2057 est
1117 2035 1194 2058 con-

202 2085 252 2106 tra
260 2071 538 2105 constitutionem
549 2070 578 2102 S.
593 2070 642 2101 Pii
653 2070 691 2100 V.
700 2079 768 2110 quoe
780 2091 790 2105 ,
801 2079 835 2100 ut
848 2067 988 2109 proxime
999 2069 1119 2100 dicium
1129 2068 1171 2100 cst
1183 2090 1193 2104 ‚

201 2117 302 2158 exigit
314 2125 431 2147 novum
442 2124 570 2146 examen
588 2114 691 2154 quoad
712 2122 822 2143 omnes
840 2112 1011 2152 qualitates
1028 2113 1066 2144 ad
1086 2121 1195 2152 regen-

201 2163 275 2193 dam
287 2158 455 2190 Ecclesiam
469 2156 632 2198 requisitas
641 2178 651 2192 ,
663 2166 730 2189 .nec
742 2155 856 2194 species
867 2155 1048 2186 examinum
1058 2177 1069 2191 ,
1091 2164 1144 2186 aut
1156 2155 1194 2185 il-

201 2205 306 2236 lorum
317 2211 438 2242 tempus
448 2199 613 2240 distinguit
625 2222 632 2230 .
653 2198 685 2229 Si
706 2197 782 2229 vero
793 2198 991 2237 intelligatur
1000 2200 1038 2228 de
1050 2197 1194 2229 examine

207 2247 267 2279 boc
282 2247 417 2277 secundo
428 2246 546 2279 modo,
570 2241 713 2283 implicat
733 2239 1022 2273 contraditstioilem
1035 2263 1045 2277 ‚
1066 2250 1101 2271 ut
1123 2249 1195 2271 ante

200 2300 332 2323 examen
353 2286 494 2319 constare
516 2287 627 2317 debeat
655 2287 694 2316 de
715 2283 929 2316 irrationabili
957 2283 1098 2324 judicio,
1119 2283 1196 2324 quia

202 2342 334 2365 examen
353 2329 528 2372 hujusmodi
552 2329 630 2360 nillil
653 2327 694 2359 est
717 2328 801 2358 aliud
821 2337 917 2367 quam
939 2325 1124 2366 inquisitio,
1145 2326 1196 2357 seu

199 2374 381 2410 instrmfkio,
402 2375 435 2405 δ(
456 2372 610 2413 proceffiis
631 2381 740 2404 coram
764 2370 868 2412 judice
898 2369 1116 2410 appellationis
1148 2369 1196 2400 su-

202 2429 255 2460 per
273 2417 435 2452 moribus,
456 2415 642 2456 prudentia,
663 2413 827 2450 doctrina,
850 2412 964 2445 &aliis
987 2411 1195 2453 qualitatibus

203 2459 487 2495 concurrentium,
517 2467 584 2498 cap.
605 2459 642 2493 Si
657 2454 760 2499 forte,
778 2454 817 2488 de
834 2455 916 2488 elel'l.
937 2454 1049 2487 libna
1069 2454 1197 2486 Conci·

204 2505 285 2536 lium
294 2502 523 2535 Tridentinum
534 2524 544 2538 ‚
553 2510 622 2541 pap.
637 2511 663 2532 t.
677 2500 740 2532 ibi:
755 2501 928 2531 Examinis
939 2520 949 2536 ,
962 2498 1017 2539 [ωι
1027 2498 1198 2540 inquifitio-

205 2551 273 2584 nis,
293 2556 345 2578 aue
360 2544 568 2586 instrufhmts
582 2541 650 2585 seffi
662 2554 714 2584 24.
735 2543 777 2574 Ex
787 2553 850 2583 qua
869 2541 1001 2583 quidem
1018 2540 1198 2582 inquisitio-

205 2600 265 2627 ne,
284 2589 466 2630 &processu
477 2588 625 2620 resultare
634 2588 725 2618 debet
739 2585 885 2627 probatio
904 2584 1129 2623 irrationibilis
1149 2585 1197 2628 ju-

206 2634 284 2665 dicii
303 2642 463 2673 tamquam
482 2630 610 2663 effeetus
626 2640 662 2662 ex
683 2629 736 2661 sua
757 2629 864 2661 causa·
897 2629 980 2660 unde
1009 2626 1196 2668 impossibile

207 2676 267 2712 est,
287 2686 321 2707 ut
342 2676 403 2706 liaec
424 2674 569 2716 probatio
587 2683 718 2706 examen
735 2675 907 2713 praecedat,
927 2671 1003 2712 quia
1013 2670 1053 2702 sic
1068 2669 1195 2702 effestus

209 2717 422 2750 l‘uamcausarn
441 2721 647 2758 praecederet.
667 2715 807 2756 Superest
828 2725 904 2753 ergo
917 2736 927 2750 ,
949 2723 1067 2746 utante
1084 2713 1196 2745 omnia

210 2760 278 2792 fieri
299 2761 406 2792 debeat
426 2771 545 2792 novum
563 2769 714 2796 examen,
744 2760 777 2790 &
794 2757 961 2799 inquisitio
981 2759 1019 2788 de
1048 2756 1196 2788 omnibus

212 2803 437 2845 qualitatibus„
458 2813 492 2835 ut
512 2804 585 2835 inde
605 2802 745 2834 constare
765 2803 878 2842 ponit„
899 2804 1005 2832 utrum
1028 2799 1196 2841 Episcopus

212 2847 247 2878 in
267 2845 478 2886 prxeleftione
499 2847 603 2878 minus
624 2845 732 2877 idonei
765 2842 1029 2876 irrationabiliter
1051 2842 1198 2883 processe-

212 2889 274 2924 rit,
296 2888 416 2919 necne.
443 2888 540 2928 Qiod
564 2889 789 2930 aperteoliquer
810 2898 848 2919 ex
870 2887 934 2918 alio
953 2885 1088 2928 ejusdem
1109 2884 1198 2917 Con-

215 2930 284 2965 cilii
304 2928 450 2966 decreto,
472 2932 579 2972 nempe
601 2942 636 2963 ex
655 2929 726 2963 disi.
745 2941 809 2971 cap.
826 2941 850 2962 1.
866 2929 980 2971 scfflon.
1003 2940 1053 2969 24.
1076 2929 1142 2965 ibi,
1160 2930 1198 2960 Si

211 2975 379 3013 idoaeiehper
396 2983 541 3010 examen,
554 2974 607 3015 seu
625 2984 677 3015 per
695 2974 918 3017 inqmfitionem
933 2971 1053 3015 fastam
1083 2973 1197 3013 reperti

228 3025 324 3048 uermt
335 3039 343 3047 .

207 3016 234 3058 f
263 3056 388 3091 Deinde
414 3057 434 3089 si
447 3056 568 3098 liquido
583 3059 722 3091 constare
732 3061 859 3091 deberet
871 3060 908 3090 de
929 3049 1140 3090 irrationabili
1153 3059 1198 3100 ju-

217 3102 304 3134 dicio
315 3101 569 3142 Episcopiquoad
591 3102 667 3134 alias
686 3103 876 3143 qualitates,
898 3104 930 3134 ὅ(
952 3102 1067 3133 deinde
1080 3100 1198 3132 institui

219 3155 348 3176 examen
359 3146 462 3185 quoad
475 3144 636 3174 scientiam
649 3155 658 3179 ·‚
678 3146 708 3176 δι
719 3155 846 3177 examen
859 3145 931 3177 esset
941 3143 1126 3176 derisorium
1138 3165 1147 3180 ,
1165 3144 1198 3174 δι

216 3187 327 3220 servire
339 3210 348 3223 ,
367 3197 402 3219 ut
413 3187 577 3232 ajuntfflc
599 3196 696 3217 vento
708 3210 715 3217 .
737 3187 820 3219 Nam
830 3186 1198 3228 probatairrationabili-

219 3241 282 3262 tate
301 3230 504 3272 quoadalias
515 3228 702 3269 qualitates,
722 3230 913 3270 velutiqubd
935 3230 1066 3272 rejetfiltus
1087 3229 1123 3261 sit
1143 3230 1198 3260 bo-

219 3275 268 3304 nis
290 3273 429 3305 moribus
449 3272 607 3307 imbutus,
637 3272 811 3311 praeelcclus
827 3274 902 3304 vero
922 3272 1136 3308 scandalosus,
1166 3273 1198 3303 &

217 3316 303 3346 mala·
317 3316 405 3352 vitae·¹
427 3314 540 3347 inutile
561 3315 633 3346 esset
654 3314 724 3345 illos
744 3325 921 3346 exanimare
932 3316 1200 3354 quoadlittemtu-

218 3368 285 3389 ram
298 3381 305 3387 .
325 3357 490 3398 Quoniam
514 3357 569 3389 etsi
591 3357 624 3388 in
646 3357 788 3388 examine
809 3358 981 3397 pra-eletihis
1001 3360 1037 3389 ab
1049 3359 1200 3399 Episcopo

218 3399 344 3432 doctior
365 3411 544 3440 apparerem
567 3400 774 3431 nihilominus
795 3410 916 3440 propter
934 3401 1120 3439 qualitatem
1139 3409 1202 3432 me·

226 3443 314 3475 lioris
336 3443 426 3477 vitae,
453 3453 519 3482 quoe
538 3445 751 3483 praeponderat
773 3442 805 3473 in
827 3442 959 3486 rejcc'to,
988 3446 1202 3475 revocandum

215 3488 288 3518 el‘lcr
312 3485 467 3527 judicium
484 3485 647 3527 Episcopi3
667 3488 700 3517 δι
719 3484 911 3518 Parocliialis
921 3485 1024 3518 eidem
1042 3485 1202 3527 praeelecto

566 90 737 159 Prosp.
759 87 982 158 faguali·
991 89 1058 143 »in
1071 87 1297 150 Primam
1308 85 1526 150 Librum
1535 118 1537 123 ·
1546 83 1813 142 Decretai.

1220 173 1293 205 esset
1302 170 1519 206 conferenda,
1537 180 1572 201 ut
1579 178 1668 218 paret
1678 176 1716 202 ex
1726 168 1823 201 distis
1843 168 1949 215 supra,
1966 179 2046 205 num.
2058 173 2213 216 rso'Ergo

1221 227 1262 249 ne
1271 216 1414 247 dicamus
1434 213 1556 244 Bullam
1577 212 1742 245 instituisse
1761 222 1896 245 examen
1914 212 2148 256 (tartaronum,
2170 219 2214 252 sa*—

1224 260 1286 291 tcri
1296 266 1421 299 oportet
1434 265 1555 287 novum
1565 260 1696 288 examen
1715 254 1879 296 propterea
1888 256 2087 292 'fietidebete
2093 280 2107 297 ,
2128 271 2164 294 ut
2172 269 2212 294 ex

1223 303 1279 333 “110
1287 300 1428 332 conflare
1446 298 1589 340 poffirde
1606 299 1690 330 mala
1708 297 1942 340 praeelectione,
1961 300 2210 337 &irrationabi-

1222 346 1245 376 li
1256 343 1376 386 judicio
1386 341 1545 382 Episcopi·-
1568 339 1717 373 l'raeterea
1736 352 1810 374 cum
1822 342 1982 383 praeeledio
1991 343 2144 385 objicitur
2160 349 2214 379 de-

1222 387 1319 420 fectus
1328 385 1487 422 scientim,
1505 386 1542 416 ὃ(
1556 385 1690 417 aliarum
1707 384 1979 429 qualitatumfiura
1999 387 2184 429 praecipiunt
2200 408 2213 428 ,

1222 440 1257 463 ut
1273 436 1348 462 ante
1366 427 1478 460 omnia
1497 426 1679 460 instituatur
1707 437 1841 461 examen
1868 432 1973 470 quoad
2003 428 2187 464 doctrinm
2201 450 2213 470 5

1222 473 1299 506 ct'mi
1319 473 1382 504 liaec
1409 471 1556 513 probatio
1575 470 1753 502 evidentior
1763 493 1774 506 ‚
1803 471 1930 504 facilior
1939 495 1950 510 ,
1979 474 2012 505 δι
2038 475 2214 515 promptior

1229 517 1265 549 sit
1280 539 1289 552 ‚
1309 514 1397 547 utest
1415 523 1519 548 textus
1529 516 1563 546 in
1571 519 1637 555 cap.
1650 513 1792 555 Sifhrtii,
1802 512 1839 546 de
1847 515 1928 548 elesl-
1938 513 1991 548 lib.
2000 519 2032 549 6.
2055 516 2108 549 ubi
2120 517 2210 558 joan.

1223 558 1375 591 Monach.
1386 558 1432 599 Jo.
1445 557 1543 589 Andr.
1567 558 1600 589 δι
1609 557 1667 589 alii
1677 564 1792 589 notant
1801 578 1814 594 ‚
1831 555 1972 591 &latius
1980 558 2087 591 dicam
2107 559 2192 592 infra
2202 582 2215 597 ‚

1222 613 1276 635 nu.
1286 613 1337 643 49.
1357 601 1441 642 Ergo
1451 611 1517 632 non
1528 600 1569 633 est
1580 600 1797 649 conuenierp,
1810 607 1850 633 ut
1860 610 1898 634 ex
1909 601 1999 634 Bulla
2008 601 2090 634 S-Pii
2101 603 2140 634 V.
2151 603 2210 635 hu-

1223 644 1536 688 jusmodiqualitates
1545 643 1659 675 ordine
1677 636 1801 676 inverso
1819 644 1946 685 probati
1963 646 2118 683 debeant,
2151 646 2215 688 pri-

1226 689 1281 721 mo
1300 688 1422 721 scilicet
1443 689 1547 727 quoad
1565 685 1786 729 prudentiam,
1804 687 1838 719 &
1856 696 1980 724 mores,
1998 698 2087 730 quae,
2108 698 2142 721 ut
2168 689 2216 722 in-

1224 731 1296 772 quit
1317 731 1406 771 Joan.
1416 730 1613 762 Monaclm'n
1624 728 1697 761 dtel.
1707 728 1938 770 cap.'Siforte',
1958 733 1991 762 in
1999 732 2128 773 princip.
2149 740 2216 764 nori

1224 775 1270 806 ita
1278 776 1316 805 de
1325 773 1412 805 sacili
1421 773 1545 812 possunt
1555 773 1679 813 probati
1691 783 1702 808 ‚·
1713 774 1745 804 &
1755 772 1910 813 postremo
1921 774 1993 805 loeo
2001 776 2106 814 quoad
2117 775 2216 808 scien·-

1222 818 1321 854 tiam,
1339 826 1409 858 quat
1428 814 1582 856 illicb‘per
1591 825 1721 847 examen
1731 816 1856 855 probati
1866 815 1982 855 potest.
2002 816 2098 857 Qiin
2109 816 2216 858 potius

1223 862 1372 892 debemus
1384 859 1584 899 interpretari
1595 857 1869 890 constitutionem
1880 880 1890 894 ,
1909 868 1944 890 ιιι
1954 859 2012 891 hac
2025 860 2060 890 in
2074 869 2165 900 parte
2177 861 2214 894 fi!

1222 902 1399 936 conformis
1412 902 1472 945 juri
1484 902 1668 937 communi,
1688 902 1709 933 l.
1722 911 1750 933 ε.
1769 900 1854 933 &ibi
1868 901 1951 933 Bald.
1970 903 2008 934 C.
2019 904 2057 934 de
2074 903 2181 936 noxal.
2192 905 2214 937 l.

1227 957 1254 979 i.
1268 954 1294 984 ς.
1308 948 1376 979 Lex
1386 943 1532 978 Falcidia
1544 967 1554 982 ‚
1573 946 1606 977 δε
1616 945 1662 977 ibi
1672 944 1755 977 Bart.
1765 946 1798 977 δι
1807 943 1882 976 DD.
1889 941 1930 989 ff.
1944 943 2000 977 Ad
2009 945 2066 985 leg.
2087 946 2214 978 Falcid.

1223 1000 1289 1023 cum
1310 990 1392 1022 imis.

1267 990 1388 1065 Aghaec
1399 1054 1407 1068 ‚
1417 1031 1605 1064 constitutio
1616 1042 1682 1064 nori
1691 1031 1825 1073 requirit
1836 1053 1848 1069 ,
1857 1040 1893 1064 ut
1902 1030 2024 1064 constet
2035 1033 2074 1065 de
2086 1031 2219 1065 irratio-

1224 1076 1319 1108 nibili
1330 1076 1452 1119 judicio
1461 1098 1471 1111 ,
1492 1077 1529 1108 ad
1541 1075 1600 1107 hoc
1617 1098 1627 1111 ‚
1650 1085 1685 1107 ut
1696 1074 1829 1117 rejectus
1838 1074 1930 1116 poffit
1941 1075 2094 1116 appellare
2106 1097 2115 1112 ,
2133 1077 2167 1108 &
2179 1075 2218 1109 ad

1228 1130 1347 1151 novum
1360 1129 1490 1151 examen
1505 1128 1675 1160 provocare
1688 1129 1699 1154 ,-
1722 1120 1769 1150 sed
1781 1120 1817 1150 ad
1829 1118 1889 1150 hoc
1899 1139 1909 1153 ‚
1930 1128 1970 1151 ut
1981 1118 2135 1161 judicium
2146 1117 2220 1160 Epi-

1225 1161 1306 1203 scopi
1318 1172 1504 1199 revocetur,
1524 1163 1557 1194 δι
1568 1161 1760 1193 Parocliialis
1771 1161 1872 1202 magis
1883 1161 2001 1194 idoneo
2012 1161 2196 1194 conferatur
2206 1183 2217 1198 ,

1229 1215 1264 1237 ut
1277 1205 1362 1237 clare
1374 1206 1514 1237 innuunt
1528 1206 1621 1237 verba
1631 1205 1685 1237 illa
1696 1227 1705 1241 ,
1716 1205 1837 1236 Poffint
1850 1203 1894 1241 ii,
1903 1205 1959 1246 qui
1970 1203 2076 1248 rejecti
2088 1204 2220 1242 fuerint,

1224 1254 1241 1279 a
1252 1250 1336 1281 mala
1344 1248 1498 1281 electione
1509 1248 1686 1290 hujusmodi
1695 1250 1731 1280 ad
1744 1247 2035 1288 Metropolitanum
2046 1271 2056 1285 ,
2077 1249 2110 1281 &
2120 1258 2148 1280 c.
2169 1256 2220 1290 af»

2232 355 2270 389 33

2239 828 2279 861 34

1229 1293 1365 1332 pellam,
1386 1302 1422 1323 ac
1433 1292 1628 1332 preelectum
1647 1293 1684 1322 ad
1698 1301 1814 1323 novum
1826 1301 1958 1325 examen
1976 1300 2167 1332 provocare,
2183 1292 2222 1324 δε
2245 1303 2247 1305 ’

1225 1335 1363 1367 constito
1373 1337 1410 1367 de
1422 1334 1537 1375 prioris
1551 1334 1701 1375 eligentis
1722 1334 1940 1366 irrationabili
1956 1334 2096 1376 iudicio,
2117 1343 2219 1375 eoque

1224 1387 1376 1410 revocato
1390 1400 1400 1414 ,
1420 1376 1614 1409 parochialis
1633 1378 1735 1419 magis
1758 1378 1875 1410 idoneo
1894 1377 2096 1409 conseratur.
2121 1377 2157 1408 Et
2178 1376 2220 1409 fic

1223 1421 1372 1458 clausula,
1383 1418 1531 1462 Constitu,
1540 1421 1671 1462 ponitur
1681 1420 1745 1461 post
1756 1419 2012 1462 appellationem,
2020 1423 2052 1452 ὃ(
2063 1421 2218 1461 provoca-

1224 1464 1347 1496 tionem
1357 1486 1367 1501 ,
1385 1466 1418 1496 &
1433 1466 1469 1496 ad
1481 1464 1581 1496 alium
1591 1463 1736 1496 effeaum
1747 1486 1758 1501 ,
1776 1464 1926 1496 videlicet
1949 1463 2166 1496 revocationis
2179 1465 2222 1505 ju·

1222 1507 1290 1539 dici
1300 1529 1311 1543 ,
1321 1508 1355 1540 &
1364 1507 1549 1539 collationis
1561 1507 1707 1538 beneficii
1721 1518 1729 1543 ·‚
1741 1508 1773 1538 &
1783 1507 2013 1547 consequenter
2027 1506 2100 1539 satis
2111 1506 2153 1538 est
2163 1528 2173 1543 ‚
2184 1512 2220 1539 ut

1225 1549 1404 1592 hujusmodi
1423 1550 1570 1591 probatio
1589 1551 1644 1581 fiat
1664 1559 1737 1582 ante
1757 1550 1850 1590 ipsam
1873 1550 2099 1582 collationem.
2123 1549 2222 1582 Unde

1222 1594 1308 1634 quod
1321 1603 1394 1625 ante
1405 1593 1665 1634 appellationem,
1685 1595 1859 1626 &examen
1880 1593 2023 1625 constare
2045 1594 2158 1625 debeat
2179 1596 2218 1625 de

1223 1637 1549 1677 malapraeelefflone,
1568 1637 1735 1668 estcontra
1743 1635 1880 1677 expressa
1891 1636 2002 1673 verba,
2022 1636 2056 1668 &
2074 1645 2217 1668 mentem

1229 1677 1468 1712 constitutionis
1479 1705 1486 1711 .

1266 1723 1401 1755 Accedit
1421 1721 1507 1765 quod
1527 1733 1594 1756 non
1613 1723 1655 1754 est
1672 1722 1834 1764 possibile,
1865 1731 1901 1755 ut
1921 1723 2077 1764 appellans
2097 1726 2212 1754 docere

1222 1766 1313 1807 poffit
1323 1777 1376 1806 per
1387 1767 1449 1798 alia
1458 1768 1652 1799 documenta
1661 1769 1700 1798 de
1713 1765 1925 1799 irrationabili
1937 1766 2060 1809 judicio
2071 1765 2215 1807 Episcopi

1222 1820 1295 1841 ante
1306 1810 1549 1851 appellationem
1559 1832 1569 1847 ‚
1589 1820 1623 1841 ut
1633 1809 1734 1841 voluit
1747 1808 1834 1841 Rota
1849 1831 1859 1846 ,
1869 1819 1976 1850 qtiaero
1985 1810 2072 1841 enim
2086 1831 2096 1846 ,
2106 1815 2219 1840 corant
2257 1812 2263 1819 '

1221 1863 1287 1894 quo
1297 1853 1403 1895 judice
1413 1855 1527 1885 docere
1537 1854 1648 1885 debeat
1659 1855 1696 1884 de
1708 1853 1766 1884 hac
1778 1851 2063 1884 irrationabilitate
2073 1874 2081 1882 .
2097 1851 2137 1884 Et
2146 1851 2220 1892 qui-

1221 1899 1294 1928 dem
1305 1903 1370 1927 non
1382 1906 1491 1928 coram
1504 1896 1661 1936 Episcopo
1671 1917 1680 1932 =
1690 1895 1767 1936 quia
1778 1896 1812 1926 in
1822 1895 2039 1935 ptaeeleczlione
2049 1917 2059 1932 ‚
2078 1896 2110 1926 δε
2121 1895 2219 1926 colla-

1223 1940 1312 1970 tione
1324 1938 1517 1971 Parocliialis
1528 1939 1591 1981 jam
1604 1937 1715 1970 functo
1725 1938 1767 1969 est
1776 1937 1884 1969 officio
1895 1938 1911 1970 s
1909 1948 1950 1969 uo
1961 1961 1969 1974 ,
1978 1945 2037 1970 nec
2053 1937 2151 1978 potest
2160 1937 2221 1970 effe

1222 1983 1315 2023 judex
1325 1981 1517 2023 gravaminis
1528 1981 1545 2013 ὲ
1555 1982 1583 2013 se
1594 1981 1694 2017 illati,
1715 1983 1747 2013 &
1759 1981 1902 2022 alioquin
1919 1981 1992 2013 elset
2001 1982 2094 2025 judex
2105 1981 2122 2012 a
2132 1990 2198 2022 quo
2207 2001 2218 2017 ,

1225 2027 1257 2056 &
1276 2025 1367 2067 judex
1380 2027 1416 2057 ad
1427 2035 1542 2066 quem,
1562 2027 1646 2066 quod
1658 2032 1831 2065 repugnat,-
1847 2033 1881 2056 ut
1893 2024 1999 2066 inquit
2009 2025 2058 2066 Jo.
2077 2025 2176 2056 Andr.
2187 2026 2223 2056 in

1223 2079 1247 2100 c.
1261 2070 1297 2099 A
1306 2070 1466 2100 collatione
1477 2090 1486 2105 ‚
1505 2068 1542 2100 de
1551 2068 1663 2109 appell.
1671 2066 1724 2099 lib.
1736 2071 1764 2098 6.
1786 2066 1907 2100 Coram
1927 2068 2035 2110 judice
2046 2077 2152 2100 autem
2171 2073 2223 2109 ap·

1227 2112 1409 2152 pellationis
1420 2120 1544 2143 certum
1556 2112 1597 2143 est
1608 2111 1727 2143 nullam
1739 2110 1820 2151 posse
1832 2111 1900 2142 sieri
1920 2112 2142 2152 probationem
2163 2119 2221 2143 an*

1225 2165 1255 2186 te
1277 2155 1520 2196 appellationem
1541 2153 1685 2195 legitime
1707 2154 1923 2194 interpositam
1933 2176 1944 2191 ‚
1969 2154 2050 2195 quia
2068 2164 2163 2194 antea
2181 2154 2222 2186 ad

1225 2201 1369 2230 eumdem
1381 2198 1521 2240 judicem
1535 2197 1703 2238 negotium
1718 2207 1784 2228 non
1796 2196 1837 2228 est
1847 2198 2033 2229 devolutum
2045 2219 2055 2234 ,
2072 2199 2220 2230 c.-Romas

1225 2252 1264 2271 na
1276 2263 1286 2277 ,
1311 2252 1336 2273 c.
1353 2244 1390 2273 Si
1402 2251 1473 2272 vero
1484 2237 1701 2281 deappelldib.
1712 2243 1742 2271 6.
1763 2239 1870 2280 Atque
1881 2239 1926 2272 ita
1935 2239 2157 2279 probatioliaec
2167 2261 2178 2276 ‚
2198 2238 2222 2271 fi

1226 2284 1297 2315 fieri
1311 2286 1438 2316 deberet
1449 2293 1523 2315 ante
1534 2283 1777 2323 appellationem
1794 2288 1904 2313 coram
1922 2282 2029 2326 judice
2040 2282 2224 2323 appellatio·

1227 2327 1275 2359 nis
1288 2350 1297 2363 ,
1308 2327 1387 2358 esset
1396 2325 1562 2365 imposs‘ibil
1568 2326 1593 2356 is
1600 2327 1641 2356 de
1649 2327 1730 2367 jure.
1741 2325 1787 2357 Ac
1799 2325 1944 2366 praeterea
1955 2325 2034 2358 esset
2043 2333 2159 2358 contra
2167 2335 2221 2358 ca·

1227 2371 1322 2401 nonic
1329 2380 1359 2400 as
1371 2369 1564 2404 sanctiones,
1587 2378 1656 2408 quae
1667 2378 1731 2399 non
1742 2367 1875 2409 exigunt
1886 2391 1897 2405 ‚
1917 2378 1952 2400 ut
1972 2368 2006 2400 in
2017 2369 2226 2409 appellatione

1227 2413 1320 2444 causa
1334 2413 1498 2454 probetut,·
1510 2411 1557 2442 sed
1571 2411 1808 2448 tantummode,
1818 2420 1854 2443 ut
1864 2411 1939 2443 talis
1946 2421 2143 2453 exponatur,
2153 2421 2223 2453 quae

1227 2456 1248 2487 fi
1263 2455 1343 2486 foret
1356 2455 1486 2495 probata
1496 2475 1506 2491 ‚
1524 2454 1652 2485 deberet
1663 2454 1808 2494 legitima
1818 2454 1976 2497 judicari,
1987 2464 2023 2487 ut
2034 2454 2180 2489 statuitur
2189 2456 2224 2487 in

1226 2511 1250 2531 c.
1262 2498 1305 2531 Ut
1317 2497 1434 2529 debitus
1443 2519 1452 2534 ,
1463 2497 1500 2528 de
1509 2498 1622 2538 appell.
1631 2495 1668 2529 (ᾗ
1677 2498 1709 2528 in
1718 2496 1749 2528 d.
1760 2508 1785 2529 c.
1799 2499 1936 2530 Romana
1945 2519 1956 2534 ,
1968 2499 1996 2535 §-
2007 2496 2091 2532 cim
2099 2503 2201 2530 autem
2213 2515 2223 2529 ι

1227 2541 1327 2572 Unde
1340 2551 1405 2572 non
1418 2540 1535 2572 mirum
1546 2562 1555 2576 ‚
1577 2537 1597 2571 si
1607 2539 1790 2572 Cardinalis
1803 2540 1987 2584 Matthaejus
1996 2540 2031 2573 in
2040 2549 2119 2574 voto
2137 2540 2224 2582 supe-

1228 2584 1293 2616 rius
1305 2585 1405 2616 relato
1413 2595 1442 2615 n.
1455 2593 1505 2624 31.
1515 2583 1631 2614 dixerit
1643 2583 1891 2615 absurdissimum
1898 2583 1983 2623 esse,
1999 2593 2034 2617 ut
2043 2586 2082 2616 de
2093 2584 2220 2617 irratio*

1228 2627 1328 2659 nabili
1358 2626 1476 2667 iudicio
1504 2626 1645 2658 constare
1673 2627 1784 2658 debeat
1804 2636 1878 2659 ante
1898 2627 2162 2668 appellationem.
2188 2626 2220 2658 1-

1230 2681 1323 2711 mque
1334 2679 1406 2702 cum
1418 2669 1566 2701 conditio
1576 2669 1630 2701 illa
1639 2669 1882 2710 constitutionis
1892 2691 1903 2707 ,
1920 2670 2070 2703 videlicet
2084 2692 2094 2707 ‚
2115 2669 2137 2708 fi
2147 2669 2222 2711 Epi-

1230 2713 1338 2754 scopus
1350 2712 1456 2745 minus
1466 2713 1603 2745 habilem
1613 2711 1796 2754 posthabitis
1806 2712 1908 2753 magis
1928 2712 2053 2746 idoneis
2068 2713 2200 2754 elegerit
2209 2734 2220 2750 ‚

1230 2767 1287 2788 nec
1300 2757 1414 2788 debeat
1424 2778 1434 2793 ‚
1444 2766 1502 2787 nec
1512 2756 1603 2797 possit
1615 2756 1771 2788 verificari
1781 2764 1855 2787 ante
1866 2756 2108 2797 appellationem
2120 2777 2130 2792 ‚
2141 2765 2221 2788 con-

1229 2800 1357 2840 sequens
1367 2799 1408 2831 est
1419 2821 1428 2835 ‚
1450 2808 1484 2830 ιιι
1495 2809 1553 2830 nec
1572 2799 1764 2837 verificanda
1783 2798 1818 2831 fit
1839 2806 1913 2830 ante
1929 2805 2048 2831 novum
2064 2806 2196 2831 examen
2209 2809 2221 2835 ‚-

1229 2853 1301 2874 cum
1323 2842 1514 2874 constitutio
1535 2842 1622 2874 illam
1643 2842 1868 2874 conditionem
1885 2848 1982 2882 ponat
2010 2840 2223 2882 pariformiter

1229 2885 1294 2917 tarn
1305 2896 1377 2918 ante
1387 2894 1519 2918 examen
1531 2908 1540 2922 ‚
1551 2888 1644 2926 quam
1657 2894 1729 2917 ante
1739 2883 1983 2926 appellationem
1991 2904 2002 2921 ,
2013 2884 2090 2916 sicut
2101 2884 2222 2917 S.Con-

1229 2938 1314 2969 greg.
1327 2928 1538 2966 consideravit
1547 2952 1555 2959 .
1568 2929 1616 2960 Ad
1629 2929 1687 2960 hoc
1699 2925 1953 2970 [fin.C.Desent.
1964 2927 1984 2958 l.
1997 2928 2155 2974 Quamvis
2164 2946 2174 2964 3
2184 2925 2223 2961 C.

1233 2974 1281 3004 De
1291 2972 1401 3013 impub.
1422 2970 1460 3004 (θ’
1467 2972 1545 3004 aliis
1548 2969 1703 3013 substitut-
1712 2970 1822 3014 l.Jam
1835 2969 1888 3002 hoc
1902 2970 1966 3009 jure
1977 2992 1987 3007 ,
2009 2979 2035 3008 ς.
2051 2969 2108 3013 fin.
2112 2969 2153 3014 ff
2171 2972 2224 3003 De

1228 3017 1311 3054 vulg.
1334 3016 1371 3048 (θ’
1388 3014 1494 3056 pupill.
1505 3013 1543 3048 (ῥ’
1553 3024 1578 3047 c.
1588 3014 1732 3053 juniores
1740 3035 1751 3051 ‚
1781 3012 1861 3054 vers.
1890 3014 1937 3045 Et
1945 3013 1979 3045 ob
1990 3012 2041 3046 hoc
2049 3022 2114 3047 tota
2124 3014 2222 3046 aufto-

1228 3062 1309 3089 ritas
1319 3079 1329 3094 ,
1341 3057 1378 3091 Φ·
1387 3057 1444 3100 insi
1453 3056 1492 3089 de
1500 3056 1615 3099 &limis-

1270 3099 1429 3133 Postremi>
1441 3100 1460 3133 si
1471 3103 1581 3133 eadem
1590 3100 1738 3132 conditio
1747 3100 1930 3141 importaret
1942 3122 1951 3136 ‚
1962 3109 1998 3133 ut
2006 3100 2133 3133 deberet
2144 3107 2222 3132 eon·

1231 3143 1305 3175 stare
1315 3147 1352 3176 de
1362 3143 1486 3188 judicio
1497 3143 1711 3176 irrationabili
1732 3151 1804 3175 ante
1825 3142 2089 3184 appellationem,
2109 3143 2144 3177 δε
2161 3150 2220 3175 no-

1229 3197 1303 3218 vum
1323 3196 1454 3219 examen
1465 3207 1476 3223 ‚
1505 3185 1611 3218 sensus
1634 3185 1875 3218 constitutionis
1902 3187 1975 3220 talis
1995 3187 2091 3225 esset,
2111 3186 2221 3220 videli-

1230 3239 1281 3261 cet
1294 3241 1304 3258 .·
1314 3229 1466 3262 (ἶοηίὶίιο
1475 3230 1514 3261 de
1525 3228 1741 3261 irrationabili
1765 3229 1889 3270 judicio
1908 3229 2070 3272 Episcopi,
2092 3229 2218 3271 possunt

1229 3273 1284 3313 qui
1305 3272 1412 3314 rejecti
1431 3272 1569 3309 suerint,
1590 3273 1763 3312 appellare,
1783 3274 1815 3303 ἃς
1832 3272 2027 3314 praecleolzum
2045 3275 2082 3305 ad
2099 3281 2218 3305 novum

1230 3326 1360 3348 examen
1373 3324 1543 3357 provocare
1555 3335 1565 3351 ,
1584 3316 1618 3346 &
1629 3314 1767 3346 constito
1777 3316 1815 3346 de
1827 3315 2039 3349 irrationabili
2048 3315 2169 3358 iudicio
2180 3314 2218 3346 E-

1231 3359 1346 3399 piscopi
1357 3381 1367 3395 ‚
1380 3357 1571 3391 Parocliialis
1581 3358 1682 3398 magis
1694 3358 1812 3390 idoneo
1827 3358 2028 3392 conferatur.
2048 3359 2151 3399 Atque
2172 3357 2218 3389 ita

1231 3400 1532 3442 clauiula,constico‚
1544 3400 1620 3432 esset
1632 3401 1678 3433 bis
1689 3411 1720 3432 re
1741 3410 1818 3432 crta.
1829 3400 1929 3444 Qiod
1942 3402 2019 3435 esset
2028 3402 2060 3434 su
2081 3401 2214 3432 erfluum

1230 3446 1265 3477 &
1281 3445 1486 3485 nugatorium
1496 3465 1506 3479 ‚
1526 3452 1591 3485 arg.
1603 3445 1636 3475 in
1645 3455 1670 3476 c.
1682 3410 1808 3476 Alban
1817 3466 1827 3481 ,
1837 3444 1874 3476 de
1882 3444 1966 3478 verb.
1970 3445 2052 3490 signi
2049 3412 2079 3486 sy

1275 3486 1428 3520 Dicamus
1448 3487 1548 3528 igitur
1567 3488 1605 3519 dc
1614 3487 1826 3521 irrationabili
1845 3487 2068 3531 judiciosemel
2088 3481 2214 3519 tantum

2097 3539 2172 3562 con-

2244 2331 2285 2367 35
