2397 3664
7 3069 8 3076 1

7 3079 8 3086 1

7 3087 8 3096 η

0 3131 2 3139 l

0 3159 11 3197 l.

0 3202 5 3214 ll

59 608 97 637 30

70 1646 109 1680 31

677 37 763 94 De
777 35 1025 95 Arbitris‚
1051 49 1094 86 e·
1111 29 1249 88 Ciim
1276 42 1507 104 tempore
1529 72 1541 85 .

130 126 304 166 libertatis,
333 129 386 162 eui
405 131 503 164 etiam
522 130 658 172 expresse
677 131 815 165 Ecclesia
831 141 974 170 exempta
992 138 1105 159 renuti-

130 170 216 202 ciare
227 183 289 204 non
300 173 423 213 pontit,
443 178 475 207 δε
496 174 536 206 sic
556 177 593 206 de
613 174 713 206 tacto.
735 175 888 206 Similiter
906 172 1061 205 Holl'iens.
1082 173 1114 203 &

131 224 240 246 omnes
251 219 326 248 duni
339 216 497 249 affirmant
518 228 583 250 non
604 228 710 252 tenere
721 217 980 258 compromissum
1000 217 1037 246 dc
1048 214 1094 245 ¹¹15
1105 236 1114 250 2

128 266 197 296 quae
207 259 335 291 alienari
348 261 572 299 prohibentur,
593 264 725 293 reddunt
738 261 893 292 rationem
915 259 999 290 illam
1012 281 1020 294 .
1040 258 1116 297 quia

125 311 162 332 ex
176 302 268 334 laudo
277 303 372 342 poll'et
388 305 575 344 contingere
594 305 820 336 alienationem
841 303 928 337 fieri3
958 311 1026 342 <iu—“C
1044 300 1115 341 qui·

128 345 200 375 dem
214 345 372 378 rationon
386 347 576 386 explicatur,
597 347 654 378 nili
676 348 791 378 arbiter
809 348 893 388 juxta
914 345 1114 376 latitudinem

125 385 286 418 facultatis
298 387 351 419 libi
363 389 519 421 attributa·
529 393 567 421 de
578 390 660 421 sacto
679 389 1002 430 poffirptonuntiare.
1027 387 1064 418 Et
1083 387 1115 417 in

132 431 358 469 compi-omilin
371 432 454 464 inito
474 434 511 464 de
523 432 623 464 facto:
643 433 714 464 satis
724 431 828 472 aperte
849 432 990 472 loquitur
1002 429 1115 471 Lap.in

127 473 268 510 pineda-la
279 475 403 512 allegat.
420 485 487 508 τοι.
509 474 685 516 &apertius
707 475 886 509 Geiiiin.3i71
907 473 1062 514 cons.109-
1083 475 1115 503 in

127 518 254 561 princip.
267 519 299 547 ἃ·
313 517 413 548 inlioc
437 519 506 550 casti
527 529 602 558 puto
622 518 878 559 cmuproiiiiffiuii
898 527 963 548 non
992 517 1093 547 valere
1106 539 1114 552 ,

127 558 253 597 quiaest
271 560 385 600 species
406 562 642 598 transactionis,
661 563 693 593 &
705 560 929 593 alienationem
948 560 1083 592 includit
1106 582 1115 594 ,

118 610 150 631 iit
172 600 273 641 scripli
293 602 413 643 plenius
434 607 466 636 in
484 615 547 649 cap.
562 616 589 636 z.
611 616 629 635 a
650 615 729 635 ruam.
757 614 802 635 10.
818 602 910 644 supra'
933 601 1049 634 eodem.
1074 603 1114 633 Ar

126 643 200 691 vero
211 647 410 681 contrarium
431 657 506 688 puto
526 647 546 678 fi
567 647 821 687 compromilsum
836 648 889 677 fiat
900 649 938 678 de
958 647 1025 689 jure
1040 656 1115 676 *tau-

127 695 215 718 tuiu:
236 688 320 728 quod
340 692 438 730 probo
448 689 548 730 primo
559 701 610 731 per
620 690 740 721 textum
759 692 867 730 int-ap.
887 690 965 721 Ciam
989 691 1060 720 olim
1080 688 1116 719 de

124 729 282 771 praescripr.
315 733 365 763 iibi
387 744 469 772 patet
490 733 575 774 super
595 733 714 773 juribus
735 732 876 764 Ecclesia:
896 731 1115 773 compromitti

126 773 207 812 polse
219 775 314 806 etiam
327 776 358 807 in
378 775 524 808 Clericos
534 777 671 819 ejusdem
691 776 852 811 Ecclesice:
878 787 949 808 nam
969 774 1114 808 Pontifex

124 816 167 847 ibi
182 820 327 857 approbat
347 820 530 856 arbitrium,
552 829 681 860 utpatet
700 819 734 851 in
746 820 807 851 fine
824 818 985 860 Capituli:
1004 818 1114 852 &illic

126 869 241 892 notant
254 861 368 901 Joann.
381 865 478 894 Andr.
496 874 574 894 mim.
597 875 626 903 4.
647 861 772 895 invcrb.
793 864 942 898 Lucanis,
965 863 1048 893 Butr.
1067 873 1117 892 nu-

126 913 198 934 mer.
211 908 240 935 6.
251 907 284 935 in
295 916 323 940 9.
341 906 440 939 notab.
458 905 590 939 Cardin.
602 917 678 937 mom.
695 915 719 937 1.
743 907 878 941 Ancliar.
890 908 921 937 &
932 906 1010 936 Abb.
1025 906 1117 944 ambo

126 948 159 976 in
173 957 197 984 ς.
209 947 308 979 notab.
331 950 480 982 &tamen
491 960 612 981 certam
623 950 663 981 est
676 950 742 991 jura
754 948 896 982 Ecclesia:
909 949 1039 980 alienari
1051 958 1117 980 nou

122 990 208 1029 posse
220 991 281 1022 sine
294 992 427 1025 licentia
440 993 579 1027 Romani
591 991 753 1025 Pontificis
764 1015 773 1028 ,
793 991 873 1024 Cari.
889 994 936 1024 Ea
949 994 1027 1022 enim
1038 1014 1046 1027 ,
1072 1002 1116 1022 ιο.

121 1031 217 1072 ⁴1¹¹·fst-
230 1045 257 1066 ἓ.
278 1036 334 1076 qui
344 1036 385 1067 est
398 1036 574 1076 desumptus
583 1047 619 1068 ex
630 1036 834 1077 lcgJubi‘mm
845 1058 854 1072 ,
876 1037 908 1066 la
916 1033 1041 1072 soconda
1052 1057 1061 1071 ,
1086 1037 1114 1066 §-

122 1077 259 1107 Scientcs
270 1100 279 1114 ,
303 1077 377 1119 verfi
390 1081 439 1112 Ea
452 1080 530 1110 enim
541 1102 550 1115 ,
571 1079 643 1111 cod.
658 1078 891 1119 Desaerofimfl‘.
907 1076 1022 1117 Eccleſs
1035 1077 1119 1117 Ergo

124 1121 162 1150 de
180 1121 346 1159 prohibitis
368 1122 497 1154 alienari
518 1133 583 1154 non
602 1122 642 1154 est
664 1123 860 1163 prohibitum
879 1121 1119 1161 compromitti.

123 1162 249 1194 Deinde⁸
260 1166 315 1194 hoc
330 1167 427 1204 probo
438 1176 490 1206 per
502 1177 624 1197 texrum
634 1175 775 1205 apertum
786 1168 818 1196 itt
829 1173 892 1204 cap.
908 1165 1023 1196 Dileffl
1034 1164 1115 1204 supr.

125 1205 225 1236 eodem
245 1229 253 1242 2
285 1209 337 1239 ubi
365 1209 525 1241 deciditur
544 1212 582 1240 de
604 1214 692 1241 rebus
724 1208 947 1248 temporalibus
979 1207 1122 1239 Ecclesia:

124 1249 442 1284 etiaminmulierem
464 1253 631 1284 habentem
653 1250 901 1294 jurisdictionem
911 1251 1026 1292 dejure
1043 1274 1052 1288 ,
1073 1252 1120 1282 vel

129 1292 382 1338 consuetudine,
411 1295 490 1336 posse
513 1295 732 1335 compromitti
751 1304 913 1334 tamquam
934 1295 966 1325 in
990 1295 1123 1326 arbitra-

129 1343 261 1367 tricem.
283 1336 392 1377 Qiem
412 1348 533 1370 textum
559 1338 745 1378 intelligunt
758 1336 912 1369 Doctores
934 1337 1053 1369 etiamsi
1065 1338 1123 1369 Su-

128 1378 259 1417 perioris
282 1381 454 1413 authoritas
475 1393 539 1412 non
562 1381 773 1416 interveniat,
803 1391 837 1412 ur
854 1382 964 1421 probat
985 1381 1093 1413 littera
1113 1404 1123 1418 ,

128 1421 195 1457 ibi,
217 1423 387 1461 Praesbrtim
405 1448 413 1461 ,
436 1428 467 1456 δε
499 1435 588 1456 notat
608 1424 765 1456 Tancred.
787 1424 1061 1456 Vincent.1nnoc.
1091 1426 1123 1456 &

127 1464 285 1498 Hostieni‘.
304 1477 337 1498 ut
347 1469 415 1500 dixi
431 1472 462 1499 in
473 1477 539 1508 cap.
550 1470 707 1506 Contingit
718 1478 797 1499 teum.
810 1479 836 1498 2.
851 1468 945 1508 supra'
953 1465 1051 1498 eodem
1063 1491 1070 1498 .
1084 1467 1123 1499 Et

129 1516 238 1542 tamen
259 1510 402 1543 similiter
420 1512 541 1543 constat
563 1521 610 1542 res
630 1512 816 1552 temporales
837 1511 979 1543 Eceleliae
1001 1511 1064 1543 sine
1075 1512 1125 1542 be-

131 1552 295 1592 neplacito
314 1554 498 1593 Apollolico
520 1554 651 1585 alienari
671 1565 736 1585 non
755 1556 856 1594 polse,
880 1563 944 1594 cap.
958 1555 1056 1586 Nulli
1078 1556 1125 1586 in—

127 1594 227 1635 fra'de
237 1597 322 1628 rebus
333 1597 447 1638 Ecclefi
459 1609 514 1629 non
524 1598 659 1629 alienan-
684 1600 715 1629 ὃς
736 1597 902 1637 Extravag.
927 1596 1124 1637 Ambitiosae,

130 1638 231 1670 eodem
244 1643 294 1672 tit.
316 1640 431 1673 Tertio
449 1641 508 1672 lioc
529 1642 627 1682 probo
647 1651 698 1681 pei·
716 1651 780 1681 cap.
800 1640 986 1681 Praefhntara
996 1638 1080 1680 infra=
1089 1640 1125 1671 de

130 1681 247 1722 testam.
270 1683 325 1715 ubi
335 1694 420 1726 patet
431 1686 532 1716 valere
541 1683 801 1725 compromissum
811 1684 935 1715 faetum*
949 1685 986 1716 ab
996 1684 1124 1715 Archid-

132 1725 326 1758 Suessionefi.
351 1728 437 1768 super
454 1727 682 1769 jurisdictione,
713 1738 808 1768 quam
835 1727 868 1758 in
885 1727 969 1759 dicta
989 1727 1126 1760 Ecclesia

134 1769 262 1802 ratione
282 1770 610 1805 Arcliidiaconatusse
622 1772 734 1803 habere
753 1772 967 1812 proponebat,
988 1773 1024 1802 ad
1043 1771 1126 1803 idem

132 1821 236 1844 textus
245 1816 277 1845 in
286 1824 350 1854 cap.
364 1816 423 1845 Per
433 1824 502 1844 tuas
516 1813 610 1855 firprci
627 1813 725 1845 eodem
735 1837 746 1849 ,
766 1815 818 1845 ubi
832 1823 916 1854 pater
928 1814 1030 1846 valere
1042 1825 1126 1845 com-

129 1856 315 1895 promissum
325 1857 589 1898 stipesquaestione
610 1857 764 1898 spirituali
782 1857 973 1899 Hospitalis,
997 1858 1072 1888 licet
1085 1857 1126 1888 fa-

96 1916 101 1919 ·
133 1897 219 1930 &um
231 1899 328 1932 fuer-it
340 1899 546 1932 inClericum
557 1923 567 1937 ,
588 1902 621 1932 &
632 1903 710 1932 duos
723 1900 840 1932 laicos:
863 1902 979 1932 nam&
991 1900 1034 1931 ibi
1047 1900 1127 1931 Pon-

75 2081 92 2112 υ.)

98 2082 113 2102 Ν

76 2601 113 2632 33

77 3374 117 3405 34

122 1941 209 1973 --tifex
220 1942 307 1984 jubet
318 1943 485 1975 arbitrium
501 1944 686 1976 executioni
703 1943 888 1975 demandari
899 1966 908 1979 ,
930 1944 949 1974 fi
961 1943 976 1974 a
988 1944 1126 1984 partibus

133 1995 294 2026 receptum
316 1986 430 2024 fuerit,
452 1989 602 2019 &tamen
621 1989 732 2019 eodem
751 1989 850 2018 niodo
867 1986 1067 2018 manifestum
1085 1987 1127 2018 est

131 2037 197 2060 tam
209 2029 455 2069 jurisdictionem
466 2030 658 2071 spiritualem
668 2053 677 2066 ‚
696 2032 790 2071 quam
801 2031 871 2074 jura
882 2052 891 2066 ,
913 2031 1037 2062 &bona
1048 2030 1128 2061 Hos.

138 2071 244 2112 pitalis
264 2072 472 2105 Ecciefiastici
483 2074 595 2114 absque
607 2073 738 2105 licentia
753 2074 841 2105 Sedis
860 2073 1044 2113 Apostolicae
1055 2074 1127 2104 alie-

133 2115 205 2147 nari
218 2126 284 2147 non
294 2117 378 2157 posse
390 2139 400 2152 ‚
420 2116 493 2148 dm.
504 2125 571 2157 cap.
584 2119 635 2148 Ea
644 2119 724 2147 enim
737 2127 783 2148 10.
795 2115 888 2157 quaest.
902 2128 930 2147 ι.
951 2119 984 2149 &
996 2127 1126 2148 notatur

137 2169 192 2199 per
203 2158 277 2190 DD.
289 2163 322 2191 in
332 2172 356 2191 c.
378 2162 428 2192 De
437 2160 633 2192 xenodochiis
644 2158 680 2191 de
689 2158 775 2198 relig.
788 2158 896 2191 domib.
908 2158 946 2191 (ᾗ
955 2163 986 2191 iri
996 2172 1021 2192 c.
1044 2161 1127 2191 Nul-

137 2202 163 2235 li
175 2200 212 2234 de
221 2202 306 2234 rebus
316 2202 433 2245 Eccleſs
443 2215 499 2235 non
510 2204 646 2236 alienas).
657 2205 689 2235 ὃ(
700 2213 785 2244 patet
796 2203 829 2234 in
848 2203 984 2235 Autlien.
998 2206 1064 2235 Hoc
1083 2203 1128 2237 ‘ius

133 2247 316 2285 ροννεὲἲκνη,
334 2250 372 2278 C.
385 2247 595 2287 deSacroJan.
617 2245 733 2286 Eccleſs
763 2246 801 2278 Et
810 2247 955 2287 quamvis
974 2246 1128 2278 Dostore5

126 2289 320 2330 vintelligant
330 2299 435 2323 textus
444 2293 477 2321 in
488 2289 592 2330 amp.
614 2292 673 2322 Per
682 2299 771 2326 tuas,
790 2289 966 2321 dummodo
983 2300 1130 2330 compro-

133 2331 284 2363 mittatur
293 2334 485 2365 authoritate
496 2333 691 2374 Superioris,
715 2343 750 2364 tit
760 2331 1019 2374 tenetibigl.fin.
1040 2343 1128 2364 coin-

135 2375 276 2408 munitet
295 2378 464 2417 approbata
481 2400 488 2408 .
501 2377 581 2408 Item
592 2377 633 2417 gl.
645 2375 878 2409 Host.Henric.
898 2378 1024 2407 bellam.
1044 2376 1128 2408 Burr.

133 2420 166 2449 δε
179 2419 258 2449 Abb.
267 2420 372 2459 in-cap.
384 2422 541 2458 Contingit
551 2441 561 2454 ‚
582 2421 615 2451 ὅ(
627 2419 671 2450 ibi
682 2419 746 2450 dixi
757 2429 837 2450 num.
849 2418 1053 2459 8.&9.st0pr.
1066 2418 1127 2450 eod.

128 2471 246 2492 ‘tamen
257 2461 317 2493 hoc
326 2462 441 2493 dicunt
452 2472 575 2502 propter
585 2463 756 2494 mixturam
768 2462 842 2493 laici
854 2485 862 2493 .
881 2462 939 2493 Sed
952 2462 971 2492 si
983 2473 1129 2503 compro-

135 2504 264 2537 missum
275 2504 329 2536 fiat
339 2504 522 2546 simpliciter
539 2505 580 2537 in.
592 2506 777 2542 Clericum,
796 2506 876 2537 lianc
896 2505 1130 2539 solemnitatem

135 2557 204 2580 non
213 2558 345 2589 exigunt
356 2571 364 2579 .

179 2591 335 2622 Similiter
354 2591 441 2632 super
463 2591 622 2622 beneficio
638 2589 735 2631 potest
755 2590 822 2622 fieri
841 2592 1101 2632 compromissum
1119 2614 1129 2628 ‚

138 2634 312 2667 dummodo
323 2635 377 2666 fiat
398 2636 436 2665 de
459 2633 681 2675 jureranti‘im,
701 2643 766 2665 non
787 2644 892 2665 autem
912 2637 949 2665 de
971 2633 1074 2671 facto,
1095 2644 1130 2665 ut

136 2676 434 2709 consuluitGemin.
452 2680 485 2708 in
504 2678 690 2717 praallizgat.
710 2677 811 2718 confil.
834 2687 901 2713 109.
923 2677 960 2708 Et
971 2678 1130 2710 consentit

135 2719 311 2754 Cardiam
329 2730 395 2760 cap.
414 2721 568 2760 penultim.
590 2723 615 2751 Q.
628 2721 897 2750 [amarmomini
915 2723 948 2752 ire
964 2730 988 2751 1.
1008 2722 1129 2762 oppofit.

129 2762 225 2803 stapra'
234 2763 270 2794 de
278 2765 312 2794 in
321 2765 430 2803 integr.
441 2762 568 2803 restitut.
578 2763 614 2795 (ῥ’
624 2765 656 2794 in
666 2771 732 2803 cap.
746 2765 799 2794 Ex
807 2771 895 2803 plzrte
903 2766 937 2794 in
959 2774 985 2804 3.
1007 2775 1022 2793 o
1024 2773 1043 2804 p
1045 2761 1129 2807 posit».

136 2807 220 2848 infra*
239 2806 358 2843 eodem,
386 2807 440 2838 ubi
460 2817 546 2838 tenet
568 2807 653 2846 super
675 2806 835 2838 beneficio
850 2806 934 2846 posse
953 2807 1020 2838 fieri
1045 2817 1131 2838 com-

136 2849 341 2890 promissum,
361 2849 535 2881 dummodo
547 2860 613 2880 non
626 2850 668 2880 ita
677 2850 751 2885 fiat,
774 2858 808 2881 ut
828 2859 865 2881 ex
885 2850 1132 2890 vicompromis-

136 2892 159 2923 si
169 2892 285 2925 arbiter
296 2893 474 2934 adjudicare
485 2892 575 2933 possit
588 2892 777 2923 beneficium
787 2892 817 2923 ei
827 2914 838 2927 ,
857 2893 912 2933 qui
924 2893 1054 2924 titulum
1066 2903 1131 2924 non

137 2935 252 2970 haben
284 2937 316 2967 &
344 2946 450 2967 tamen
472 2935 626 2967 beneficio
656 2935 836 2966 renuntiari
864 2945 928 2966 non
950 2935 1046 2976 potest
1069 2935 1130 2967 sine

142 2978 274 3010 licentia
294 2979 493 3020 Superioris,
521 2989 556 3010 ut
576 2981 609 3010 in
636 2987 700 3019 cap.
723 2977 877 3009 Admonet
907 2977 943 3009 de
963 2981 1130 3010 renuntiat.

140 3020 220 3052 Non
230 3021 271 3054 est
290 3021 388 3063 igitur
406 3022 488 3053 bona
498 3021 744 3062 consequentia;
766 3022 955 3061 prohibetur
967 3022 1037 3062 quis
1056 3022 1131 3053 alie-

139 3074 215 3098 nare
233 3065 321 3106 jura,
343 3067 375 3097 &
395 3066 478 3096 bona
498 3064 659 3096 Ecclesiae:
680 3074 755 3104 ergo
775 3064 873 3096 etiam
895 3063 1076 3102 probitetur
1093 3067 1131 3095 de

139 3106 188 3138 his
197 3108 473 3147 compromittere,
495 3118 552 3139 nec
565 3118 600 3138 ex
613 3109 706 3146 laudo
716 3107 885 3147 contingat
906 3108 1132 3139 alienationem

141 3149 232 3181 fieri.
254 3149 355 3181 Ratio
365 3151 424 3188 est,
448 3150 523 3192 quia
534 3151 608 3182 cum
619 3151 735 3182 arbiter
753 3160 900 3182 teneatur
919 3151 957 3181 de
978 3150 1044 3190 jure
1064 3161 1132 3190 pro-

142 3192 314 3228 nuntiare,
336 3193 448 3225 simale
461 3193 732 3235 pronuntiaverit,
753 3195 785 3225 <Sc
805 3203 918 3224 contra
937 3194 1007 3234 jura
1025 3193 1133 3224 Eccle-

141 3235 188 3267 ssae
199 3258 208 3271 ‚
230 3235 383 3268 alienatio
393 3246 459 3268 non
469 3237 631 3277 contingit
641 3247 677 3268 ex
687 3235 769 3267 facio
781 3237 1110 3276 compromittentium
1121 3259 1131 3272 ,

141 3278 191 3312 sed
202 3288 239 3309 ex
249 3277 333 3313 facto
351 3279 486 3315 arbitri5
510 3278 625 3322 &ideo
642 3279 826 3320 possibilitas
845 3279 1047 3311 alienationis
1066 3290 1130 3310 non

142 3321 248 3355 inficit
266 3321 545 3361 compromissum,
566 3333 601 3354 iit
622 3323 786 3362 colligitur
805 3333 841 3353 ex
864 3323 959 3353 Baldo
976 3324 1009 3353 in
1028 3322 1082 3359 leg.
1102 3332 1128 3353 1.

136 3376 184 3397 nu.
198 3365 272 3405 3.C.
283 3366 319 3395 Si
329 3363 451 3404 adver-fi
461 3365 656 3405 tranfizc‘bion.
678 3365 716 3396 Et
737 3365 912 3405 hujusmodi
932 3364 1018 3396 casus
1038 3376 1131 3396 even*

145 3407 213 3440 titii
225 3417 289 3437 non
309 3417 552 3447 computantur,
574 3418 694 3449 argum.
705 3409 927 3450 leg-Julianus,
944 3405 977 3449 ff.
990 3408 1056 3455 Qui
1067 3430 1077 3444 ‚
1092 3412 1130 3440 (Ὺ

143 3447 263 3490 quibus,
285 3447 321 3480 (J
342 3459 407 3490 cap.
418 3448 511 3492 final.
531 3451 568 3482 de
588 3450 731 3483 homicid.
753 3454 785 3482 ὃς
802 3460 916 3484 notant
934 3453 966 3482 in
975 3450 1128 3491 capssam

226 3491 328 3533 Prosp.
339 3495 366 3524 F
371 3504 482 3532 agnatii.
491 3495 523 3526 in
533 3496 558 3527 l.
570 3492 655 3528 Libr.
666 3495 820 3526 Decretar.

1975 45 2070 96 695

1149 137 1232 158 terra
1242 129 1278 158 de
1286 128 1365 160 cletl.
1377 129 1465 168 Joan.
1478 128 1575 158 Andr.
1588 136 1667 158 num.
1679 136 1708 166 4.
1719 125 1799 169 versi
1816 126 1973 168 oppones,
1993 127 2026 158 &
2044 125 2139 158 Card.

1148 181 1227 202 num.
1241 181 1267 211 3.

1194 213 1338 245 Pra‘terea
1359 214 1432 245 cum
1451 211 1467 244 a
1487 213 1624 253 patribus
1646 213 1723 245 nihil
1736 212 1771 244 sit
1789 214 1942 245 collatum
1962 213 1995 244 in
2013 212 2143 245 liberam
2167 218 2204 253 35

1150 259 1347 288 voluntatem
1359 257 1490 292 arbitri,
1513 258 1532 288 si
1553 257 1603 287 ille
1614 258 1651 288 de
1663 256 1745 289 facto
1757 256 1836 288 mali:
1850 257 1988 288 laudaret
1999 278 2010 293 ,
2020 259 2052 288 &
2064 266 2143 288 con-

1151 310 1199 331 tra
1217 300 1265 341 jus
1285 311 1294 335 ·,
1324 300 1494 340 suppeteret
1516 300 1689 332 remedium
1711 311 1745 340 ap
1767 299 1948 335 ellationis,
1978 299 2084 331 saltem
2106 299 2140 330 in

1150 343 1221 374 casu
1230 342 1252 374 l.
1267 343 1481 383 Cumspcciali
1494 366 1503 378 ‚
1523 346 1559 374 C.
1573 342 1608 374 de
1622 342 1715 378 indic.
1741 349 1765 374 9*
1784 352 1851 384 cap.
1866 341 2008 374 Arbitris
2017 342 2053 374 dc
2063 343 2140 383 offic.

1148 385 1239 424 dcleg.
1252 385 1303 417 lib.
1316 390 1344 416 6.
1357 390 1387 417 ὃς
1401 387 1432 417 in
1444 386 1514 417 casu
1525 388 1545 417 l.
1562 385 1688 417 Arbitro
1699 410 1708 423 ,
1727 384 1760 427 ΙῘζ
1774 384 1957 429 Quisatisd.
1971 397 2070 423 cogam.
2091 386 2144 417 Se-

1149 430 1290 460 cundum
1309 440 1404 461 unam
1425 430 1590 460 lecturam.
1615 430 1693 461 lteiii
1711 429 1882 470 suppeteret
1905 428 2079 467 cori-cutio,
2111 430 2145 460 &

1149 472 1331 504 emendatio
1342 473 1425 504 laudi
1434 476 1471 504 cle
1483 473 1548 513 iure
1559 472 1731 505 Canonico
1742 495 1751 508 ,
1761 482 1826 513 cap.
1841 471 1968 513 &supra
1977 474 2076 503 eodem
2087 494 2097 508 ,
2108 472 2142 503 &

1151 515 1194 546 ibi
1209 515 1297 556 plene
1312 526 1362 556 per
1374 515 1526 547 l‘iosliens.
1540 514 1684 556 poslmim.
1701 525 1729 554 7.
1741 518 1773 546 in
1784 528 1848 547 ver.
1867 516 2064 548 lucorum-um
2079 537 2088 551 ,
2109 516 2143 546 <Sc

1149 559 1237 600 Joaii.
1251 559 1347 590 Andr.
1359 569 1438 591 mim.
1456 563 1500 591 18.
1515 558 1650 590 Roman.
1660 559 1822 601 constl.27.
1845 558 1911 599 viso
1928 558 2099 590 thematen.
2114 567 2142 599 3.

1150 600 1229 640 ver-sl
1244 602 1309 631 Aut
1320 600 1431 633 dinam
1443 599 1498 639 fiiis
1510 625 1518 635 ,
1540 601 1614 638 quod
1636 602 1821 641 procederem
1840 612 1871 633 ut
1893 600 2038 634 Arbitri?
2063 601 2147 642 Ergo

1150 644 1200 678 liic
1213 643 1298 676 casus
1308 645 1510 677 alienationis
1529 656 1592 676 non
1604 646 1645 676 est
1663 645 1898 677 considerabilis
1917 647 1952 677 ad
1967 645 2149 686 *invalidam-

1150 689 1224 718 dum
1234 688 1493 728 compromissum
1506 712 1513 719 .
1534 688 1632 728 Qtod
1646 687 1750 729 aperte
1762 688 1850 721 sensit
1863 688 1935 728 Lap.
1954 691 1985 719 in
2002 686 2143 729 praedifta

1150 731 1276 768 allegat.
1292 741 1360 762 102.
1370 733 1402 762 in
1413 733 1537 771 princip.
1559 731 1611 763 ubi
1624 741 1755 771 arguetis
1766 742 1821 775 pro
1832 731 1994 767 validitate
2006 741 2148 772 compro-

1150 773 1232 809 miili
1243 772 1315 806 faeti
1326 776 1362 805 vlc
1377 776 1440 815 jure
1452 797 1460 811 ,
1478 774 1558 805 nihil
1568 797 1577 809 ,
1588 775 1690 815 inquit
1702 797 1710 809 ,
1732 777 1991 815 compromittitur
2005 784 2069 806 cum
2079 772 2145 816 effe-

1149 817 1196 849 Hu
1207 815 1335 848 arbitrio
1346 816 1492 853 alicujus,
1507 816 1564 857 sed
1576 817 1683 854 dejure
1693 841 1700 848 .
1724 818 1851 863 ,Quodfi
1862 816 2146 860 nonsitservatum,

1150 861 1228 893 locus
1239 860 1278 901 ist
1288 862 1485 901 appellationi
1498 860 1586 892 :licet
1595 871 1644 901 per
1655 862 1737 892 alias
1748 863 1879 892 rationes
1889 860 2045 893 concludat
2055 863 2087 892 in
2091 859 2146 902 suo

1150 903 1219 944 casu
1231 902 1460 945 compromiffum
1470 915 1525 935 non
1536 906 1641 936 valere
1653 928 1660 935 .

1195 945 1265 978 Nec
1276 957 1364 987 urget
1377 947 1589 978 consideratio
1604 948 1692 978 Decii
1705 949 1737 978 itt
1748 946 1846 979 ditias.
1863 947 1930 990 ραι
1940 949 1972 978 in
1988 946 2141 989 Ecclesia-

1152 1001 1217 1020 rum
1227 1001 1305 1021 num.
1322 999 1389 1029 115.
1407 989 1442 1021 cle
1453 989 1705 1031 Constantium
1719 992 1872 1030 appellans
1881 993 1978 1032 posset
2001 990 2142 1021 succum-

1154 1034 1225 1064 bere
1236 1055 1247 1070 ,
1270 1035 1301 1065 &
1314 1033 1352 1065 sic
1362 1034 1526 1070 occasione
1538 1034 1750 1075 compromiffi
1763 1034 1860 1075 posset
1872 1035 2061 1074 contingere
2073 1032 2146 1064 alie-

1155 1077 1262 1111 natio.
1287 1076 1444 1108 Etenimsi
1458 1079 1518 1107 haec
1529 1077 1739 1109 consideratio
1760 1078 1876 1110 valeret
1890 1101 1898 1116 ,
1920 1079 2031 1108 eodeni
2053 1077 2151 1107 inodo

1156 1129 1220 1150 non
1233 1120 1342 1151 licerer
1354 1120 1502 1161 cuiquam
1520 1122 1558 1152 de
1580 1121 1719 1156 iuribus,
1741 1130 1795 1152 aut
1815 1123 1906 1153 rebus
1926 1119 2149 1152 Ecclesiasticis

1156 1163 1322 1207 injudicio
1342 1165 1494 1205 experiri,
1514 1165 1591 1204 quia
1599 1174 1634 1196 ex
1647 1165 1742 1205 partis
1752 1163 1865 1196 actoris
1878 1164 2033 1207 judicium
2043 1161 2084 1194 est
2098 1172 2149 1193 vo-

1157 1207 1330 1238 luntarium
1342 1207 1419 1239 sicut
1432 1207 1707 1248 compromissum,
1728 1209 1760 1238 &
1779 1208 1871 1250 judex
1882 1207 1981 1248 posset
2011 1204 2091 1237 male
2105 1206 2152 1246 ju-

1156 1251 1262 1281 dicare
1274 1272 1282 1286 ‚
1304 1251 1336 1281 &
1348 1251 1503 1291 appellans
1514 1251 1714 1282 succumbere
1725 1253 1758 1281 iu
1770 1251 1859 1282 causa
1871 1248 2105 1291 appellationis,
2118 1249 2150 1279 &

1158 1292 1198 1324 sic
1211 1294 1411 1334 contingeret
1424 1295 1578 1326 alienatio
1597 1294 1642 1325 rei
1663 1292 1821 1325 Ecciefiae.
1846 1294 1883 1325 Et
1903 1303 2009 1325 tamen
2029 1301 2151 1323 certum
2175 1295 2213 1333 36

1157 1336 1199 1367 est
1211 1335 1374 1367 Praelatum
1385 1337 1469 1377 posse
1482 1338 1543 1368 esse
1555 1338 1588 1368 in
1599 1337 1721 1379 judicio
1731 1337 1815 1378 super
1827 1348 1858 1369 re
1872 1335 2030 1368 immobili
2043 1335 2153 1366 Eccle-

1158 1380 1205 1410 ᾗτε
1214 1379 1312 1411 etiam
1332 1380 1716 1420 linecapiruliconsensu,
1736 1390 1802 1420 cap.
1828 1382 1953 1412 anceri
1971 1377 2007 1410 de
2016 1377 2151 1418 rescript.

1158 1424 1191 1454 ὃ(
1201 1422 1242 1454 est
1255 1424 1433 1454 communis
1446 1424 1557 1464 opinio
1567 1446 1576 1460 ,
1598 1434 1631 1454 ut
1644 1423 1771 1455 testatur
1785 1425 1862 1455 Abb.
1886 1426 1917 1454 in
1929 1431 1994 1463 cap.
2015 1421 2151 1461 (usupra

1158 1465 1194 1497 de
1214 1466 1358 1506 transati.
1383 1477 1454 1497 nain
1475 1468 1545 1501 lura
1563 1469 1599 1498 ad
1619 1467 1844 1507 corrigendam
1863 1466 2009 1507 Judicum
2036 1464 2155 1505 iniqui-

1160 1519 1277 1545 tatem,
1299 1512 1346 1540 vel
1361 1509 1550 1550 imperitiam
1570 1509 1641 1541 satis
1663 1519 1812 1550 putarunt
1834 1509 2007 1542 remedium
2027 1508 2158 1549 appella-

1160 1553 1258 1584 tionis
1268 1552 1446 1589 instituere.
1469 1563 1499 1584 ut
1509 1554 1531 1584 l.
1549 1551 1611 1595 1·ffi
1623 1551 1895 1593 deappellat.&l.
1908 1551 2063 1600 Praefeffli,
2077 1547 2156 1594 ffide
2179 1559 2219 1592 37

1160 1598 1282 1627 stdinor.
1305 1595 1395 1627 Sicut
1414 1596 1511 1636 igitur
1528 1607 1564 1627 ex
1584 1607 1641 1631 eo,
1671 1599 1755 1636 quod
1776 1597 1868 1639 judex
1891 1596 1981 1637 possit
2011 1595 2156 1635 iniquam

1160 1638 1347 1671 sententiam
1370 1639 1525 1680 proferre,
1554 1642 1587 1671 ἕξ
1608 1640 1762 1680 appellans
1794 1641 1827 1671 in
1849 1639 1983 1673 secunda
2004 1638 2157 1670 instantia

1161 1683 1253 1723 possit
1273 1682 1493 1720 succumbere,
1524 1693 1589 1715 non
1611 1682 1781 1724 impeditur
1809 1683 1879 1724 quis
1898 1685 1936 1714 de
1967 1683 2059 1713 rebus
2082 1681 2157 1713 alie-

1161 1726 1231 1757 nari
1253 1726 1417 1766 prohibitis
1439 1727 1603 1769 injudicio
1614 1737 1725 1767 agere,
1749 1727 1792 1758 ita
1813 1736 1871 1759 nec
1889 1726 2156 1767 impediturcom-

1161 1768 1402 1809 promissumde
1423 1770 1490 1811 jure
1512 1769 1633 1807 facere,
1654 1768 1728 1801 cum
1744 1771 1833 1802 nulla
1853 1767 2160 1801 sufficiensi'atiodi-

1159 1812 1312 1843 versitatis
1323 1813 1429 1844 afferri
1451 1813 1562 1853 poili-t,
1583 1823 1648 1854 cap.
1672 1816 1755 1845 Inter
1772 1814 1941 1854 corporalia
1961 1811 1998 1843 de
2008 1811 2156 1842 translat.

1161 1854 1302 1896 Episcop.
1325 1856 1459 1887 Accedit
1469 1859 1553 1897 quod
1577 1855 1756 1888 indistinste
1768 1858 1805 1888 de
1816 1856 1964 1888 omnibus
1974 1855 2072 1887 etiam
2091 1864 2161 1886 tan-
2182 1856 2224 1895 38

1164 1899 1370 1941 gentibusjus
1389 1900 1516 1931 alterius
1529 1911 1539 1935 ,·
1560 1902 1591 1931 &
1605 1900 1644 1931 sic
1670 1902 1708 1931 de
1720 1900 1851 1932 alienari
1872 1898 2036 1940 prohibitis
2057 1897 2155 1939 potest

1163 1942 1230 1973 fieri
1241 1942 1500 1983 compromissum
1510 1943 1526 1973 :i
1538 1943 1677 1983 partibus
1689 1965 1698 1979 .,
1718 1943 1734 1974 s
1731 1945 1766 1977 ed
1779 1942 1946 1974 arbitrium
1958 1952 2024 1973 non
2044 1951 2131 1973 tenet
2143 1964 2153 1977 ,

1161 1994 1317 2026 quatenus
1328 1986 1496 2017 concernit
1508 1986 1635 2018 alterius
1645 1986 1861 2026 praejudicium
1871 2008 1882 2022 ,
1892 1995 1926 2017 ut
1938 1985 2079 2016 recitatis
2088 1984 2152 2024 opi-

1162 2029 1313 2060 nionibus
1324 2029 1387 2069 post
1399 2030 1499 2061 multa
1507 2030 1672 2061 concludit
1683 2028 1733 2061 hic
1746 2030 1912 2060 innocent.
1924 2038 2036 2059 num.1.
2047 2030 2079 2059 in
2090 2039 2153 2058 ver.

1162 2071 1370 2103 Libertatem.
1392 2072 1431 2104 Et
1452 2072 1622 2104 secundum
1641 2074 1698 2104 hoc
1721 2072 1888 2112 opiniones
1906 2071 2123 2103 conciliantur
2145 2093 2155 2107 ,

1162 2116 1369 2147 &solvuntur
1380 2116 1622 2148 contrarietates
1631 2139 1640 2151 ‚
1660 2126 1779 2156 argum.
1791 2116 1900 2156 optim.
1912 2118 1944 2145 iri
1953 2123 2019 2154 cap.
2032 2126 2061 2146 z.
2072 2113 2157 2154 infra'

1162 2159 1198 2191 de
1214 2160 1355 2199 Cappell.
1374 2159 1522 2191 Monach.
1547 2158 1619 2190 Nec
1638 2159 1830 2190 contradicit
1859 2158 1922 2189 haec
1949 2157 2126 2188 Deci‘etalis
2147 2169 2154 2188 :

1162 2201 1418 2245 quiasecundi‘im
1438 2201 1568 2233 eamhic
1587 2202 1845 2243 compromissum
1864 2200 1987 2236 tenuit,
2008 2200 2055 2231 sed
2075 2200 2157 2231 arbi-

1163 2246 1259 2277 trium
1283 2256 1347 2276 non
1368 2246 1468 2276 valuit
1488 2246 1521 2276 in
1541 2244 1695 2286 capitibus
1725 2244 1894 2276 contrariis
1923 2243 2085 2277 libertati.
2114 2243 2154 2275 Et

1164 2289 1197 2320 in
1209 2289 1264 2319 hac
1278 2289 1430 2328 opinione
1442 2289 1538 2320 etiam
1550 2288 1660 2319 residet
1674 2287 1827 2319 Hostiens.
1842 2290 1873 2318 in
1883 2287 1965 2319 *ve-rb.
1978 2289 2051 2318 Sine
2062 2288 2155 2317 licen-

1164 2335 1211 2363 tia
1221 2342 1300 2362 num.
1315 2331 1430 2371 5.verfi
1451 2333 1526 2363 Alii
1544 2330 1647 2362 dicunt
1659 2354 1667 2367 ,
1689 2331 1776 2371 Joan.
1790 2331 1886 2362 Andr.
1907 2342 1938 2361 m
1958 2331 2056 2360 ultim.
2073 2327 2153 2370 gloff.

1162 2375 1323 2406 Martinus
1334 2377 1372 2405 de
1384 2375 1477 2406 Salva
1489 2375 1655 2416 Episcopus
1671 2372 1889 2414 Pampilonei‘i.
1910 2376 1941 2405 ὅ(
1952 2373 2041 2413 Joan.
2054 2374 2092 2403 de
2104 2371 2156 2403 Li-

1165 2428 1291 2457 gnano,
1312 2428 1391 2459 quos
1413 2417 1527 2453 refe-rt,
1548 2420 1580 2450 &
1606 2417 1744 2458 sequitur
1766 2417 1892 2451 Bellam.
1911 2427 1990 2448 num.
2008 2426 2052 2446 ii.
2072 2414 2152 2455 vers.

1164 2463 1320 2494 finaliter
1338 2471 1458 2497 tamen,
1480 2459 1517 2493 ω’*
1536 2472 1614 2492 num.
1630 2470 1677 2491 12.
1699 2460 1752 2491 ubi
1769 2461 1850 2490 dicit
1870 2460 1949 2490 hanc
1961 2459 2026 2489 esse·
2042 2459 2155 2489 verita-

1164 2515 1228 2537 tem
1241 2528 1248 2534 .
1272 2505 1309 2535 Et
1321 2504 1477 2536 consentit
1489 2503 1621 2536 Cardin.
1632 2503 1785 2534 Zabaiell.
1796 2513 1873 2534 num.
1887 2513 1916 2540 4.
1937 2505 1968 2533 in
1981 2511 2009 2538 7.
2030 2501 2151 2543 oppofit.

1165 2548 1204 2579 Et
1223 2548 1337 2588 quibus
1362 2548 1497 2578 arbitror
1518 2548 1771 2578 concludendum
1794 2546 1987 2586 prohibitum
2015 2545 2155 2575 alienare

1165 2602 1231 2623 nori
1242 2591 1303 2622 esse
1324 2591 1518 2631 prohibitum
1538 2590 1817 2630 compromittere,
1844 2589 1902 2619 nili
1923 2599 1959 2620 ea
1975 2587 2076 2618 foi-ma
2100 2591 2153 2618 liat

1165 2634 1445 2708 cogipromissum,
1466 2644 1499 2665 ut
1513 2634 1586 2665 inde
1597 2631 1782 2673 sequipossit
1795 2632 1967 2666 alienatio,
1995 2634 2027 2662 δέ
2050 2629 2089 2660 sic
2114 2631 2151 2661 de

1166 2678 1195 2708 fa
1228 2688 1266 2707 0.

1207 2719 1306 2761 Qiod
1327 2720 1346 2750 si
1365 2720 1466 2760 mag-is
1487 2721 1608 2760 placeat
1628 2719 1780 2751 adhaerere
1800 2717 1966 2749 contraria-e
1985 2715 2152 2756 opinioni,
2177 2725 2215 2756 39

1166 2774 1235 2795 eam
1252 2763 1424 2798 limitabis,
1445 2773 1479 2794 ut
1500 2764 1646 2802 procedat
1675 2762 1707 2793 in
1729 2761 1954 2801 compromisso
1971 2758 2154 2805 volunta-rio

1165 2809 1347 2842 dumtaxat,
1370 2816 1434 2836 non
1446 2805 1594 2837 autemin
1606 2804 1831 2846 compromisso
1853 2804 2027 2835 necessario
2038 2812 2073 2833 ex
2095 2806 2156 2832 tor-

1166 2861 1218 2881 ma
1228 2850 1331 2880 statuti
1345 2872 1352 2879 .
1375 2849 1480 2880 Inhoc
1491 2849 1578 2880 enim
1591 2848 1645 2881 stat
1658 2848 1804 2887 regulain
1824 2847 2020 2878 contrarium
2041 2845 2151 2876 videli-

1166 2902 1215 2924 cet
1235 2892 1289 2933 qui
1311 2902 1376 2922 non
1398 2891 1497 2932 potest
1517 2892 1653 2923 alienare
1667 2914 1676 2927 ,
1697 2900 1822 2923 tenetur
1841 2889 2048 2921 nihilominus
2069 2897 2155 2918 com-

1168 2945 1355 2975 promittere
1366 2957 1373 2965 .

1205 2978 1342 3019 Ideoque
1372 2978 1476 3009 minor
1493 2979 1531 3009 de
1553 2988 1584 3009 re
1606 2978 1658 3008 sua
1668 2976 1931 3008 immobilietiam
1951 2985 2024 3007 cuin
2043 2972 2158 3004 tutoris
2177 2984 2219 3012 40

1167 3021 1357 3052 authoritate
1370 3031 1434 3052 non
1446 3021 1542 3060 potest
1551 3021 1709 3061 disponere
1723 3042 1732 3056 ,
1755 3029 1790 3050 ut
1809 3020 1830 3051 l.
1845 3020 1910 3055 Lex
1923 3029 1978 3055 qua.
1998 3019 2124 3048 Tutoris
2144 3037 2154 3050 ‚

1166 3063 1421 3109 (Zdearlmimstf.
1435 3066 1541 3094 Tutor.
1564 3063 1619 3094 nisi
1634 3063 1823 3094 interveniat
1833 3062 1928 3093 causae
1938 3060 2102 3099 cognitio.
2122 3061 2154 3089 ὃς

1167 3107 1287 3138 decreti
1310 3107 1506 3147 interpositio
1527 3128 1536 3142 ‚
1565 3116 1597 3136 iit
1611 3107 1655 3136 ibi
1676 3117 1683 3136 ε
1716 3107 1749 3137 &
1768 3116 1875 3137 tamen
1903 3105 2008 3135 minor
2028 3112 2155 3133 tenetur

1167 3150 1423 3190 compromittere
1446 3149 1506 3180 sine
1525 3149 1776 3182 solemnitatibus
1798 3149 1892 3179 stante
1911 3145 2086 3190 hujusmodi
2104 3145 2158 3176 sta-

1167 3203 1249 3228 rum,
1261 3202 1325 3233 arg.
1337 3202 1398 3225 tex.
1410 3195 1442 3223 in
1453 3193 1516 3223 l.Si
1526 3194 1622 3231 plures
1632 3189 1719 3233 ,ffidc
1727 3191 1803 3231 past.
1815 3192 1868 3221 ubi
1879 3193 1938 3221 hoc
1951 3197 2059 3220 tenerit
2072 3189 2153 3228 Ang.

1167 3235 1252 3267 Paul.
1262 3237 1300 3266 de
1311 3234 1410 3267 Caiir.
1432 3236 1560 3266 Alexan.
1572 3237 1603 3266 ἃ
1614 3235 1669 3275 Jas.
1681 3235 1736 3275 qui
1748 3234 1836 3274 ponit
1845 3244 1913 3264 eam
1926 3234 2024 3273 legem
2035 3233 2066 3262 in
2077 3232 2098 3262 l.
2112 3233 2156 3261 Et

1159 3277 1247 3318 sirum
1257 3300 1266 3314 ,
1287 3280 1312 3314 ξ.
1328 3277 1426 3309 l-loa’ie
1435 3279 1551 3309 emisit.
1564 3280 1596 3309 &
1606 3278 1724 3309 decidit
1737 3276 1923 3316 Bald.Salyc.
1934 3275 2020 3306 Aret.
2033 3274 2104 3305 Paul
2118 3276 2155 3304 de

1166 3321 1264 3352 Castr.
1277 3322 1406 3352 Alexan.
1427 3321 1524 3361 &jz-J.
1544 3322 1653 3352 dicens
1666 3323 1744 3351 {tanc
1763 3319 1948 3359 opinionem
1967 3317 2029 3349 esse
2049 3327 2153 3363 verani

1165 3365 1230 3394 inl.
1242 3363 1294 3403 fin.
1306 3363 1382 3395 Cod.
1394 3362 1469 3394 dein
1479 3373 1584 3400 izittgr.
1597 3363 1722 3403 resimis.
1745 3364 1776 3393 &
1789 3361 1948 3392 consuluit
1959 3362 2110 3391 Alexand.
2124 3369 2156 3389 in

1165 3406 1240 3447 cons.
1250 3415 1319 3446 254.
1342 3405 1557 3447 Abondejatis
1570 3408 1629 3437 vol.
1641 3410 1669 3437 6.
1690 3405 1754 3446 post
1764 3405 1848 3435 Bald.
1859 3405 1959 3446 confil.
1973 3408 2041 3444 358.
2060 3405 2156 3444 Sapor

1166 3461 1197 3481 eo
1219 3449 1292 3488 quod
1309 3452 1448 3486 quaritur
1467 3450 1527 3481 vol.
1551 3459 1576 3490 3.
1608 3448 1761 3480 Similiter
1782 3446 1921 3478 Curator
1947 3449 2036 3479 datus
2065 3445 2153 3517 Ιὲςιε-

1772 3491 1801 3521 Χ
1824 3500 1841 3520 x
1878 3499 1899 3529 4
2091 3497 2112 3516 i-
