2397 3664
788 51 876 108 De
898 47 1151 119 Rescript.

144 152 186 185 54
207 143 329 186 Infirmi
338 144 462 175 remotio
471 141 510 177 ab
519 143 679 185 officio,vel
688 139 839 183 beneficio,
849 141 890 183 est
898 151 1002 175 contra
1012 142 1074 182 jus,
1082 137 1122 173 (θ’

254 186 422 225 utilitatem
440 186 611 227 publicam,
629 183 706 217 ἀη-
719 183 803 225 stum.

148 236 187 269 55
209 227 355 272 Afflictis
364 226 557 272 effliffionem
575 226 689 261 addere
708 236 860 268 peccatum
871 226 913 270 est
923 251 934 260 .

150 276 190 312 56
210 274 280 306 Rex
290 267 482 312 portugaliae
490 269 670 304 inhabilis-a*
680 273 779 310 Regno
788 282 845 303 non
863 279 1053 307 removetur,
1067 267 1122 310 sed

196 335 200 338 -
254 315 408 349 daturjlli
417 313 600 353 coadiutera'
609 315 744 347 Romano
758 312 907 357 Pontisiee
914 312 949 348 ob
968 312 1123 356 publicam

253 371 268 390 u
293 361 440 392 litatem.

147 409 188 440 57
208 364 340 444 offitio,
359 402 411 437 vel
429 398 568 442 beneficio
591 399 644 441 fico
661 410 745 438 quem
773 402 902 442 privare
914 400 984 443 fine
1002 399 1089 441 culpa
1109 420 1119 436 ,

254 443 492 487 perverfinmest,
511 441 550 475 <9⁶
570 452 674 476 contra
696 443 944 487 Ecctefiasticam
952 442 1121 486 censuram,

258 489 332 521 &n-
357 498 373 519 e
392 509 401 517 .

149 538 188 569 59
210 534 302 564 Caecis
311 486 587 571 estsiqniserendum,
608 533 646 562 Θ·
661 528 699 561 de
714 541 792 562 novo
802 527 1042 570 subveniendum
1052 551 1061 560 .

147 577 189 606 60
208 572 495 613 Dementiamest—
508 571 585 615 iusta
602 571 693 614 canfh
711 571 885 605 removendi
893 570 934 604 ab
942 571 1038 613 officio
1056 580 1123 612 per-

256 625 359 657 petuo,
373 614 430 656 sed
442 614 545 656 solum
562 616 661 648 dandi
675 616 893 655 coadjutorem.

129 663 184 694 ‚61
207 661 357 700 Repetitio
377 669 537 697 numquam
550 658 624 700 fieri
651 660 836 698 intelligitur
855 660 950 690 etiam
969 659 1003 689 in
1021 655 1126 689 eadem

254 701 402 742 clausula,
413 700 529 740 quando
538 713 579 734 ex
588 704 647 736 illa
658 702 789 743 resultat
797 701 918 740 aliquid
926 697 1125 736 exhorbitans

253 755 319 783 jure
337 756 481 778 commum
494 769 502 778 .

144 791 185 820 62
206 786 350 832 Infirmus
359 786 398 820 ab
416 789 512 831 officio
531 791 679 822 removeri
697 785 790 830 potest
797 787 835 821 de
851 786 994 830 potestate
1004 785 1127 819 ordina-

255 835 306 864 ria
316 855 327 869 ,
349 833 467 870 quando
475 832 605 873 officium
617 832 710 864 datur
718 832 931 876 principaliter
939 842 996 865 non
1005 839 1127 873 propter

260 875 465 915 dignitatem,
476 874 535 917 sed
556 885 676 917 propter
693 878 894 909 exercitium.

214 922 413 951 Contrarium
422 931 451 952 n.
462 929 519 961 73.
532 917 570 952 ά
586 919 666 959 seqq.
678 918 765 960 ufiJne
773 921 807 950 in
837 930 868 951 n.

216 963 404 995 Declaratur
413 965 520 1003 primo,
530 972 562 994 ut
570 960 712 1003 procedat
722 965 754 994 in
764 974 780 993 o
815 963 860 995 cio
869 960 1048 1003 temporali,
1068 970 1126 992 non

258 1015 359 1038 autem
368 1008 401 1037 in
413 1004 597 1046 spirituali,
617 1004 653 1038 ὠ·
662 1015 821 1047 perpetuo,
840 1008 932 1043 n.65.
996 1049 1001 1052 ἢ

214 1050 407 1082 Declaratur
410 1047 552 1088 secundo,
559 1058 592 1081 ut
601 1048 742 1091 procedat
750 1052 783 1081 in
793 1047 921 1090 officiali
931 1069 942 1084 ‚
951 1056 1001 1086 qui
1013 1057 1052 1078 ex
1061 1055 1127 1088 pro-

258 1094 328 1133 pria
339 1091 428 1133 culpa
438 1093 472 1122 in
483 1091 616 1126 morbum
625 1091 737 1125 incidit
747 1114 758 1129 ,
776 1103 807 1124 n.
818 1093 871 1123 68.

215 1133 278 1168 Sed
287 1144 390 1169 contra
404 1133 566 1175 secundum
585 1138 740 1172 Canwes,
760 1146 789 1167 n.
800 1137 852 1172 69.

217 1178 407 1210 Declaratur
425 1179 536 1214 tertio,
568 1188 601 1210 ut
619 1176 762 1220 procedat
780 1179 814 1209 in
832 1177 995 1209 remotione
1015 1174 1055 1209 ab
1075 1175 1130 1208 ad-

215 1244 226 1254 .
257 1220 504 1262 ministratione,
525 1231 582 1255 non
599 1230 701 1254 autem
715 1219 737 1254 a*
755 1220 864 1258 titulo,
884 1218 922 1257 (ῥ’
942 1218 1047 1252 habitu
1067 1221 1130 1262 offi-

258 1276 319 1301 cn,
338 1275 368 1296 n.
404 1274 434 1298 0.

214 1273 407 1341 Declaraeuz
416 1309 521 1346 quarto
533 1331 544 1347 ,
562 1317 594 1341 ut
602 1319 659 1341 non
667 1311 813 1350 procedat
811 1303 918 1350 stante
926 1305 1132 1348 consuetudine

260 1350 450 1391 inserviendi
465 1361 517 1393 per
528 1351 742 1393 substitutum,
764 1363 793 1383 n.
813 1353 863 1390 78.

218 1394 408 1479 Decsllaratur
415 1398 562 1434 quinto,ut
570 1407 628 1428 non
637 1395 781 1441 procedat
790 1397 824 1427 in
833 1394 1024 1437 officiali‚qui
1029 1392 1131 1438 sallus

263 1449 279 1469 e
322 1449 428 1474 caecus,
449 1451 478 1470 η.
499 1441 549 1471 80.

213 1474 393 1515 'Intellectus
403 1481 479 1519 legis
490 1504 500 1518 ‚
512 1481 545 1514 Si
555 1492 634 1522 quos
646 1481 786 1524 judices,
810 1480 891 1516 C-de
901 1480 984 1513 offic.
995 1479 1133 1515 Praefe&.

262 1523 353 1556 Praet.
364 1523 578 1565 Oi-ient.u.53.
593 1530 629 1557 ω’
632 1524 715 1565 seqq.
729 1523 815 1565 usque
824 1527 857 1558 in
860 1521 919 1566 fin.

153 1571 193 1609 63
206 1567 234 1610 J
235 1565 334 1600 udices
344 1577 461 1609 propter
472 1569 666 1607 longinquam
674 1565 889 1610 infirmitatem
898 1568 1023 1599 inutiles
1032 1565 1071 1600 ab
1081 1564 1137 1599 aab

264 1609 432 1651 ministrati
435 1622 486 1642 one
493 1609 738 1648 removentur,&
746 1612 806 1643 alii
817 1614 849 1642 in
860 1622 958 1643 eorum
968 1613 1062 1645 locum
1064 1610 1139 1653 sub·

263 1662 423 1693 rogantur,
443 1657 627 1686 contrarium
638 1677 647 1691 ,
667 1666 696 1686 n.
717 1658 768 1692 67.
780 1653 817 1687 ῥ’
829 1663 880 1697 73.

222 1697 413 1731 Declaratur
420 1698 528 1731 multis
536 1697 634 1730 modis
644 1719 655 1735 ,
673 1707 795 1730 uenum.
807 1701 858 1738 ⁶5·
869 1695 993 1739 &sew-
1006 1697 1134 1739 usquein

288 1749 356 1771 nem
367 1763 376 1771 .

156 1786 200 1823 ⁶4
208 1737 318 1826 Judqex
326 1781 419 1816 datus
429 1786 546 1816 mutari
555 1783 720 1829 jubetur,fi
727 1793 848 1828 propter
857 1783 1073 1828 infirmitatem
1084 1781 1137 1817 diu

263 1826 361 1868 suerit
377 1824 545 1868 impeditus
557 1851 564 1858 .

223 1870 367 1902 Procedit
387 1871 421 1901 in
434 1869 543 1909 'judice
563 1869 716 1910 delegato,
738 1882 767 1903 n.
788 1880 840 1910 71.

158 1915 200 1945 66
220 1913 314 1995 Legs‘s
349 1910 454 1946 debent
488 1915 613 1947 imitari
658 1917 796 1949 Canones
815 1936 826 1952 ,
867 1913 927 1956 sed
961 1915 978 1947 ὲ
1016 1925 1138 1947 conver-

284 1967 298 1985 0
318 1978 327 1987 ο

157 2000 198 2036 67
210 1996 319 2040 Judex
329 2007 448 2039 propter
462 1995 615 2040 furorem,
635 1999 689 2033 vel
698 2003 862 2033 cecitatem
874 1999 1139 2043 supervenientem

151 2052 154 2053 ⁷
271 2053 328 2072 non
346 2039 433 2074 debet
449 2045 618 2076 removeri.

161 2086 201 2115 68
222 2085 383 2125 Officialis
393 2107 403 2121 ,
415 2087 465 2123 qui
476 2096 516 2117 ex
526 2089 648 2127 propria
659 2087 747 2128 culpa
758 2088 791 2118 in
802 2084 933 2119 morbum
943 2088 1073 2125 incidit,
1093 2099 1139 2120 re-

267 2138 313 2159 mo
320 2137 404 2159 vetur
421 2125 461 2159 ab
479 2129 574 2170 officio
588 2128 754 2169 secundum
772 2130 868 2169 leges.

156 2174 198 2207 69
218 2173 310 2203 Secu:
320 2169 487 2210 ‚secundnm
508 2175 664 2205 Canones.

161 2220 203 2251 70
214 2213 345 2256 Judices
356 2211 390 2245 ob
400 2213 565 2254 adverficm
576 2215 783 2247 valetudinem
800 2216 937 2252 inutiles,
947 2226 1139 2248 removentur

269 2254 308 2288 ab
317 2255 587 2297 administratione
597 2278 606 2294 ,
622 2256 679 2297 sed
695 2270 752 2291 non
761 2256 800 2290 ab
810 2259 905 2300 offitio
917 2283 924 2290 .

160 2308 198 2337 71
222 2300 369 2338 Delegati
387 2299 555 2341 jurtfiiitzio
571 2299 608 2333 de
621 2300 718 2343 fictili
739 2311 792 2344 per
809 2303 999 2334 ordinarium
1009 2302 1138 2342 judicem

267 2351 440 2375 revocetur*

161 2394 201 2422 72
214 2385 375 2427 Judt'cium
388 2385 524 2426 solvitur
534 2396 659 2419 vetante
669 2396 720 2425 ca,
740 2390 791 2427 qui
809 2388 888 2430 jufflt
898 2389 1052 2427 judicare.

161 2437 201 2469 73
226 2429 326 2460 Tutor
350 2429 449 2470 facins
465 2431 587 2462 inutilis
604 2441 722 2472 propter
740 2431 905 2473 adversam
926 2431 1139 2465 valetudinem

271 2481 524 2510 mammo-vetur,
540 2473 595 2513 sed
615 2477 708 2508 datur
726 2476 781 2507 illi
793 2474 968 2513 coadjutor.

164 2523 208 2554 74
228 2513 429 2555 Episcopatus
439 2515 479 2555 est
489 2526 592 2548 nomen
610 2520 708 2549 oneris
717 2540 727 2554 ,
748 2530 804 2550 non
813 2518 931 2550 honoris
943 2543 951 2551 .

165 2564 202 2597 75
225 2556 346 2599 Infirmi
359 2558 430 2600 five
443 2558 586 2600 Episcopi
594 2581 603 2595 ‚
606 2560 689 2634 ‘five
700 2563 840 2598 Parocmg
852 2563 924 2605 five
929 2562 1085 2606 simplices
1095 2561 1142 2594 bc—

272 2599 420 2643 nificiati,
426 2602 494 2644 five
504 2602 581 2642 offici
585 2613 603 2633 a
620 2614 661 2639 es,
671 2614 727 2635 non
736 2615 924 2637 removentur
934 2628 943 2642 ‚
949 2605 1006 2647 fid
1015 2609 1058 2637 eis
1068 2605 1144 2638 dan—

274 2654 324 2675 tur
332 2645 516 2683 coadjutores
526 2668 535 2681 ,
555 2643 594 2677 &¹
603 2656 632 2677 η.
635 2645 718 2685 seqq.

166 2690 206 2725 76
227 2687 342 2729 Officia
353 2697 492 2729 perpetua
504 2711 513 2724 ‚
535 2688 572 2720 θ’
587 2687 771 2729 spiritualia
789 2692 963 2729 regulantur
980 2700 1032 2733 per
1042 2693 1143 2724 omnia

277 2740 309 2762 ut
320 2728 462 2772 beneficia
485 2731 701 2773 Ecclesiastica
713 2756 721 2762 .

169 2782 211 2812 77
231 2774 296 2806 Imo
307 2772 469 2815 difficiliics
479 2776 545 2813 quis
562 2784 731 2807 removetur
746 2774 786 2807 ab
801 2776 917 2817 officio,
936 2777 1053 2815 qua'ma'
1063 2776 1145 2810 bene-

304 2828 348 2849 ΩΟ
357 2839 365 2849 ι

169 2868 210 2897 79
233 2813 395 2901 Officiales
413 2861 601 2901 collegiorum
626 2859 708 2893 urbis
734 2859 908 2901 egritudine
924 2854 946 2899 ,’
964 2864 1016 2895 vel
1029 2863 1116 2903 senio
1134 2887 1145 2901 ,

278 2913 333 2934 aut
354 2904 438 2935 alia's
467 2906 601 2943 legitime
620 2905 764 2946 impediti
781 2927 791 2941 ,
819 2916 858 2936 ex
878 2902 1082 2945 consuetudine
1098 2919 1144 2938 tn-

271 2945 415 2986 serviunt
435 2955 487 2988 per
498 2946 708 2989 substitutum,
730 2945 848 2991 fibique
866 2949 1062 2980 emolumenta
1082 2959 1146 2990 per-

280 3000 296 3020 C
298 3002 308 3020 l
344 2999 397 3021 unt
409 3013 416 3022 ο

173 3033 214 3063 80
235 2998 460 3070 Lexgneralis
478 3042 514 3075 po
541 3036 620 3066 erior
637 3046 693 3066 non
711 3034 795 3067 tollit
811 3034 905 3075 legem
916 3034 1096 3076 specialiter
1105 3035 1147 3067 lo-

283 3084 417 3112 quentem
429 3098 439 3113 ,
451 3077 486 3118 se
517 3075 730 3120 distinguitur,
749 3076 788 3110 ό·
806 3078 965 3111 limitatur
983 3087 1036 3119 per
1054 3079 1145 3118 legem

284 3128 458 3156 antiquam.

173 3162 211 3192 81
233 3162 333 3192 Caecus
342 3172 398 3193 non
406 3163 499 3204 potest
507 3161 570 3196 diei
579 3162 727 3197 inhabilis
735 3162 779 3196 ad
787 3163 982 3205 officium‚vel
989 3161 1148 3203 magistra—

285 3212 348 3235 tum
358 3225 369 3242 ,
378 3215 430 3236 nec
438 3205 569 3248 respeelu
579 3208 678 3245 tituli,
686 3218 738 3240 nec
745 3206 876 3249 respeffu
886 3209 1041 3244 exercitii,
1050 3205 1088 3239 (θ’
1096 3217 1146 3239 nu.

300 3257 362 3284 ειη,
373 3258 390 3277 u
406 3258 457 3284 que
476 3261 509 3280 m
549 3261 580 3282 n.

179 3291 219 3320 82
245 3246 320 3320 Νζη
337 3247 499 3330 εκιίβιηιν
514 3248 693 3337 a'ficonfilio,
714 3294 767 3326 vel
785 3294 971 3334 patrocinio.

178 3333 220 3374 83
242 3334 280 3364 Si
293 3333 340 3407 fil
354 3331 499 3374 sapiens,
516 3337 582 3376 cogi
597 3335 688 3379 potest
707 3339 753 3369 ire
768 3335 810 3369 ad
828 3336 1000 3380 consilium,
1028 3334 1067 3369 ἀ
1083 3345 1150 3368 con-

302 3387 319 3406 u
334 3386 382 3407 ere
391 3399 399 3407 .

181 3420 223 3459 84
242 3375 317 3450 Νίι
344 3421 490 3459 privatur
496 3428 588 3460 voto,
606 3422 681 3462 quod
697 3422 780 3457 alia's
791 3422 932 3462 haberet,
944 3422 977 3468 fi
991 3432 1079 3457 cecus
1095 3432 1153 3456 non

290 3459 359 3504 effer
369 3485 377 3494 .

1161 62 1208 103 c.
1223 45 1506 108 Caeterum.
1559 59 1562 61 ’
2011 65 2100 118 ¹4¹

1180 140 1198 170 8
1202 146 1217 178 5
1239 138 1315 169 Non
1325 135 1442 169 dicitur
1451 136 1602 170 inhabilis
1617 136 1663 170 aa
1679 137 1856 178 legendum,
1869 138 1922 170 vel
1935 137 2137 178 firibendum·
2147 162 2158 176 ,

1288 179 1359 230 ciem
1375 181 1396 212 ἁ
1414 182 1476 221 lege
1484 182 1526 224 fit
1545 180 1732 214 habilitatus
1740 181 1785 214 ad
1793 180 1850 214 hec
1857 181 2013 223 implenda
2023 191 2077 223 per
2088 180 2160 224 sub-

1182 269 1223 300 86
1244 221 1558 307 Cae'ss'ljnglgni'ngenii,
1578 267 1617 304 (θ’
1633 269 1803 302 intellec‘hs
1819 267 2020 312 perspicacior
2038 267 2099 311 est,
2120 266 2159 301 ό

1179 355 1221 391 87
1232 308 1520 395 Juficssffimunm
1529 356 1630 394 magis
1647 355 1769 399 consilio
1787 354 1946 399 prudentis
1965 357 2051 392 viri,
2069 355 2159 394 qua'm

1289 404 1410 440 corpore
1428 395 1611 438 explendum
1627 397 1669 438 est
1679 421 1688 431 ,

1163 479 1382 559 CAEtericm.
1404 481 1437 514 Si
1456 482 1490 517 in
1509 483 1648 516 secundo
1666 483 1818 526 rescripto
1835 487 1874 518 de
1891 486 1994 527 primo
2012 485 2163 527 rescripto
2186 495 2198 518 1

1246 524 1560 566 adversariiejusdern
1580 526 1677 561 causae
1696 537 1763 560 non
1784 529 1819 560 fit
1833 530 1978 567 mentio,
2002 528 2160 570 valetpri-

1163 578 1251 599 mum
1264 578 1273 604 ·,
1295 567 1386 599 aliter
1408 569 1490 601 valet
1508 569 1681 602 seeundum
1701 583 1709 601 :
1740 572 1773 602 &
1796 572 1816 603 sl
1837 573 1974 612 primurn
1995 573 2161 605 communi

1163 609 1315 645 consensu
1333 610 1395 643 fuit
1417 612 1605 649 obtentum,
1625 623 1693 645 non
1713 614 1795 648 valet
1816 614 1985 648 secundum
2003 617 2061 648 hoc
2083 616 2165 650 taci·
2183 625 2201 648 2

1164 663 1200 685 to
1211 654 1413 695 impetratum
1425 678 1433 685 .
1454 654 1526 687 Hoc
1538 655 1620 688 dicit
1628 655 1821 696 Joan.Andr.
1834 657 1920 690 Bald.
1932 659 2059 691 Bellam.
2071 659 2159 692 Butr.

1164 696 1299 730 Cardin.
1309 696 1448 732 Anchar,
1459 699 1539 730 Abb.
1550 699 1639 740 Joan.
1652 701 1690 732 de
1700 700 1804 733 Anao.
1815 700 1913 733 Felin.
1924 703 1955 733 &
1968 701 2081 734 Dec.&
2093 703 2164 735 sunt

1166 749 1230 772 tres
1239 750 1341 784 partes
1351 762 1361 778 ,
1371 751 1439 785 quae
1449 751 1503 783 per
1512 742 1541 777 se
1552 752 1660 784 patent
1673 742 1824 778 :secunda
1833 743 1878 777 ibi
1893 766 1904 781 ‚
1916 746 1954 776 Si
1962 756 2044 777 vero:
2055 746 2163 784 tertia,

1166 782 1231 821 ibi,
1251 782 1380 820 Verum.

1210 825 1300 860 Nota
1309 838 1343 860 ex
1356 828 1414 860 hac
1433 829 1585 861 decretali
1597 838 1661 862 tres
1684 831 1807 871 regulas
1817 831 1852 866 in
1862 831 1995 863 materia
2006 831 2167 873 rescripto·
2187 841 2205 875 3

1165 878 1236 902 rum
1248 872 1329 904 icitu
1339 871 1524 906 neceffarias
1535 894 1545 909 ,
1556 874 1587 904 ὃ(
1600 872 1654 906 usu
1665 871 1781 908 forensi
1792 873 1963 908 admodum
1973 875 2164 916 frequentes.

1168 911 1275 945 Prima
1285 915 1394 955 regula
1404 914 1482 953 est,(i
1491 915 1632 948 secundae
1646 915 1743 949 literae
1754 917 1787 949 in
1798 919 1910 950 eodem
1921 918 2055 960 negotio
2065 919 2103 950 ab
2115 920 2168 951 ad-

1168 956 1305 991 versario
1317 957 1361 991 im
1366 968 1504 1000 petram,
1514 962 1553 991 de
1564 959 1672 1000 primis
1683 970 1749 992 non
1762 960 1882 994 faciant
1892 970 1964 993 men
1971 961 2170 1002 tionem‚pri-

1167 1009 1225 1033 mae
1236 1009 1400 1034 remanent
1411 1001 1445 1033 in
1457 1002 1511 1036 suo
1521 1004 1637 1034 robore
1651 1025 1660 1040 ‚
1680 1005 1713 1035 ὃ(
1723 1004 1865 1036 secundae
1877 1014 1942 1036 non
1954 1006 2076 1037 valent.
2087 1005 2167 1037 Haec

1167 1043 1277 1083 regula
1287 1045 1418 1078 liabetur
1428 1045 1463 1079 in
1473 1045 1574 1086 prima
1583 1056 1668 1085 parte
1677 1056 1754 1079 text.
1775 1048 1809 1079 &
1829 1047 1974 1083 validitas
1996 1048 2169 1089 primarum

1168 1085 1331 1119 literarum
1343 1089 1492 1130 probatur
1504 1089 1550 1121 ibi
1561 1100 1568 1120 ε
1582 1090 1704 1122 Priores
1713 1089 1827 1128 jndices
1837 1090 1881 1123 ad
1890 1090 2069 1136 decisionem
2078 1103 2130 1124 cau
2128 1090 2170 1132 fit

1167 1128 1323 1169 procedere
1331 1129 1444 1172 possunt
1453 1153 1463 1168 ‚
1484 1134 1516 1163 δε
1528 1132 1658 1166 nullitas
1669 1131 1874 1168 secundarum
1895 1134 1960 1169 ibi:
1983 1136 2054 1169 Nec
2067 1133 2171 1175 secun—

1168 1171 1312 1204 daeliterae
1321 1172 1590 1213 obtinentalicujus
1608 1173 1721 1211 roboris
1734 1175 1943 1219 firmitatem,
1966 1177 2068 1212 Ratio
2077 1177 2171 1220 hujus

1171 1216 1277 1257 primae
1289 1217 1492 1258 regulae‚quia
1504 1218 1524 1249 si
1536 1218 1681 1261 princeps
1691 1222 1873 1253 recordatus
1884 1220 1988 1256 fuisset
1998 1221 2172 1262 primarum

1171 1259 1335 1292 literarum
1346 1282 1359 1297 ,
1377 1261 1526 1296 secundas
1536 1261 1649 1303 utique
1661 1271 1726 1295 non
1738 1263 1934 1297 conceffiffet
1949 1287 1957 1296 .
1978 1263 2116 1306 Ideoque
2127 1264 2170 1295 se-

1171 1304 1282 1335 cundae
1294 1313 1359 1334 non
1371 1304 1478 1339 valent
1489 1315 1525 1337 ex
1535 1304 1659 1337 defectu
1671 1305 1863 1340 intentionis
1873 1329 1883 1342 ‚
1902 1315 1935 1338 ut
1944 1308 2001 1339 c.E
2003 1319 2027 1339 x
2037 1316 2135 1348 parte,
2145 1307 2172 1339 il

1176 1345 1289 1388 ninfra
1301 1345 1338 1378 de
1346 1345 1566 1388 offic.deleg.ibi
1575 1359 1586 1378 .·
1605 1350 1643 1382 Si
1652 1358 1796 1381 memores
1813 1349 1859 1390 fui
1856 1348 1965 1390 ffemus
1975 1361 2027 1381 nos
2035 1359 2087 1391 pro
2098 1359 2172 1391 prae-

1174 1389 1252 1421 ditio
1262 1390 1423 1423 NJitcras
1433 1390 1536 1423 direxi
1537 1390 1578 1432 ffe
1586 1413 1597 1427 ,
1607 1400 1659 1432 pro
1668 1391 1851 1429 adversario
1858 1393 2029 1426 nullatenus
2033 1392 2098 1433 scri
2099 1403 2118 1434 p
2114 1392 2174 1436 fis-

1167 1431 1268 1475 semus
1277 1455 1284 1463 .
1297 1432 1344 1465 Ad
1357 1433 1441 1467 idem
1451 1436 1514 1467 c.ln
1525 1432 1625 1475 nostra
1635 1432 1784 1475 infieodae.
1797 1438 1851 1468 Ex
1861 1438 1964 1474 literis
1972 1438 2010 1467 de
2020 1435 2069 1478 affl
2079 1436 2173 1476 deleg.

1172 1475 1284 1517 Qare
1295 1478 1374 1508 lianc
1388 1478 1529 1517 regulam
1541 1488 1663 1518 ponunt
1673 1477 1723 1510 hic
1736 1480 1824 1520 glots.
1837 1479 1902 1521 post
1913 1480 2018 1512 casum
2028 1501 2039 1518 ‚
2060 1481 2177 1522 J0.An-

1175 1519 1221 1552 dr}
1234 1519 1320 1551 Bald.
1330 1521 1361 1551 δέ
1374 1529 1485 1552 omnes
1497 1521 1530 1551 in
1541 1520 1661 1552 Summ.
1674 1531 1750 1557 text.

1220 1561 1357 1594 Declara
1368 1573 1476 1596 tamen
1492 1565 1573 1596 lianc
1594 1565 1728 1605 primam
1747 1566 1908 1606 regulam,
1926 1566 2102 1600 dummodo
2111 1568 2173 1609 pri·
2194 1579 2217 1610 4

1176 1616 1234 1637 mae
1247 1606 1343 1637 literae
1353 1605 1472 1639 fuerint
1484 1607 1691 1648 praesentatae‚
1712 1610 1745 1641 δε
1763 1609 1887 1642 illarum
1909 1610 2102 1644 authoritate
2112 1611 2177 1644 fue-

1175 1649 1218 1681 rit
1238 1648 1319 1681 faeta
1341 1650 1476 1687 citatio,
1497 1651 1572 1682 alias
1593 1651 1678 1683 enim
1699 1653 1839 1685 valerent
1855 1653 2019 1690 secundae,-
2037 1665 2106 1696 quae
2116 1655 2177 1697 pri*-

1175 1692 1230 1728 mo
1254 1692 1382 1725 fuerunt
1403 1693 1591 1734 praesentatae
1609 1717 1619 1731 ,
1649 1695 1771 1727 etiamsi
1791 1696 1824 1727 in
1844 1697 1889 1729 eis
1912 1699 1951 1729 de
1971 1698 2082 1739 primis
2103 1699 2176 1731 lite—

1173 1736 1217 1769 ris
1229 1738 1316 1768 nulla
1327 1737 1450 1768 mentio
1461 1736 1541 1769 fac‘ka
1553 1737 1626 1770 effer
1637 1759 1647 1775 ‚
1657 1748 1722 1779 cap.
1733 1739 1777 1772 Ut
1788 1738 1907 1772 debitus
1918 1763 1927 1777 ,
1939 1742 1971 1772 &
1984 1741 2029 1773 ibi
2038 1750 2171 1775 notatur

1177 1780 1210 1811 in
1222 1780 1308 1821 gloss.
1319 1791 1352 1811 an
1362 1777 1615 1822 verb.Affignatae
1624 1803 1633 1818 ,
1643 1781 1728 1822 infra
1737 1781 1775 1813 de
1785 1784 1899 1824 appell.
1909 1785 2068 1825 gloff.1.&
2080 1796 2109 1817 2.
2120 1785 2173 1818 hic

1178 1823 1363 1858 Bald.n.1.&
1375 1824 1514 1864 plerique
1529 1823 1703 1856 alii.Plutes
1715 1825 1791 1857 alias
1801 1827 2034 1860 declarationes
2044 1830 2081 1861 ad
2093 1829 2176 1861 hanc

1178 1867 1319 1907 regulam
1328 1867 1399 1900 vide
1409 1866 1460 1899 hic
1469 1867 1559 1909 plene
1570 1877 1624 1910 per
1634 1867 1732 1900 Felin.
1743 1867 1763 1900 a*
1772 1880 1837 1901 n.2.
1854 1870 1934 1912 vers.
1945 1872 2068 1904 Limita
2078 1871 2178 1905 decem

1179 1912 1276 1942 modis
1287 1933 1295 1941 .

1222 1953 1275 1986 An
1294 1964 1399 1988 autem
1420 1954 1590 1989 secundum
1610 1956 1795 1998 rescriptum
1817 1968 1884 1991 non
1905 1959 2026 1992 faciens
2043 1959 2182 1994 mentio·
2201 1970 2218 2003 5

1179 2007 1253 2031 nem
1272 2000 1310 2030 de
1329 1998 1431 2038 primo
1448 1999 1619 2040 impetrato
1637 2000 1723 2041 super
1743 2004 1852 2035 eadem
1873 2003 1966 2037 causa
1987 2004 2024 2035 ab
2037 2003 2180 2037 adversa-

1179 2041 1230 2073 rio
1241 2041 1276 2073 sit
1287 2041 1351 2082 ipso
1362 2042 1428 2083 jure
1438 2044 1562 2075 nullum
1576 2065 1586 2080 ‚
1608 2054 1710 2076 necne
1720 2067 1729 2081 ‚
1752 2045 1823 2079 sunt
1831 2046 2002 2086 opiniones
2013 2070 2021 2078 .
2043 2047 2178 2080 Abb.11ic

1179 2084 1340 2123 n.5.refert
1352 2085 1512 2126 Compost.
1524 2096 1631 2120 tenere
1638 2087 1809 2121 secundum
1822 2090 1881 2122 effe
1892 2089 2031 2134 ipsojttre
2043 2092 2179 2128 nullum,

1180 2129 1213 2160 &
1224 2138 1279 2168 pro
1288 2139 1326 2163 eo
1336 2128 1417 2161 dicit
1429 2129 1547 2169 optime
1561 2129 1664 2167 facere
1674 2131 1753 2163 lianc
1768 2132 1892 2166 literam
1907 2133 1953 2166 ibi
1965 2144 1972 2165 :
1994 2133 2064 2165 Nec
2075 2132 2178 2173 fecun-

1180 2170 1221 2203 dae
1231 2172 1323 2203 litere
1339 2171 1471 2204 obtinent
1490 2174 1621 2213 alicuius
1638 2172 1752 2208 roboris
1764 2174 1951 2216 firmitatem
1963 2199 1972 2208 .
1990 2175 2074 2220 Q¹ae
2085 2178 2180 2211 verba

1180 2212 1254 2246 cum
1266 2214 1324 2247 sint
1336 2216 1493 2256 praesentis
1512 2218 1661 2258 temporis
1673 2240 1683 2254 ‚
1704 2218 1855 2253 videntur
1877 2220 2026 2254 inducere
2051 2221 2180 2254 nullita-

1180 2267 1243 2289 tem
1256 2258 1318 2297 ipso
1329 2259 1397 2300 jure
1405 2282 1414 2295 ‚
1436 2261 1472 2290 ad
1485 2260 1571 2300 gloss'.
1579 2263 1613 2292 in
1623 2260 1722 2299 reg.de
1731 2270 1809 2303 pcen.
1818 2261 1855 2294 de
1863 2264 1956 2302 regul.
1968 2264 2025 2301 iur.
2035 2261 2089 2296 lib.
2100 2267 2129 2295 6.
2140 2262 2180 2297 ὁ·

1180 2303 1213 2332 in
1216 2301 1245 2376 ἑ
1257 2304 1294 2335 In
1312 2303 1471 2334 criminali
1491 2306 1525 2335 in
1536 2301 1620 2336 verb.
1641 2302 1822 2342 Habentur,
1842 2309 1880 2338 C.
1891 2308 1927 2338 de
1935 2305 2087 2347 jurisdiH.
2100 2318 2178 2346 omn.

1179 2354 1211 2384 ju
1236 2356 1274 2377 ic.

1222 2387 1281 2420 Sed
1293 2397 1327 2420 tu
1339 2391 1465 2422 adverte
1476 2400 1488 2426 ,·
1498 2399 1572 2422 nam
1582 2389 1785 2431 compostell.
1797 2391 1931 2425 nonfuit
1944 2392 1976 2423 in
1986 2392 2043 2424 hac
2054 2391 2178 2433 opinio-

1181 2441 1219 2463 ne
1231 2453 1240 2467 ,
1261 2432 1328 2463 imo
1337 2443 1410 2464 cum
1424 2433 1616 2465 Innocentio
1629 2434 1803 2475 oppositum
1815 2435 1949 2470 censuit¹
1960 2445 1993 2466 ut
2006 2445 2078 2466 mox
2090 2435 2179 2467 dice-

1181 2484 1232 2505 tur
1243 2497 1253 2511 ,
1273 2477 1306 2507 ὃς
1318 2474 1399 2507 forte
1413 2476 1597 2508 Abb.voluit
1610 2477 1744 2517 allegare
1756 2477 1955 2510 Tancredum
1968 2499 1978 2514 ,
2002 2478 2057 2519 qui
2068 2501 2077 2515 ,
2088 2488 2123 2510 ut
2135 2489 2181 2511 re·
2226 2480 2229 2482 ’

1181 2516 1465 2550 fertHostien.l1ic
1488 2529 1568 2550 num.
1586 2528 1610 2550 1.
1630 2521 1664 2550 in
1683 2518 1767 2552 verb.
1785 2519 1922 2553 Secunde
1941 2522 2052 2558 litere,
2074 2522 2180 2554 tenuit

1183 2561 1330 2593 secundas
1341 2561 1444 2593 literas
1465 2571 1530 2592 non
1552 2560 1704 2596 facientes
1725 2564 1763 2594 de
1783 2563 1891 2603 primis
1913 2565 2110 2596 mentionem
2121 2565 2180 2597 esse

1185 2603 1249 2644 ipso
1269 2606 1335 2646 jure
1355 2604 1477 2640 nullas,
1498 2614 1603 2636 motus
1614 2615 1651 2637 ex
1663 2605 1795 2646 antiqua
1804 2607 2032 2648 compilatione
2043 2630 2053 2645 ‚
2076 2608 2109 2639 in
2120 2618 2181 2649 qua

1183 2648 1349 2680 dicebatur
1360 2669 1370 2683 ‚
1391 2646 1462 2679 Nec
1474 2646 1614 2680 secundae
1626 2648 1722 2680 literae
1736 2651 1774 2681 de
1795 2649 1862 2692 jure
1872 2651 2023 2682 obtinent
2033 2673 2042 2688 ,
2064 2652 2181 2684 &oex-

1183 2692 1319 2731 ponebnt
1329 2690 1462 2723 enimde
1485 2692 1571 2732 jure,
1594 2691 1625 2723 id
1645 2691 1685 2723 est
1703 2691 1768 2732 ipso
1786 2695 1873 2735 jure,
1893 2695 1926 2725 &
1946 2704 2019 2726 eum
2038 2693 2179 2735 sequitur

1186 2732 1236 2765 hic
1250 2735 1347 2765 Andr.
1359 2733 1504 2769 Siculus,
1526 2733 1574 2765 sed
1586 2735 1782 2767 contrariam
1799 2736 2004 2775 opinionem,
2025 2737 2057 2769 id
2078 2736 2120 2770 est
2139 2736 2182 2769 se-

1186 2779 1327 2809 cundum
1346 2776 1532 2818 rescriptum
1554 2780 1591 2808 ad
1615 2777 1685 2809 lites
1706 2788 1772 2810 non
1793 2779 1851 2810 effe
1871 2780 1996 2815 nullum
2029 2780 2095 2822 ipso
2113 2780 2182 2822 jure

1186 2819 1234 2851 sed
1256 2820 1484 2851 annullandum
1495 2829 1548 2861 per
1565 2820 1755 2853 sententiam
1764 2843 1775 2857 ‚
1799 2821 1878 2854 adeo
1888 2833 1923 2854 ut
1935 2832 1987 2866 pet
1997 2824 2059 2859 tale
2071 2823 2181 2856 rescri-

1187 2872 1276 2903 ptum
1293 2864 1385 2894 detur
1408 2861 1603 2904 jurisdie‘tm,
1623 2865 1655 2896 &
1675 2873 1781 2897 teneat
1792 2865 1947 2906 precelsus
1957 2865 2179 2909 secundi‘judi-

1187 2906 1233 2937 cis
1242 2928 1253 2942 ,
1273 2905 1295 2937 si
1313 2915 1349 2937 ex
1361 2905 1488 2938 adverso
1499 2916 1565 2939 non
1576 2907 1751 2947 excipiatur
1762 2929 1772 2944 ,
1794 2909 1899 2940 tenuit
1918 2909 2021 2945 Goffrt
2030 2910 2081 2942 hic
2090 2932 2101 2948 ,
2122 2909 2180 2951 qui

1188 2950 1224 2980 ad
1235 2948 1392 2981 motivum
1401 2948 1682 2991 Tancrsespondet
1694 2971 1704 2986 ‚
1727 2951 1820 2983 verba
1831 2951 1886 2984 illa
1904 2954 1942 2985 de
1961 2953 2029 2996 jure
2041 2963 2078 2987 ex
2091 2963 2181 2985 com·

1185 2991 1359 3031 pilatione,
1378 3002 1442 3033 qua
1459 2993 1596 3029 utimur,
1619 2992 1706 3024 fuilse
1726 2992 1846 3026 sublata
1866 2997 1902 3027 ad
1922 2996 2181 3031 confundendam

1186 3034 1270 3065 illius
1289 3033 1496 3075 opinionem,
1519 3045 1553 3067 ut
1573 3035 1667 3067 refert
1687 3035 1830 3068 Hostien.
1843 3038 2014 3080 ubisuprct.
2038 3040 2124 3072 Idem
2135 3048 2171 3069 te>

1186 3087 1321 3109 nuerant
1332 3075 1381 3108 bic
1393 3076 1562 3118 Philippus,
1574 3078 1654 3109 l’etr.
1664 3080 1702 3110 de
1713 3079 1880 3121 Sampsone
1891 3083 1983 3115 relati
1993 3083 2011 3114 ὲ
2023 3080 2182 3115 Can-dina-

1187 3119 1210 3150 li
1221 3141 1230 3155 ‚
1249 3129 1362 3160 num.3.
1374 3120 1576 3155 Innocinum.
1588 3132 1618 3152 2.
1627 3123 1660 3152 in
1670 3121 1753 3154 verb.
1765 3124 1836 3156 Nec
1838 3124 1971 3165 secunda
1980 3147 1989 3161 ,
2011 3123 2047 3157 Θ·
2057 3133 2136 3155 num.
2150 3133 2178 3162 3.

1186 3161 1378 3204 Compostell
1390 3165 1423 3194 in
1435 3160 1494 3204 fin.
1515 3167 1612 3204 princ.
1633 3176 1698 3196 ver.
1716 3168 1874 3204 Securius,
1898 3167 1936 3200 (ῤ’
1953 3166 2057 3208 iustius
2067 3188 2076 3202 ,
2097 3166 2178 3196 Abb.

1187 3205 1301 3246 Antiq.
1310 3216 1390 3237 num.
1402 3217 1430 3236 2·
1443 3206 1531 3238 Host.
1542 3206 1619 3238 ditio
1629 3218 1708 3239 num.
1724 3219 1749 3240 1.
1769 3223 1801 3241 m
1819 3211 1900 3242 verb.
1918 3208 2055 3242 Secunde
2065 3209 2160 3240 literae
2170 3230 2181 3245 ‚

1187 3248 1493 3290 Joan.Andr.num.6.
1506 3250 1590 3281 Bald.
1602 3261 1716 3286 numer.
1725 3263 1755 3292 4,
1765 3253 1945 3286 Card.num.
1958 3262 1984 3293 3.
1997 3252 2076 3283 Abb.
2085 3251 2181 3283 Sicul.

1188 3302 1269 3324 num.
1283 3305 1309 3331 ς.
1319 3290 1400 3331 vers.
1420 3292 1534 3325 Tertia
1551 3296 1669 3335 opinio,
1689 3295 1799 3329 dicens
1820 3297 1900 3329 hanc
1918 3295 2103 3335 opinionem
2124 3295 2182 3326 effe

1192 3345 1395 3367 communem
1407 3334 1470 3366 fere
1481 3337 1626 3369 omnium
1638 3336 1711 3369 DD.
1723 3341 1754 3370 ὅ(
1768 3339 1944 3370 felinmm.
1963 3347 2009 3369 xo.
2019 3337 2130 3370 dicens
2138 3338 2185 3369 ita

1193 3387 1300 3410 tenere
1311 3388 1421 3410 ornnes
1433 3377 1560 3411 DDJu‘c
1570 3390 1702 3421 excepto
1717 3383 1844 3413 Andrea
1862 3380 1989 3418 Siculo,
2011 3382 2100 3425 cujus
2119 3391 2185 3412 mo-

1194 3421 1269 3453 tivis
1280 3421 1442 3463 respondet
1453 3444 1461 3452 .
1482 3421 1542 3454 Pro
1552 3423 1608 3455 hac
1625 3423 1778 3465 opinione
1794 3423 1958 3455 inducitur
1981 3435 2005 3456 c.
2015 3427 2053 3456 Si
2064 3433 2164 3455 autem
2178 3446 2188 3460 ,
2208 3430 2226 3458 6

1189 3466 1233 3499 Θ
1242 3473 1308 3506 cap.
1319 3466 1496 3505 Plerumque
1504 3487 1513 3504 2
1525 3466 1608 3511 infra'
1616 3465 1678 3500 eod.
1691 3466 1724 3499 in
1734 3467 1847 3509 quibus
1857 3475 1941 3508 patet
1952 3466 2128 3513 secundum*
2137 3476 2184 3498 re-

2073 3514 2145 3542 leri·
