2397 3664
572 64 591 109 .·
646 105 650 110 ,
703 50 1460 129 .ωθ«ὲῑειῑ.·8εῇει31ὶτ.οζὶἓειω
1496 46 1598 110 tes
1638 89 1641 92 -
1752 82 1758 96 =
1790 83 1807 97 ι

1194 187 1203 190 -
1215 152 1253 190 36
1274 149 1451 191 Appellans
1461 149 1480 178 a?
1490 145 1696 187 reprobatione
1715 143 1978 178 Examinatoruin
1989 164 2000 179 ,
2021 143 2060 175 &⁰
2075 145 2097 176 a'
2111 145 2198 177 mala
2216 137 2221 140 ’

149 185 154 188 .
200 162 220 192 6
240 161 270 192 E
271 159 349 202 pisto
350 159 405 202 pus
415 158 451 193 de
460 158 524 198 iure
529 161 676 193 communi
680 158 796 202 fundat
804 159 999 190 intentionem
1001 153 1092 195 super
1101 151 1159 184 col-

286 205 400 235 latione
410 206 543 236 omni-'um'
551 201 759 244 beneficiorum
765 201 822 242 suae
833 200 969 243 dioecefis
979 222 986 230 .

203 255 222 284 7
243 247 397 289 Institutio
407 247 558 280 collativa
566 243 659 287 potest
666 254 831 286 competere
840 243 983 286 inferiori
995 251 1034 272 ex
1044 236 1160 280 consue-

289 290 410 322 tudine.
597 295 600 298 ’

203 335 222 366 8
244 333 412 375 Episcopus
419 335 513 364 etiam
521 330 733 371 dispensative
741 342 797 362 non
806 328 897 371 potest
906 326 1053 370 preficere
1062 330 1158 359 Paro-

285 376 383 410 chiali
403 378 431 408 E
433 375 541 416 celest-e
550 386 606 405 non
617 373 756 406 idoneum
765 382 851 405 atate
859 396 870 410 ‚
881 369 1013 404 moribus
1024 393 1033 407 ,
1045 370 1097 402 vel
1108 367 1158 400 do-

289 420 390 452 {trina
401 442 409 450 .

204 474 223 500 9
244 466 269 495 S
270 464 386 495 cientia
395 465 428 492 i'n
436 458 635 501 promovendo
644 458 688 491 ad
706 458 881 502 beneficium
899 467 1036 491 curatum
1055 468 1097 488 an
1111 455 1159 499 stt

290 503 419 537 moribus
430 501 612 546 praeftrcnda
624 526 631 533 .
772 520 775 523 ,
923 501 925 503 ¹
1074 519 1076 521 ·

183 559 221 581 10
241 548 391 582 Doctrina
404 546 560 588 sufficiens
569 549 732 584 requiritur
743 544 779 577 de
781 543 956 586 fiebstantia
965 546 999 575 in
1012 540 1134 583 Pastore
1145 552 1157 577 ‚·

279 590 515 631 fiinffi'tasvero
525 599 682 627 tamquam
691 588 824 622 conditio
828 589 895 631 fine
913 597 970 625 qua
980 598 1038 618 non
1045 608 1058 618 .

182 644 194 666 1
203 644 215 666 1
239 634 387 666 Praelatus
397 631 550 671 eligendus
559 631 600 673 est
606 634 712 664 melior
719 644 776 664 non
779 632 841 674 firr
843 632 966 673 pliciter
974 652 983 667 ,
999 628 1057 671 sed
1066 625 1162 666 quoad

289 679 421 715 regimen
430 676 566 718 Ecclefiae
579 698 589 711 ‚
611 675 648 708 Θ·
658 688 686 706 n.
707 688 723 707 2
731 687 759 707 2.

187 730 222 751 12
244 719 370 751 Idoneus
380 721 479 758 magis
494 718 538 750 ad
543 719 675 761 officium
691 720 849 757 regiminis
860 719 973 756 aliquis
984 715 1039 758 effe
1048 713 1140 756 potest
1151 735 1161 751 ‚

295 765 344 801 qui·
355 772 459 794 tamen
469 773 526 794 non
534 763 660 794 excellit
667 761 965 802 gratiasanc‘titatis
976 783 983 791 .

187 816 198 837 1
208 816 222 847 3
246 807 396 839 Pralatus
406 803 498 846 potest
508 804 631 838 verbum
639 807 704 838 Dei
711 805 875 846 predicare
883 827 893 841 ‚
912 804 950 836 (ῥ’
959 806 1162 836 Sacramenta

286 848 506 891 administrare
514 871 525 886 ‚
544 852 639 880 etiam
644 849 712 892 sirie
720 848 878 880 charitate
888 859 899 884 ;
910 859 969 879 non
978 845 1114 887 autemst
1123 844 1164 886 fit

296 891 415 934 prorsus
425 894 595 925 illiteratus
603 915 610 923 .

169 952 172 954 v
185 946 197 968 1
204 946 225 976 4
244 934 568 979 Qalitatesscientiae
576 958 586 972 ‚
605 934 643 967 6*
652 945 767 966 morum
773 937 805 966 in
815 932 942 973 Fallere
953 934 1044 964 vario
1053 929 1161 962 ordine

291 978 479 1019 recensentur
488 978 615 1018 a'sacris
625 981 653 1010 C
653 976 799 1010 anonibus
808 1000 818 1014 ‚
838 976 876 1010 &-
894 977 1043 1009 Conciliis
1051 998 1060 1006 .

183 1033 194 1054 1
203 1032 217 1062 5
242 1025 272 1055 E
273 1025 484 1054 xaminatores
493 1022 554 1064 nist
560 1021 720 1053 retulerint
727 1030 930 1053 concurrentes
941 1018 1060 1050 idoneos
1069 1015 1164 1056 quoad

282 1076 392 1097 vomues
403 1066 570 1102 qualitates
579 1087 588 1101 ,
611 1064 762 1106 concurſszs
772 1063 812 1105 est
831 1064 931 1095 nullus
941 1085 948 1093 .

182 1113 218 1141 16
239 1112 264 1141 S
265 1109 471 1150 uffieittamen
480 1130 491 1144 ,
507 1108 538 1150 fi
551 1110 726 1138 renuntient
738 1107 924 1150 simpliciter
943 1106 1077 1143 aliquem
1095 1106 1107 1135 i
1111 1102 1162 1135 do-

292 1155 378 1183 neum
389 1173 400 1188 ‚
420 1151 472 1184 vel
481 1162 540 1183 non
551 1149 689 1183 idoneum
700 1174 710 1188 ,
729 1148 927 1191 approbatum
937 1171 947 1186 ,
967 1149 1018 1180 vel
1026 1147 1166 1189 reproba-

296 1204 358 1225 tum
370 1217 378 1225 .
846 1211 851 1215 ·

184 1247 222 1277 17
244 1240 491 1270 Examinatores
509 1239 542 1268 in
560 1246 697 1277 concursu
708 1235 938 1268 Parochialium
960 1236 989 1266 E
991 1235 1166 1276 cclefiarum

290 1293 331 1313 an
342 1280 469 1312 debeant
479 1290 552 1312 vota
557 1279 616 1320 sua
627 1280 730 1320 pala'm
741 1280 815 1311 dare
825 1302 834 1310 .

183 1328 219 1358 18
241 1327 278 1357 In
288 1324 424 1364 concursu
439 1323 631 1356 Parochialis
638 1320 775 1364 preferri
799 1322 885 1355 debet
893 1325 922 1354 is
932 1345 942 1359 ‚
965 1322 1046 1359 cuius
1070 1333 1166 1353 mores

289 1366 407 1408 probati
412 1367 486 1407 sunt
497 1390 506 1404 ,
516 1366 642 1398 doisti'ori
651 1389 662 1403 ,
671 1366 752 1405 cujus
762 1369 834 1398 vita
844 1368 1013 1406 ignoratur,
1024 1364 1062 1397 ὦ*
1071 1366 1163 1397 multo

291 1410 594 1453 magisfipravafit
605 1433 613 1440 .

187 1465 224 1493 19
246 1456 274 1487 C
275 1455 413 1497 riminosi'
442 1465 499 1486 non
527 1451 719 1495 prohibentur
729 1452 857 1484 admitti
886 1452 931 1485 ad
959 1451 1127 1492 coneurfhm
1157 1474 1167 1488 ,

297 1499 366 1531 cum
389 1498 433 1542 fit
460 1499 495 1529 in
521 1496 679 1540 facultate
710 1495 879 1529 Ordinarii
908 1508 954 1528 eos
982 1507 1038 1528 non
1060 1507 1079 1527 a
1082 1506 1100 1536 p
1102 1504 1168 1536 pro-

293 1541 368 1574 bare
381 1564 390 1573 .

186 1596 226 1617 20
249 1584 416 1628 Episcopus
425 1588 458 1616 in
477 1583 612 1626 concursu
634 1583 829 1617 Parochialis
849 1597 889 1616 an
900 1592 1038 1616 teneatur
1049 1585 1167 1617 omnino

291 1630 377 1670 praeel
379 1631 458 1668 igere
467 1628 644 1668 digniorem,
654 1632 701 1660 ita
713 1638 745 1659 ut
756 1630 838 1660 alia's
847 1630 942 1661 liceat
951 1627 1105 1671 postposito
1115 1640 1134 1660 a
1136 1638 1168 1671 p·

294 1673 409 1713 pellare
419 1694 429 1708 ,
449 1669 487 1704 ό·
498 1684 525 1702 n.
542 1670 622 1711 seqq.
635 1671 695 1712 usq.
707 1671 750 1703 ad
758 1684 786 1704 n.
798 1684 848 1713 40.

250 1714 341 1758 Quid
350 1715 459 1753 dejure
469 1719 615 1746 commum·
628 1738 637 1751 ,
646 1727 675 1747 n.
689 1728 703 1747 ι
714 1726 738 1747 1.

253 1758 344 1803 Quid
354 1770 394 1790 ex
404 1761 493 1790 Conc.
507 1758 601 1790 Trid.
611 1771 641 1790 n.
656 1770 706 1798 24.

254 1804 301 1833 Εἰ
310 1801 381 1840 quid
391 1800 453 1842 post
463 1802 589 1834 Bullam
599 1806 632 1834 S.
646 1805 698 1836 Pii
710 1805 744 1833 V.
755 1814 784 1834 n.
797 1813 846 1841 27.

189 1857 206 1878 2
214 1855 227 1877 1
250 1847 372 1884 Dignus
382 1846 493 1883 eligens
511 1844 676 1887 posthabito
694 1845 827 1886 digniori
843 1855 946 1888 peccat
962 1854 1066 1877 contra
1084 1845 1169 1888 justi-

298 1899 377 1919 tiam
388 1887 621 1928 distributivam
632 1913 640 1920 .

188 1941 228 1972 23
254 1932 371 1963 Elcc‘tio
380 1933 417 1976 de
428 1931 517 1969 digno
526 1930 693 1972 posthabito
706 1932 839 1971 digniori
849 1932 910 1974 post
920 1930 1167 1974 faflumfiistine-

298 1984 347 2005 tur
357 1973 462 2011 dejure
472 1977 618 2006 communi
629 1998 637 2005 .

197 2029 236 2056 24
257 2017 451 2058 Praesuniitur
462 2018 630 2049 Ordinarii
639 2017 751 2056 judicio
762 2042 769 2049 .

193 2071 232 2100 25
257 2063 302 2094 Et
315 2060 355 2092 ad
367 2061 677 2093 irrationabilitatem
688 2062 855 2093 Ordinarii
873 2059 1094 2094 excludendam
1103 2061 1170 2104 sus-

298 2104 373 2147 ficit
384 2127 394 2140 ,
415 2113 447 2135 ut
456 2105 560 2145 poffint
570 2107 602 2136 in
610 2105 698 2136 electo
708 2116 879 2137 concurrere
898 2105 1027 2144 majores
1038 2107 1170 2143 qualita-

308 2158 353 2179 tes
363 2171 372 2178 .

187 2195 228 2222 26
251 2191 436 2232 Appellatio
445 2189 579 2222 devoluti
585 2201 625 2222 va
634 2193 666 2222 in
677 2193 744 2222 vim
760 2195 851 2224 Cone.
863 2190 958 2223 Trid.
977 2194 1070 2223 datur
1081 2191 1100 2223 a*
1124 2202 1171 2222 re-

296 2231 470 2275 probatione
480 2236 506 2265 E
510 2237 741 2265 xaminattrrum
751 2257 760 2271 ,
777 2233 834 2275 sed
843 2246 900 2266 non
909 2234 948 2267 ab
958 2235 1169 2267 irrationabili

299 2275 411 2315 judicio
423 2275 567 2317 Episcopi
579 2301 586 2308 .

189 2328 231 2357 27
253 2321 426 2362 Appellare
435 2319 527 2361 potest
535 2323 635 2358 magis
645 2319 766 2352 idoneus
774 2319 945 2364 postpositus
955 2321 975 2353 a'
994 2323 1078 2352 mala
1096 2323 1124 2352 E
1126 2323 1171 2361 pi-

291 2362 376 2404 scopi
395 2363 532 2395 elefflone
542 2386 552 2400 ‚
571 2364 609 2395 (ῤ’
619 2373 781 2404 provocare
799 2365 980 2404 praeelcffum
1002 2364 1042 2396 ad
1061 2375 1170 2396 novum

298 2417 446 2442 examen,
465 2418 504 2438 ex
515 2406 733 2447 Constitutione
750 2410 784 2439 S.
809 2410 860 2439 Pii
871 2410 906 2439 W

193 2450 234 2480 28
255 2451 280 2480 S
281 2449 318 2479 ed
326 2451 336 2478 i
339 2452 450 2479 nterim
459 2452 594 2482 executio
603 2461 659 2481 non
664 2449 860 2490 suspenditur
870 2474 878 2482 .

191 2502 208 2522 2
213 2501 232 2528 9
253 2489 437 2524 Concursus
449 2513 459 2528 ‚
467 2491 576 2534 Judex
585 2493 801 2532 appellationis
809 2505 850 2524 ex·
860 2495 956 2527 Bulla
974 2497 1009 2526 S.
1021 2496 1074 2527 Pii
1084 2496 1119 2526 V.
1130 2505 1170 2525 an

300 2534 388 2578 possit
404 2546 510 2566 vocare
527 2536 707 2575 praeeletlum
724 2536 767 2567 ad
783 2548 892 2568 novum
912 2548 1042 2569 examen
1050 2560 1059 2573 ,
1082 2547 1168 2568 ante-

300 2588 389 2616 quam
397 2577 522 2617 reiec'lus
540 2577 644 2610 doceat
662 2587 713 2618 per
732 2581 801 2610 alia
818 2578 993 2611 documenta
1001 2581 1038 2611 de
1046 2583 1171 2612 irratio-

299 2620 400 2654 nabili
412 2620 521 2654 iudicio
533 2620 674 2661 Episcopi
684 2644 694 2657 ,
715 2619 875 2661 &mseqffi
887 2622 947 2663 usq.
960 2622 1054 2665 infin.

194 2673 233 2705 30
252 2665 435 2707 Appellatio
444 2664 464 2696 a'
472 2665 556 2695 mala
570 2663 712 2705 Episcopi
721 2664 860 2696 electione
869 2677 908 2697 ex
921 2665 1077 2705 sententia
1091 2669 1168 2699 Rota

298 2719 348 2740 ita
358 2710 476 2739 demum
486 2706 654 2739 conceditur
664 2730 674 2743 ,
690 2707 722 2750 st
734 2707 899 2748 Episcopus
908 2710 1009 2741 dolose
1018 2732 1028 2746 ,
1040 2711 1078 2742 CT
1087 2713 1170 2741 irra-

298 2750 380 2783 nabit
386 2753 445 2782 iter
452 2753 555 2789 judica
562 2754 625 2782 veri
630 2762 641 2782 t
654 2774 660 2782 .
1160 2763 1162 2765 ·

256 2797 302 2828 Et
320 2794 584 2826 irrationabilitas
593 2817 603 2831 ‚
625 2793 661 2827 cb*
678 2792 762 2825 dolus
781 2794 895 2832 liquido
904 2792 1028 2835 probari
1039 2794 1145 2828 debent
1153 2819 1161 2834 ‚

298 2836 411 2871 ibidem
421 2862 430 2870 .

255 2884 452 2915 Contrarium
462 2893 502 2912 ex·
505 2880 638 2921 sementi
641 2892 660 2912 a
670 2883 822 2919 Congrega
827 2883 899 2912 tion.
909 2883 1002 2913 Conci
1004 2881 1042 2912 lii
1051 2903 1061 2917 ,
1073 2893 1103 2913 n.
1119 2891 1132 2924 3
1142 2893 1153 2914 1
1161 2906 1168 2914 .

303 2925 386 2965 usque
396 2924 437 2956 ad
447 2937 475 2956 n.
488 2936 539 2964 40.

196 2974 231 3006 31
258 2969 350 2999 Bulla
371 2971 404 3000 S.
420 2971 471 3000 Pii
482 2970 516 3000 V.
528 2966 565 3007 su
567 2977 620 3008 per
639 2967 798 2999 collatione
818 2966 1046 2999 Parochialc'um
1066 2969 1169 3000 Eccle—

295 3011 414 3052 si'arum
423 3010 603 3052 expenditur
612 3034 622 3048 ,
640 3010 678 3043 Θ
687 3008 803 3049 n.seqq.
816 3009 876 3049 usq.
888 3009 930 3041 ad
940 3022 970 3041 n.
986 3014 1036 3050 36.

195 3060 233 3092 32
255 3054 399 3084 Examen
418 3056 497 3085 inter
499 3054 606 3092 jec‘lum
614 3077 623 3090 ‚
653 3052 689 3086 (ῥ’
708 3053 889 3094 praelectum
907 3056 940 3084 in
959 3051 1096 3093 concursu
1116 3065 1166 3086 co-

301 3096 490 3138 ramJtidice
507 3099 725 3138 appellationis
736 3095 804 3135 fieri
814 3095 898 3131 debet
914 3108 971 3128 non
984 3094 1086 3136 fitlitm
1096 3106 1166 3135 quo·

302 3138 344 3170 ad
346 3138 510 3179 fi‘ientiam
520 3163 530 3177 ‚
544 3140 601 3182 sed
617 3150 712 3172 etiam
724 3137 818 3178 quoad
828 3139 911 3172 alia's
922 3140 1088 3178 qualitates
1096 3163 1106 3177 ‚
1131 3140 1168 3172 (θ’

304 3193 385 3213 num.
398 3193 446 3222 42.

208 3235 244 3266 33
269 3224 491 3257 promovendus
528 3227 565 3257 de
591 3228 656 3266 jure
687 3229 834 3258 communi
875 3223 1101 3257 examinandus
1129 3225 1170 3267 est

302 3269 401 3306 quoad
407 3266 573 3300 don-sinam
582 3293 591 3307 ,
612 3268 719 3302 deinde
725 3269 819 3308 quoad
830 3270 912 3302 alias
920 3270 1088 3308 qualitates
1100 3291 1110 3306 ,
1131 3268 1168 3302 δ’

305 3322 384 3342 num.
397 3322 446 3349 49.

196 3365 234 3396 34
257 3355 348 3387 Bulla
359 3357 392 3385 5.
405 3356 457 3385 Pii
467 3357 502 3385 V.
521 3359 629 3397 recipit
638 3358 921 3397 interpretationem
931 3355 1082 3396 paffivam
1092 3355 1113 3387 a'
1121 3356 1167 3395 ju-

306 3410 338 3428 re
347 3408 490 3428 communi
502 3421 510 3427 .

201 3451 236 3483 35
260 3442 433 3481 Appell.ms
445 3440 529 3472 debet
541 3439 662 3472 cosmam
682 3443 776 3473 tals-“n
796 3451 942 3482 exponere
952 3464 961 3479 ,
981 3451 1038 3481 quae
1049 3440 1167 3486 si'foret

304 3483 429 3524 probata
442 3507 450 3519 ‚
472 3483 587 3515 deberet
596 3485 730 3523 legitime
738 3484 815 3523 judu
823 3487 872 3516 ari
882 3508 890 3516 .

261 3526 366 3568 Prosf·
387 3529 524 3568 Fagnan.
543 3529 577 3560 in
594 3529 620 3560 Ι.
641 3527 714 3561 Lib.
730 3529 892 3571 Decreml.

2033 66 2131 119 ‘4021

1304 190 1464 233 AEpiftopi‘
1474 189 1622 226 elefflione,
1632 186 1725 230 potest
1733 197 1895 233 provocare
1903 186 2086 228 praelectum
2094 186 2139 219 ad
2146 198 2197 219 no-

1320 245 1394 266 vum
1403 244 1536 265 examen
1548 256 1556 264 .
2137 240 2142 244 *

1217 287 1255 321 37
1275 275 1442 317 Concursus
1449 277 1547 317 plures
1559 278 1591 307 in
1600 274 1679 309 Urbe
1689 273 1788 307 habiti
1799 285 1839 306 ex
1848 272 1964 306 decreto
1971 276 2006 306 S.
2015 275 2200 312 Cong.C0nc.

1322 323 1404 352 inter
1414 320 1620 360 appellantem
1630 340 1640 355 ‚
1664 316 1701 350 ά*
1711 317 1892 359 preelectum
1903 340 1912 348 .
2045 333 2047 336 ⁴

1219 367 1256 406 38
1281 364 1385 395 Elem
1396 363 1568 394 decretante
1577 372 1688 393 novum
1699 372 1827 392 examen
1831 360 1934 402 subire
1944 358 2030 399 infra
2041 358 2199 402 prefixum

1321 409 1482 437 terminum
1493 427 1502 441 ‚
1523 403 1639 443 jubetur
1658 405 1817 445 appellans
1834 414 1936 436 coram
1963 402 2062 437 Urbis·
2074 405 2198 437 Vi'eario

1323 459 1502 480 examinari
1518 471 1526 479 .
1712 465 1714 467 ·
2113 456 2115 458 ’

1200 507 1203 508 ’
1216 503 1254 535 39
1275 490 1442 532 Concursus
1452 502 1546 522 novus
1556 501 1596 521 ex
1602 488 1685 535 stylo
1694 492 1942 529 Congregationis
1951 489 2085 523 Concilii
2096 492 2131 521 ἐπ’
2139 489 2197 523 Ur-

1320 534 1353 567 be
1363 533 1532 575 instituitur
1543 556 1552 570 ‚
1573 532 1622 565 ubi
1630 534 1789 573 appellans
1809 532 1845 564 de
1855 531 2065 565 irrationabili
2087 533 2196 566 iudicio

1324 580 1354 610 E
1357 578 1469 618 piscopi
1480 575 1600 608 dederit
1606 575 1724 618 fumum
1736 601 1743 607 .

1215 633 1255 662 40
1279 621 1424 663 Episcopi
1446 620 1591 660 judicium
1601 623 1634 650 in
1646 618 1844 660 praelet‘lione
1859 621 1946 651 unius
1967 631 2008 651 ex
2021 623 2196 652 concurren-

1325 665 1405 697 tibus
1429 663 1470 695 ad
1491 662 1703 696 Parochialem
1724 661 1893 705 Ecclesiam
1911 674 1950 693 ex
1969 661 2072 700 quibus
2092 662 2197 704 depre-

1317 704 1562 794 leiendaturfhi-,fi
1576 705 1790 738 irrationabile
1800 727 1810 742 ‚
1831 702 1870 736 ὠ·
1877 715 1989 737 numer.
2001 717 2054 746 42.
2069 705 2197 746 usquein

1348 761 1413 783 nem
1427 774 1435 782 .

1216 804 1255 835 41
1281 793 1385 835 Causa
1397 793 1624 836 [appellationis
1645 794 1666 824 α’
1684 793 1769 823 mala
1791 788 1934 831 Episcopi
1954 791 2093 823 eleHione
2112 790 2198 832 prius

1326 841 1404 871 Rota
1415 835 1566 876 commissa
1578 839 1611 868 in
1618 838 1713 867 tertia
1732 833 1882 877 instantia
1900 836 2074 867 remittitur
2085 834 2104 866 a'
2114 838 2199 866 San-

1324 881 1447 922 &iffimo
1456 878 1497 911 ad
1508 883 1535 912 C
1536 891 1616 918 ongr.
1627 882 1654 912 C
1655 880 1762 911 oncilii
1775 901 1783 909 .

1217 934 1257 964 42
1278 926 1528 956 Concurrentium
1538 924 1707 961 qualitates
1710 921 1785 963 sunt
1796 923 1933 953 invicem
1943 919 2124 962 conferenda
2134 943 2145 958 ‚
2167 930 2200 952 ut

1326 969 1440 1005 liqueat
1450 989 1460 1003 ,
1481 976 1546 998 uter
1556 977 1652 998 eorum
1658 967 1703 1009 fit
1714 966 1815 1004 magis
1826 964 1946 996 idoneos
1956 989 1964 996 .

1218 1021 1256 1052 43
1279 1009 1443 1086 CanoZista
1453 1013 1485 1041 in
1496 1011 1569 1042 locis
1580 1008 1616 1041 de
1627 1009 1726 1052 h-erest
1733 1020 1791 1040 non
1798 1006 1945 1048 suspefflis
1955 1007 2153 1049 praeferendus
2162 1006 2204 1050 est

1329 1055 1362 1086 T
1384 1056 1478 1092 eologo
1488 1077 1495 1084 .
2063 1052 2068 1058 ”

1219 1109 1263 1138 44
1285 1097 1411 1129 Nobilis
1420 1099 1530 1129 caetcris
1540 1095 1663 1136 paribus
1671 1093 1797 1133 ignobili
1807 1092 1848 1135 est
1857 1093 2054 1138 praeferendus
2064 1118 2072 1126 .

1218 1152 1256 1182 45
1281 1144 1307 1173 F
1311 1143 1406 1172 uroris
1416 1141 1551 1178 qualitas
1562 1150 1601 1170 ex
1613 1136 1716 1177 quibus
1725 1137 1864 1179 probetur
1873 1161 1881 1169 .

1218 1190 1259 1225 46
1281 1187 1377 1216 Furor
1387 1183 1530 1225 probatur
1542 1192 1596 1223 per
1605 1180 1691 1222 testes
1695 1182 1832 1224 fingular
1838 1193 1868 1212 es
1880 1204 1888 1212 .

1219 1239 1262 1270 47
1284 1230 1310 1261 F
1312 1227 1425 1268 uriosus
1442 1226 1564 1268 etiamst
1579 1227 1740 1268 refipuerit
1751 1247 1759 1261 ,
1778 1225 1949 1265 promoveri
1968 1235 2024 1257 non
2043 1221 2134 1265 potest
2151 1221 2203 1256 a'b-

1322 1270 1396 1311 fi1ue
1404 1268 1626 1310 dispensatione
1636 1270 1672 1300 A
1673 1266 1814 1308 postolica
1825 1291 1833 1301 .

1219 1319 1260 1357 48
1282 1313 1423 1357 Affectus
1433 1312 1624 1345 inordinatus
1636 1310 1779 1351 Episcopi
1790 1313 1823 1342 in
1833 1310 2029 1351 praelectione
2039 1312 2140 1342 mimis
2151 1309 2203 1342 ido

1327 1360 1377 1389 nei
1387 1369 1425 1388 ex
1438 1354 1541 1394 quibus
1551 1357 1696 1388 eliciatur
1706 1378 1713 1385 .

1223 1414 1262 1444 49
1282 1405 1307 1435 S
1309 1404 1336 1434 ci
1339 1404 1421 1432 cmiae
1452 1399 1581 1440 defessus
1611 1396 1786 1430 evidenti-'iis
1805 1419 1815 1433 ‚
1844 1395 1977 1436 faciliits
1999 1420 2008 1432 ,
2038 1395 2075 1428 (ῥ’
2103 1407 2200 1437 prom-

1325 1444 1416 1529 ptius
1422 1443 1543 1485 probari
1554 1441 1646 1484 potest
1655 1451 1709 1484 per
1722 1451 1871 1478 ‹ea-amen,
1892 1440 1980 1485 quam
2000 1437 2130 1481 defems
2139 1450 2205 1481 pcr-

1346 1499 1402 1520 onae
1412 1510 1419 1518 .

1268 1579 1384 1612 Amte.
1405 1578 1453 1611 Ad
1464 1577 1634 1612 Ecclefiam
1645 1585 1789 1609 curatam
1801 1573 1922 1607 institui
1935 1584 2003 1606 non
2013 1572 2105 1605 debet
2118 1572 2198 1605 indi-

1204 1589 1254 1659 Ε
1275 1633 1356 1664 gnus
1365 1623 1498 1656 scientia
1507 1645 1517 1659 ‚
1537 1621 1693 1657 moribus,
1712 1620 1760 1651 vel
1771 1629 1862 1651 aetate
1872 1642 1880 1650 .
1902 1618 1939 1650 Et
1949 1618 2004 1657 qui
2017 1618 2109 1648 habet
2125 1619 2204 1648 duas

1203 1666 1357 1699 Ecclefias
1368 1689 1377 1703 ‚
1389 1668 1520 1698 alteram
1532 1665 1694 1697 dimittere
1705 1664 1854 1703 cogitur,
1867 1662 1925 1694 nisi
1938 1660 1995 1692 fint
2008 1670 2117 1692 tenues
2129 1683 2137 1696 ‚
2150 1661 2198 1691 vel

1203 1722 1267 1742 una
1276 1712 1450 1749 dependeat
1463 1711 1500 1741 ab
1512 1709 1573 1740 alia
1585 1731 1592 1738 .
1614 1708 1685 1739 Hoc
1697 1706 1779 1739 dicit
1790 1729 1798 1738 .
1809 1704 2001 1739 Communis
2011 1703 2124 1737 divino
2135 1727 2142 1734 .
2154 1702 2207 1735 Se-

1203 1756 1308 1786 cunda
1320 1753 1364 1785 ibi
1381 1776 1390 1790 ‚
1409 1752 1473 1785 Sed
1482 1755 1514 1783 in
1525 1754 1640 1793 plures.

1247 1795 1445 1837 Notaprimb
1458 1796 1515 1832 ibi,
1524 1797 1589 1827 Tui
1602 1793 1810 1835 Episcopatus:
1822 1803 1880 1826 nec
1892 1803 1959 1825 non
1971 1791 2027 1828 ibi,
2038 1789 2182 1833 Instituas
2194 1801 2208 1828 ‚-

1206 1841 1325 1883 dejure
1337 1839 1502 1871 communi
1528 1838 1761 1871 institutionem
1782 1836 2010 1869 beneficiorum
2019 1837 2057 1868 ad
2077 1835 2205 1875 Episco-

1204 1895 1277 1925 pum
1288 1884 1461 1925 ρει-τίπτε,
1481 1894 1505 1914 c.
1524 1879 1831 1924 3.infra'demstitut.
1853 1880 1942 1912 Host.
1962 1877 2034 1915 hic,
2052 1879 2084 1910 &
2104 1877 2201 1911 Catd.

1205 1929 1298 1959 ambo
1309 1930 1340 1958 in
1351 1930 1445 1967 princ.
1457 1925 1584 1958 &idem
1596 1923 1729 1957 Cardin.
1755 1924 1788 1955 in
1797 1922 1944 1956 Clemen.
1956 1924 2043 1953 unica
2055 1944 2066 1958 ,
2086 1933 2134 1953 nu.
2159 1931 2170 1953 1
2180 1932 2206 1953 1.

1205 1971 1241 2002 de
1245 1969 1383 2011 suppleri.
1395 1971 1502 2009 neglig.
1524 1969 1646 2002 Praelat.
1664 1966 1821 2008 Loquitur
1833 1976 1940 1998 tamen
1961 1965 2023 1997 haec
2035 1965 2204 1997 decretalis

1204 2016 1242 2046 de
1251 2013 1414 2045 beneficiis
1425 2023 1535 2044 curam
1548 2012 1725 2043 animarum
1738 2010 1925 2042 habentibus
1937 2031 1947 2045 ,
1967 2010 1998 2041 ὃ(
2010 2008 2048 2039 fic
2070 2010 2108 2040 de
2120 2008 2205 2039 insti-

1208 2058 1334 2089 tutione
1352 2055 1580 2088 autlroriz-xbisi
1591 2077 1601 2091 ‚
1633 2064 1701 2095 qur
1725 2064 1789 2085 non
1810 2052 1966 2093 competit
1993 2051 2199 2084 inferioribus

1206 2100 1451 2132 Praelatisetiam
1461 2110 1497 2131 ex
1509 2097 1736 2130 consuetudine
1749 2119 1758 2133 ‚
1779 2098 1826 2128 vel
1839 2095 2073 2136 praescriptione
2086 2118 2095 2131 ,
2115 2105 2150 2127 ut
2161 2095 2203 2126 est

2229 1801 2244 1810 a

2229 1813 2246 1822 ..ι

2228 2017 2243 2048 3

1206 2144 1292 2175 casus
1301 2146 1334 2174 in
1344 2155 1368 2175 c.
1380 2141 1549 2183 Cumsatis
1559 2163 1568 2177 ‚
1579 2139 1664 2182 infra*
1675 2142 1711 2171 de
1722 2140 1797 2181 offic.
1810 2138 1996 2171 Archidiac.
2010 2138 2067 2170 nifi
2081 2138 2200 2180 jurisdi-
2220 2148 2242 2177 4

1205 2186 1345 2219 <itionem
1356 2188 1491 2218 habeant
1502 2185 1588 2225 quast
1603 2183 1817 2225 Episcopalem
1831 2183 1863 2214 in
1883 2182 2015 2214 Clerum
2026 2205 2035 2218 ‚
2057 2183 2089 2214 δέ
2111 2192 2206 2222 popu-

1207 2231 1270 2261 lum
1282 2229 1436 2270 privative
1450 2231 1486 2260 ad
1501 2228 1683 2269 Episcopum
1694 2249 1704 2263 ‚
1724 2226 1893 2258 secundum
1904 2237 1940 2258 ea
1951 2236 2039 2267 ,qum
2051 2235 2206 2257 notantur

1206 2274 1239 2305 in
1249 2274 1346 2305 Clem.
1361 2283 1386 2304 1.
1399 2275 1427 2310 §.
1436 2273 1577 2303 Volumus
1588 2294 1597 2307 ,
1610 2272 1643 2302 in
1653 2271 1696 2310 gs.
1707 2272 1739 2301 in
1754 2281 1815 2302 ver.
1829 2268 2019 2309 Dioecefizms
2030 2291 2039 2305 ,
2050 2270 2082 2300 ὃ(
2096 2269 2137 2300 ibi
2149 2278 2203 2308 pet*

1205 2316 1337 2349 cardin.
1348 2319 1380 2348 in
1392 2327 1421 2356 4.
1432 2313 1525 2356 quast.
1535 2325 1614 2346 num.
1630 2314 1769 2345 2.1mosa
1778 2323 1857 2345 num.
1873 2316 1921 2354 38.
1933 2312 2066 2344 Vitalin.
2079 2322 2158 2343 num.
2170 2322 2200 2350 4.

1205 2362 1237 2392 ὃς
1249 2361 1328 2392 Abb.
1341 2371 1420 2391 num.
1438 2369 1484 2397 15.
1495 2358 1602 2399 defore
1612 2366 1772 2396 competen.
1782 2358 1815 2388 ὃς
1827 2366 1863 2387 ex
1875 2355 2029 2387 sententia
2040 2355 2098 2386 sac.
2109 2354 2196 2386 Con-

1205 2403 1402 2444 gregationis
1413 2401 1558 2434 Concilii
1570 2400 1670 2440 scripsi
1680 2403 1712 2430 in
1722 2408 1787 2439 cap.
1798 2398 1878 2437 Cum
1889 2401 2048 2437 contingat
2058 2420 2066 2433 ,
2088 2409 2135 2428 nn.
2151 2407 2165 2437 3
2175 2409 2200 2430 r.

1208 2456 1257 2488 37.
1269 2445 1393 2485 (φήῃ.
1402 2445 1489 2487 infra‘
1500 2442 1739 2485 desorocompet.
1752 2443 1794 2474 At
1806 2443 1890 2473 secus
1901 2441 1941 2472 cst
1954 2442 1987 2472 in
2001 2451 2062 2472 con
2069 2441 2202 2472 stitutio-
2223 2448 2240 2480 5

1205 2501 1245 2522 ne
1256 2489 1414 2530 corporali
1428 2512 1435 2524 ,
1446 2488 1497 2519 seu
1508 2486 1722 2519 installatione
1733 2507 1743 2522 ‚
1761 2496 1830 2526 qua:
1839 2486 1954 2526 dejure
1973 2484 2140 2516 communi
2153 2486 2192 2516 ad

1206 2534 1476 2565 Archidiaconum
1488 2529 1599 2571 spectat
1608 2551 1618 2565 ,
1630 2539 1662 2560 ut
1676 2529 1708 2559 in
1719 2540 1744 2560 c.
1757 2527 1812 2559 Ad
1823 2527 1878 2560 baec
1887 2550 1896 2564 ,
1919 2531 1945 2564 §.
1958 2529 1994 2559 In
2004 2526 2135 2565 quadam
2144 2550 2154 2563 ,
2164 2529 2198 2559 &

1207 2577 1239 2608 in
1250 2588 1273 2608 c.
1285 2577 1328 2610 Ut
1336 2573 1463 2616 nostrum
1473 2596 1482 2610 ‚
1502 2571 1601 2615 infin.
1613 2570 1698 2613 infra
1709 2571 1745 2602 de
1755 2572 1846 2613 Offic.
1861 2569 1995 2602 Archid.
2008 2570 2152 2602 Hostien.
2165 2570 2201 2604 in

1204 2618 1283 2652 rubr.
1294 2619 1330 2651 de
1340 2617 1436 2660 instit.
1449 2629 1497 2648 nu.
1514 2627 1539 2657 3.
1560 2615 1639 2656 verſs
1650 2618 1740 2653 Sequi
1753 2614 1837 2646 debet
1848 2615 1916 2646 alia
1927 2612 2109 2655 investitura
2119 2637 2126 2644 .
2149 2614 2199 2645 In-

1206 2664 1329 2695 stitutio
1340 2671 1445 2693 autem
1456 2661 1608 2692 collativa
1616 2681 1625 2695 ‚
1644 2668 1696 2700 per
1706 2668 1801 2698 quam
1812 2658 1934 2689 scilicet
1944 2656 2109 2690 confertur
2121 2657 2197 2689 titu—
2222 2664 2241 2687 f>

1206 2708 1252 2738 lus
1264 2705 1409 2738 beneficii
1422 2714 1487 2735 non
1499 2713 1602 2734 curati
1613 2725 1621 2738 ‚
1633 2702 1767 2743 pertinet
1776 2701 1906 2742 quidem
1918 2703 1954 2732 ad
1966 2700 2152 2740 Episcopum
2162 2702 2201 2732 de

1203 2751 1272 2791 jure
1282 2747 1466 2783 communi,
1476 2746 1554 2778 utin
1566 2746 1596 2777 d.
1605 2755 1662 2786 c.3.
1674 2743 1710 2775 de
1719 2742 1879 2785 institam&
1892 2746 1957 2782 quis
1970 2742 2134 2785 Episcopus
2145 2766 2155 2780 ,
2172 2753 2199 2775 1.

1202 2803 1250 2831 qu.
1266 2803 1292 2833 3.
1304 2803 1328 2823 c.
1339 2794 1416 2823 Cum
1428 2802 1468 2821 ex
1478 2788 1608 2827 injuncto
1618 2811 1627 2825 ‚
1644 2791 1676 2820 in
1684 2786 1739 2829 fin.
1752 2786 1788 2819 de
1799 2787 1896 2819 haeret.
1907 2798 1931 2819 c.
1944 2788 2062 2820 Gratia
2076 2809 2086 2823 ‚
2101 2785 2140 2818 de
2149 2798 2196 2817 re-

1198 2834 1365 2877 scriptdib.
1379 2838 1407 2865 6.
1419 2831 1456 2866 «ῥ’
1467 2845 1491 2866 c.
1503 2835 1541 2865 Si
1551 2831 1608 2864 tibi
1619 2855 1629 2868 ‚
1643 2831 1680 2863 de
1690 2829 1774 2872 preb.
1786 2830 1885 2862 eodem
1894 2829 1947 2862 lib.
1959 2829 1996 2862 Et
2009 2832 2043 2862 in
2054 2830 2114 2862 hoc
2126 2829 2198 2870 Epi-

1204 2880 1311 2919 scopus
1324 2878 1434 2908 fundat
1447 2876 1663 2908 intentionem
1674 2897 1684 2911 ,
1703 2886 1727 2906 c.
1739 2876 1853 2906 Omnes
1864 2874 2004 2917 Bafilicae
2013 2896 2023 2909 ,
2047 2877 2094 2905 16.
2106 2883 2150 2911 qu.
2165 2883 2188 2905 ι,

1205 2922 1292 2954 Rota
1303 2923 1381 2961 apud
1390 2919 1486 2952 Card.
1499 2920 1624 2959 Seraph.
1636 2916 1726 2957 decis
1736 2926 1807 2955 779.
1816 2927 1896 2948 num.
1913 2927 1937 2948 1.
1959 2917 2017 2949 Sed
2031 2927 2135 2949 tamen
2147 2927 2199 2957 po·
2222 2925 2241 2954 7

1204 2964 1259 2997 test
1270 2973 1449 3004 competere
1460 2962 1607 2994 inferiori
1617 2971 1653 2993 ex
1664 2961 1744 2992 cons
1742 2960 1906 2997 uetudine,
1917 2971 1941 2992 c.
1953 2958 2032 2993 Cum
2043 2957 2198 3001 venissent,

1202 3007 1238 3039 de
1248 3006 1378 3048 institut.
1387 3018 1411 3039 c.
1425 3018 1453 3037 2.
1466 3004 1502 3037 de
1511 3003 1782 3046 e.x·ce]s.Praelat.&
1790 3002 1975 3045 c.Referente
1986 3026 1996 3040 ‚
2005 3003 2041 3035 de
2052 3000 2196 3044 prabend.

1204 3052 1284 3082 Abb.
1294 3054 1327 3082 in
1336 3049 1575 3090 d.c.CiimsLtt1's‚
1586 3051 1621 3079 in
1631 3059 1642 3080 1
1650 3071 1657 3079 .
1669 3046 1764 3089 oppos.
1775 3047 1810 3079 de
1822 3047 1913 3089 Offic.
1926 3047 2060 3080 Archid.
2072 3045 2196 3086 Seraph.

1203 3097 1267 3126 dec.
1280 3098 1349 3134 306.
1361 3105 1390 3124 n.
1404 3104 1432 3130 9.

1247 3138 1298 3168 An
1319 3147 1424 3168 autem
1445 3134 1604 3166 instituuo
1625 3135 1687 3166 haec
1707 3133 1860 3166 collativa
1878 3137 1915 3166 de
1935 3134 2003 3175 jure
2029 3131 2198 3163 communi

1204 3180 1314 3222 specstet
1325 3182 1364 3211 ad
1373 3179 1559 3219 Episcopum
1572 3177 1671 3209 solum
1682 3200 1691 3214 ,
1703 3188 1741 3209 an
1754 3176 1827 3209 vero
1840 3180 1877 3209 ad
1890 3176 2085 3217 Episcopum,
2094 3177 2126 3205 &
2137 3172 2198 3206 Ca-

1203 3225 1338 3265 pitulum
1350 3222 1450 3257 fimus,
1464 3231 1517 3252 aut
1529 3223 1564 3252 ad
1577 3220 1765 3262 Episcopum
1775 3231 1849 3252 cum
1859 3219 2020 3253 consensu,
2033 3218 2078 3248 vel
2091 3216 2194 3248 confi-

1205 3268 1249 3298 lio
1261 3265 1417 3306 Capituli;
1428 3265 1497 3296 sunt
1507 3264 1674 3304 opiniones
1685 3287 1694 3301 ,
1705 3275 1781 3305 quas
1793 3264 1928 3295 recitant
1942 3261 2073 3292 Hentic.
2086 3259 2192 3291 Boich.

1202 3313 1235 3342 in
1245 3321 1268 3342 c.
1283 3310 1385 3340 Novit
1397 3330 1406 3343 ,
1416 3306 1501 3347 infra
1510 3313 1547 3338 cie
1557 3310 1605 3339 his
1615 3318 1671 3345 qua
1680 3306 1760 3347 fiunt
1771 3306 1790 3337 a'
1803 3306 1887 3335 Pral.
1909 3304 2010 3343 AEgid.
2023 3303 2150 3335 Bellam.
2166 3305 2199 3333 in

1202 3351 1278 3394 cons.
1291 3363 1338 3384 10.
1349 3354 1439 3391 incip.
1452 3353 1478 3381 F
1479 3350 1577 3382 aetum
1587 3349 1628 3392 est
1637 3352 1701 3382 tale
1710 3373 1719 3388 ‚
1729 3349 1979 3389 col.pcnult.n.58.
1990 3345 2070 3386 verfi
2081 3345 2199 3395 Queri*

1203 3407 1252 3427 tur
1262 3406 1327 3433 ergo
1337 3417 1346 3430 ,
1367 3393 1526 3426 Caffador.
1536 3392 1598 3426 dec.
1612 3405 1662 3424 22.
1683 3393 1719 3424 de
1729 3389 1812 3432 praeb.
1835 3391 1903 3429 Ego
1914 3391 2004 3431 plane
2017 3389 2197 3421 exammavi

1203 3442 1234 3471 in
1246 3437 1353 3470 ccum
1365 3438 1502 3479 Ecclcfia
1513 3438 1678 3469 Vulterana
1691 3459 1700 3472 ,
1715 3436 1784 3475 sup.
1795 3433 1830 3465 de
1842 3433 1924 3464 elefl.
1936 3433 2000 3474 post
2012 3434 2097 3474 gsoss'.
2111 3431 2153 3463 *xbi
2166 3434 2199 3462 iit

1203 3492 1268 3515 ver.
1282 3479 1453 3523 Postulavit
1464 3502 1474 3518 2
1494 3479 1653 3522 Compost.
1665 3478 1752 3512 Host.
1764 3478 1796 3510 δε
1805 3476 1882 3553 CDD.

1855 3530 1871 3551 e

2106 3516 2155 3547 Se-
