2397 3664
718 36 805 93 De
831 36 998 96 officio
1022 38 1203 95 Ordin.
1227 55 1272 95 c.
1294 37 1370 95 Ut
1389 41 1529 106 juxta
1549 79 1566 94 .

218 134 272 166 An
283 140 484 166 revereantur
494 131 678 164 Sacerdotes
688 151 699 167 2
721 133 754 162 &c
763 139 874 163 omnes
884 129 1069 171 Dignitates
1078 151 1086 161 .

224 177 276 208 An
288 177 346 208 sint
360 175 525 210 benevoli.

221 218 363 252 Officioii
376 244 384 252 .

226 263 343 295 Faciles
355 288 362 295 .

223 306 304 338 Bene
315 307 484 339 sentientes
494 329 502 336 .

223 349 356 383 Honore
367 350 507 383 invicem
516 348 739 390 praevenientes
747 369 757 388 ,ε

137 395 216 427 Sive
224 396 323 434 potius
333 416 344 430 ,

223 436 325 468 Duri.

222 479 332 520 Rigidi
344 503 351 511 .

226 523 384 559 Indociles
394 545 402 552 .

221 566 423 606 Inhospitales
433 587 443 596 .

222 607 392 640 Inofficiosi
403 630 410 638 .

221 650 373 683 Inurbani
384 674 393 682 .

223 689 394 726 Inhiimani
406 718 413 727 2

139 736 302 775 Monachi,
313 736 350 769 (θ’
362 737 652 781 Κείιζςίοβ,τανηεη[ἰ
662 737 699 769 A
700 735 850 778 postalicis
859 735 1037 777 privilegiis
1046 733 1084 767 ab
1094 735 1135 765 Ε-

179 780 292 822 piscopi
303 780 581 825 jumsdistionefint
590 782 724 823 exempti
735 780 891 821 ,'potermit
898 787 1000 811 tamen
1011 788 1067 817 qua
1077 786 1136 819 par

179 824 220 866 est
229 823 382 857 clmritaete
392 826 425 855 in
437 826 567 857 Domino
576 823 732 856 admoneri
743 824 844 869 utfint
855 847 862 854 .

223 868 375 908 pauperes
386 867 494 909 spiritu
506 891 515 905 ,
538 869 570 900 &
582 878 647 900 non
657 867 734 900 elati
745 891 753 899 .

223 910 323 943 Mites
334 912 442 943 animo
452 934 462 948 ‚
482 914 514 944 &
537 911 710 947 mansueti,
734 921 801 943 non
822 909 965 943 iracundi
976 933 984 940 .

223 954 421 995 Dihgemes,
442 955 491 987 sed
503 965 566 986 non
577 954 691 992 curiosi
703 977 711 986 .

225 997 378 1038 Religiosi
389 1019 400 1035 ,
420 998 468 1030 sed
479 1008 546 1030 non
555 997 753 1038 superstitiosi
764 1021 773 1028 .

1173 127 1290 163 Uxores
1301 152 1310 166 ‚

1257 171 1307 205 Ut
1320 174 1454 205 timeant
1465 196 1474 210 ,
1497 184 1532 205 ac
1542 173 1681 215 diligant
1691 173 1774 208 viros
1782 174 1854 206 suos
1865 196 1874 204 .

1173 218 1285 248 Patres
1296 239 1305 252 ‚
1326 215 1363 248 Φ
1377 216 1464 258 filios
1475 240 1484 257 ‚

1259 258 1310 291 Ut
1322 260 1354 291 hi
1365 261 1515 292 obediant
1527 261 1707 301 parentibus
1721 285 1728 292 .
2128 298 2134 303 ,

1262 303 1319 335 llla
1330 302 1381 334 sua
1395 303 1529 343 ipsorum
1551 306 1633 336 bona
1644 316 1707 336 non
1719 302 1850 345 prodige
1872 303 2007 336 fundant
2018 324 2029 343 ,
2047 302 2081 334 δέ
2091 298 2172 331 filios

1302 357 1368 378 non
1383 357 1555 387 provocent
1569 350 1606 379 ad
1616 348 1814 383 iracundiam
1824 372 1832 380 .

1175 390 1321 426 Domini,

1260 431 1310 464 Ut
1323 432 1486 464 remittant
1498 433 1591 465 servis
1602 434 1703 466 minas
1715 457 1724 472 ,
1744 435 1777 466 &
1787 444 1885 466 onera
1896 459 1903 465 .

1258 474 1297 507 Et
1309 475 1379 507 illos
1390 479 1532 508 mercede
1545 476 1596 508 sua
1607 477 1694 508 nulla
1704 478 1828 510 ratione
1839 477 2024 510 defraudent
2035 499 2043 508 .

1174 521 1285 555 Servi,

1261 560 1310 593 Ut
1325 561 1475 594 Dominis
1485 573 1551 595 non
1563 561 1662 595 soli‘im
1674 563 1766 595 bonis
1777 586 1786 600 ,
1798 565 1830 596 &
1841 563 1985 598 modestis
1995 586 2006 602 ‚
2028 564 2064 595 ed
2076 562 2171 595 etiam

1302 605 1438 651 dyscolis
1450 606 1483 639 in
1497 607 1587 638 omni
1600 607 1715 640 timore
1726 607 1841 648 subditi
1854 608 1911 639 sint
1922 631 1930 638 .

1175 650 1323 685 Divhes,
1345 652 1382 680 Θ
1393 658 1537 689 pauperes
1547 673 1554 681 .

1261 691 1311 723 Ut
1324 691 1371 723 illi
1382 691 1500 724 faciant
1512 693 1567 724 sibi
1579 693 1697 725 amicos
1711 695 1748 725 de
1760 693 1950 726 Mammona
1969 692 2150 735 iniquitatis
2160 715 2167 723 .

1261 735 1306 773 Hi
1319 735 1480 779 confidant
1493 737 1662 779 repositum
1672 736 1726 769 sibi
1735 737 1792 770 ess‘e
1804 737 1980 769 thesaurum
1993 737 2026 778 in
2038 736 2128 769 coelis
2140 759 2149 768 .

1174 777 1274 812 Wduae
1284 801 1294 815 ‚

1261 821 1311 854 Ut
1321 823 1396 854 dum
1405 822 1556 856 desolatas
1565 824 1593 856 se
1610 833 1742 865 putant,
1764 834 1830 865 nori
1852 821 2100 865 contristentur,
2117 821 2167 855 sed

1301 866 1495 909 delecTtentur
1505 867 1539 898 in
1550 866 1695 899 Domino
1704 890 1713 900 .

1174 910 1268 943 1)οὲῗὶ
1278 933 1286 941 .

1261 952 1312 985 Ut
1323 962 1438 1027 ornent
1461 954 1496 1002 in
1514 954 1660 988 omnibus
1670 953 1850 987 doctrinam
1867 952 1954 995 suam
1968 951 2112 994 exemplo
2121 950 2170 984 in·

1304 1006 1343 1029 cu
1358 1007 1434 1037 patae
1446 1007 1517 1029 vitae
1527 1024 1537 1028 -

231 1041 513 1082 Pacificiprorsus‚
537 1044 567 1073 &
580 1042 671 1072 nullo
692 1041 782 1082 pac'to
800 1037 992 1073 contentiosi
1010 1060 1020 1074 ,
1050 1037 1133 1069 itaut
1173 1039 1297 1077 sallom,

267 1085 398 1126 populus
410 1085 487 1116 boni
498 1091 603 1124 expers
615 1085 789 1125 exemplum
802 1083 937 1125 accipiat
947 1104 956 1118 ,
967 1084 1000 1113 &
1011 1091 1134 1122 propter

268 1135 379 1160 eorum
392 1129 515 1160 laudem
526 1128 722 1170 glorificetur
732 1149 743 1165 ‚
764 1137 830 1159 non
842 1125 1068 1168 blasphemetur
1077 1134 1136 1157 no-

264 1181 341 1203 men
353 1170 414 1204 Dei
428 1196 435 1203 .

136 1214 187 1248 De
195 1214 485 1248 Sanninmmalibus
496 1239 502 1246 ‚

231 1257 281 1290 Ut
292 1258 351 1295 sint
366 1259 524 1301 simplices
537 1260 654 1297 corde,
674 1268 747 1293 ore,
768 1258 924 1297 δέσμει-ο,

223 1300 275 1333 Ut
285 1300 412 1341 nihilsit
424 1303 457 1334 in
469 1304 513 1335 eis
525 1302 631 1335 fictum
641 1324 650 1338 ‚
671 1301 719 1333 vel
731 1300 874 1332 fucatum
885 1323 892 1329 .

227 1343 279 1376 Ut
289 1346 489 1387 orationibus
499 1355 612 1382 vacent
624 1368 631 1375 .

224 1386 276 1421 Ut
286 1390 449 1431 colloquia
459 1399 638 1421 exterorum
648 1388 750 1420 vitent
762 1411 768 1419 .

140 1430 191 1462 Ut
202 1431 422 1472 virginitatem
433 1455 442 1469 ,
463 1434 496 1464 Sc
506 1432 719 1465 humilitatem
738 1429 886 1472 perpetuo
905 1431 1013 1462 colant
1022 1453 1029 1459 ι,

227 1473 321 1514 Utin
332 1476 497 1513 communi
508 1485 616 1508 vivant
629 1498 637 1505 .

141 1518 191 1561 ,De
199 1520 228 1551 C
227 1517 359 1562 anfratri
360 1516 416 1551 bus
424 1544 433 1552 .

229 1562 281 1594 An
293 1562 328 1593 sit
341 1562 425 1595 inter
436 1573 489 1594 eos
498 1563 536 1594 lis
546 1585 555 1599 ‚
577 1563 609 1594 δε
619 1561 790 1593 contentio
800 1584 808 1592 .

231 1606 283 1638 An
294 1606 525 1638 conventiculi
535 1605 655 1637 faciant
667 1627 677 1641 ,
699 1607 730 1636 δε
739 1603 863 1636 dissidia
873 1602 1013 1635 excitent
1027 1603 1134 1634 adver-

263 1649 312 1681 sus
322 1647 511 1690 Religiones
519 1671 530 1690 ,
551 1650 585 1682 &
595 1648 793 1690 Presbyteros
804 1671 812 1690 τ

228 1693 279 1724 An
290 1698 405 1732 vacent
417 1691 695 1727 comessationibus
706 1712 716 1722 .

227 1737 279 1767 An
290 1734 439 1777 Pa‘rocliis
448 1735 600 1767 obediant
611 1758 619 1766 .
992 1768 994 1770 ,

227 1779 279 1811 An
298 1777 556 1811 constitutiones
581 1776 765 1811 Canonicas
786 1777 920 1810 habeant
930 1799 940 1814 ,
961 1777 994 1809 &
1006 1776 1075 1808 illas
1086 1776 1141 1808 ob-

271 1821 393 1854 servent
402 1845 410 1853 .

147 1868 197 1898 De
207 1865 330 1908 populo?

231 1908 435 1940 Gubernator
444 1910 660 1941 admonendus
669 1932 680 1939 .

233 1949 284 1983 Ut
295 1961 360 1983 non
373 1952 506 1993 accipiat
516 1962 649 1984 munera
658 1975 667 1982 .

234 1992 286 2026 Ut
295 1994 444 2027 defendat
455 1995 563 2027 viduas
572 2019 580 2028 .

235 2035 288 2069 Ut
299 2037 438 2071 introeat
451 2041 487 2070 ad
501 2049 573 2080 eum
584 2039 706 2071 clamor
715 2046 885 2081 pauperum
895 2061 902 2068 .

235 2078 288 2113 Ut
298 2091 363 2113 non
375 2081 488 2121 inferat
498 2082 611 2122 falcem
621 2082 654 2115 in
664 2083 790 2114 melsem
801 2081 935 2113 alienam
946 2104 954 2111 .

236 2122 288 2156 Ut
301 2125 459 2167 discernat
469 2125 553 2157 inter
565 2125 704 2158 sasseium
714 2148 723 2163 ‚
745 2127 778 2158 δε
789 2123 975 2166 ριόίέιῐιιιηι.Ξ

151 2172 242 2201 Senes
253 2189 262 2203 ‚
283 2171 322 2200 Θ·
331 2168 453 2207 iuvenes
462 2177 493 2200 ut
498 2169 565 2213 fint
576 2192 584 2199 .,

236 2210 289 2244 11Ιί
298 2210 391 2250 sobrii
400 2235 408 2243 .

233 2254 348 2295 Pudici
358 2254 377 2292 ‚⁷
390 2256 423 2287 &
434 2264 498 2288 tam
509 2256 616 2287 animo
628 2278 637 2292 ‚
657 2255 752 2297 quam
761 2255 864 2296 capite
880 2254 953 2286 cani
966 2279 974 2286 .

234 2297 281 2330 Hi
291 2299 412 2330 dociles
422 2321 432 2336 ,
451 2300 485 2331 δε
494 2299 678 2332 obedientes
688 2321 698 2335 ‚
720 2309 756 2335 ac
767 2298 864 2330 nullis
882 2306 1046 2340 parcentes
1058 2297 1145 2328 labo-

275 2340 362 2374 ribus
372 2364 380 2373 .
696 2342 697 2345 ’

231 2383 306 2417 Viri
315 2406 323 2416 .

236 2427 291 2459 Ut
312 2428 443 2469 quisque
466 2429 617 2470 possideat
638 2439 691 2462 vas
711 2429 800 2462 suum
822 2428 854 2461 in
876 2427 1124 2461 sanctificatione
1136 2450 1148 2473 ³,

277 2471 311 2502 &
329 2472 468 2503 honore„
597 2470 602 2473 χ

1259 1083 1310 1115 Ut
1323 1083 1549 1125 amplediantur
1558 1084 1842 1127 supereminentem
1853 1108 1861 1116 2

1259 1126 1405 1159 Scientiae
1415 1128 1601 1166 charitatem
1612 1152 1619 1159 .

1179 1172 1316 1209 Denique
1326 1181 1422 1203 omnes
1433 1171 1549 1213 Christi
1552 1170 1663 1214 fideles
1673 1194 1683 1209 ‚

1180 1213 1233 1246 Ut
1242 1214 1427 1256 potestatem
1439 1214 1581 1246 Ecclesiae
1592 1237 1601 1251 ‚
1623 1225 1657 1247 ac
1669 1213 1758 1258 Sedis
1769 1213 1971 1256 Apostolicae.

1264 1258 1301 1289 In
1311 1257 1417 1298 primis
1427 1267 1629 1293 revereantur
1637 1281 1644 1289 .
1873 1297 1875 1299 ι

1261 1300 1412 1333 Timeant
1422 1301 1563 1343 gladium
1572 1301 1914 1343 excommunicationis
1924 1324 1932 1331 .

1261 1344 1563 1381 Excommiinicatos
1574 1344 1677 1387 vitent
1688 1368 1695 1375 .
1727 1342 1729 1345 ’

1262 1388 1378 1420 Ablata
1386 1387 1550 1420 restituant
1559 1410 1568 1420 .

1261 1431 1300 1463 Se
1309 1431 1483 1465 morituros
1494 1433 1624 1463 credant
1634 1453 1645 1468 ‚
1666 1441 1701 1463 ac
1713 1428 1786 1472 saepe
1797 1429 1981 1474 recogitent
1994 1452 2001 1460 .

1260 1474 1450 1507 Abstineant
1460 1473 1477 1505 ὲ
1488 1473 1610 1506 foenore
1622 1496 1632 1511 ‚
1653 1475 1686 1506 ὅ(
1697 1474 1794 1506 usuris
1806 1497 1814 1505 .

1261 1517 1484 1551 Sacerdotibus
1494 1539 1504 1554 ‚
1524 1518 1557 1550 δέ
1569 1517 1740 1560 Religiofis
1747 1517 1974 1554 obedientiarii,
1985 1523 2022 1548 ac
2032 1516 2171 1557 reVeren-

1305 1561 1384 1595 tiam
1395 1560 1533 1601 praestent
1546 1585 1554 1592 .
1962 1568 1966 1570 ’

1261 1604 1403 1637 Verbum
1414 1603 1477 1642 Dei
1489 1604 1623 1646 libenter
1634 1604 1764 1637 audiant
1775 1627 1785 1647 ·‚

1264 1648 1373 1682 Missas
1386 1647 1587 1688 frequentent
1599 1671 1606 1678 .

1262 1690 1341 1723 Dies
1351 1690 1441 1722 festos
1451 1692 1627 1723 custodiant
1638 1714 1646 1722 .

1264 1734 1414 1767 Decimas
1424 1734 1483 1766 rite
1496 1734 1617 1766 solvant
1629 1758 1638 1766 .
1945 1770 1948 1773 Α

1266 1778 1364 1811 Paenis
1386 1777 1441 1809 sibi
1462 1777 1494 1809 in
1517 1776 1588 1809 foro
1606 1777 1804 1818 poenitentiae
1824 1774 1975 1820 injund'tis
1993 1771 2173 1818 {deligenter

1308 1831 1382 1853 cum
1401 1820 1516 1853 fiducia
1533 1821 1723 1853 remissionis
1741 1828 1948 1864 peccatorum*
1964 1819 2090 1861 suorun‘i'
2098 1829 2185 1861 quo—s

1309 1867 1344 1897 ad
1358 1865 1479 1905 possunt
1490 1887 1500 1901 ,
1521 1863 1716 1896 satisfaciant
1726 1887 1734 1895 .

1267 1907 1413 1940 Tandem
1421 1917 1455 1939 ut

1266 1951 1373 1984 Deum
1381 1950 1515 1987 timeant
1526 1972 1536 1987 ,
1557 1953 1591 1984 &

1268 1995 1424 2027 Mandata
1431 1995 1497 2038 ejus
1508 1995 1674 2027 observent
1684 2017 1694 2032 ‚
1715 1994 1819 2037 sicque

1269 2037 1452 2070 Unanimes
1463 2038 1496 2069 in
1506 2037 1566 2070 fide
1577 2061 1585 2069 .

1270 2081 1487 2114 fraternitatis
1500 2090 1655 2114 amatores
1664 2104 1672 2113 0

1268 2125 1492 2158 Misericordes
1504 2147 1511 2155 .

1269 2168 1405 2200 Modesti
1417 2191 1425 2199 .

1269 2211 1416 2244 Humiles
1426 2234 1434 2243 ο

1268 2254 1349 2287 Non
1360 2256 1524 2286 reddentes
1532 2254 1629 2286 alicui
1640 2254 1759 2295 malum
1772 2263 1828 2295 pro
1846 2254 1951 2291 malo,
1970 2260 2073 2295 neque
2090 2254 2184 2292 male¹

1313 2297 1434 2334 dietum
1444 2308 1500 2339 pro
1507 2297 1676 2330 maledieto
1687 2321 1696 2329 .

1273 2341 1362 2374 Alter
1371 2341 1498 2382 alterius
1508 2352 1605 2373 onera
1615 2350 1776 2382 portantes
1786 2363 1795 2377 ,
1816 2349 1850 2372 ut
1865 2339 2060 2381 adimpleant
2082 2341 2182 2381 legem

1315 2384 1450 2417 Christi.

1271 2427 1399 2470 Qibus
1410 2427 1540 2459 babetur
1549 2450 1557 2464 ,
1579 2427 1739 2468 perficitur
1748 2448 1758 2463 ,
1778 2425 1949 2466 absolvitur
1959 2426 2092 2458 materia
2102 2449 2112 2464 ,
2124 2425 2185 2458 for·

1313 2482 1366 2515 iiia
1376 2493 1385 2508 ‚
1406 2470 1478 2502 finis
1489 2470 1682 2503 visitationis
1692 2494 1700 2502 .
1757 2469 1762 2471 ’

427 2622 565 2729 DE

634 2665 687 2718 ο
724 2665 765 2728 Ε
798 2623 842 2719 F
875 2665 902 2730 i
938 2665 988 2721 C
1023 2663 1048 2718 1
1085 2621 1262 2725 Ouo
1302 2666 1352 2725 R
1385 2619 1499 2726 DI
1534 2664 1587 2726 N
1626 2663 1681 2717 A
1718 2618 1919 2720 Rii.u

483 2781 485 2783 ’
502 2779 610 2839 Idem
629 2780 849 2839 Honorius
873 2780 970 2830 111.·
985 2779 1147 2832 Abbati
1165 2815 1180 2842 ,

1221 2782 1276 2833 εἰς’
1305 2777 1340 2826 C
1343 2784 1542 2829 onventui
1559 2778 1607 2831 S.
1632 2779 1811 2845 Remigii
1825 2799 1841 2829 :-

768 2903 1295 2971 CAPUT
1398 2904 1583 2962 XVII.

162 3020 243 3109 U
258 3020 294 3068 T·
310 3020 435 3064 juxta:
461 3019 500 3058 &
519 3017 634 3058 infr-ii.
662 3017 913 3057 Attendentes
926 3018 1041 3065 igitur
1050 3016 1151 3072 quod
1163 3016 1335 3056 indecens
1356 3014 1407 3061 est
1419 3041 1433 3062 ³
1445 3029 1486 3063 iit
1497 3013 1985 3064 RhemeniArchiepiscopo
1997 3038 2015 3062 ‚A
2028 3015 2076 3068 *in
2088 3012 2132 3050 M
2139 3025 2182 3050 o-

174 3100 178 3105 .
234 3104 236 3106 ,
275 3068 435 3107 nasterio
458 3067 576 3115 vestro
595 3065 814 3114 visitationis
836 3065 1000 3106 officium
1021 3078 1241 3111 exercente,
1268 3064 1457 3111 saeculares
1480 3063 1645 3104 intersint
1660 3089 1674 3110 2
1702 3076 1766 3111 per
1786 3075 1878 3112 quos
1900 3060 2004 3109 poffit
2021 3075 2058 3115 in
2075 3060 2183 3114 clati·

164 3117 238 3155 stro
250 3112 497 3162 dissolutionis
510 3118 669 3164 materia
681 3116 872 3162 provenire
886 3142 895 3151 .
925 3114 1101 3161 Firmiter
1127 3112 1362 3159 inhibemus,
1389 3126 1430 3152 iit
1454 3114 1577 3152 nullos
1598 3113 1642 3151 de
1661 3125 1795 3152 caetero
1816 3108 2004 3150 saeciilares
2023 3122 2060 3164 ¹.¹¹
2072 3120 2178 3154 capi-

162 3164 284 3213 tulum
303 3165 318 3208 (
327 3162 391 3202 nisi
400 3164 552 3211 duo3vel
561 3177 634 3203 tres
647 3164 690 3203 de
702 3164 910 3204 Canonicis
921 3160 1091 3201 Ecclefiae
1100 3159 1224 3207 siiae3in
1235 3163 1381 3202 decenti
1392 3161 1625 3209 habitii‚ali'is
1635 3173 1727 3211 quos
1740 3159 1913 3208 expedire
1923 3158 2058 3198 viderit
2071 3155 2171 3196 Reli-

163 3211 271 3261 giofis
283 3210 463 3256 adjunctis
473 3213 488 3258 )
497 3210 620 3261 secum
629 3212 854 3259 visitationis
867 3209 1285 3258 temporeintrodiicant
1305 3240 1314 3252 .

2020 3507 2044 3551 s
2055 3505 2147 3538 UM-
