2397 3664
108 3310 143 3344 §1

805 16 888 73 De
902 15 1026 74 offic.
1043 16 1282 76 Ordinar.
1304 36 1347 74 c.
1372 20 1541 77 Grave
1557 60 1569 75 .
2021 40 2084 76 60
2099 45 2112 75 ι

165 121 217 144 tut
227 110 435 151 superioribus
447 111 660 154 Regularibus
672 108 846 152 patefacere
858 132 865 140 .
880 109 942 141 Aut
955 116 1037 141 nova
1045 105 1137 138 causa
1147 126 1157 143 ,
1188 103 1247 138 Sac
1258 128 1265 137 .
1277 104 1546 147 Congregationis
1556 104 1702 138 Concilii
1713 128 1722 141 ‚
1744 105 1817 137 dixi
1826 107 1911 148 plene¹
1921 110 1953 139 in
1964 120 1988 140 c.
2002 109 2179 159 Qodfiiper
2212 101 2218 107 ⁸

165 164 201 186 ut
212 154 298 195 supra
312 165 375 187 non
392 155 568 197 supervenit
582 169 589 188 ι
601 156 635 190 δι
647 164 722 187 tunc
735 163 787 186 aut
801 151 967 191 Regularis
978 149 1037 183 suit
1049 158 1157 196 appro-
1190 150 1238 180 his
1247 149 1304 197 rin.
1314 159 1337 181 i.
1349 149 1386 182 ὠ·
1395 149 1477 191 praefi
1484 152 1558 181 reim
1568 161 1597 181 η.
1612 158 1639 186 ς.
1649 148 1686 181 (9⁴
1695 148 1771 187 seqq.
1783 149 1819 181 de
1828 161 1878 182 ma
1887 160 1938 184 ior.
1948 153 1985 184 &³
1995 152 2075 184 obed.

167 198 258 229 batus
269 197 286 228 a
298 198 427 233 vscaiio
438 199 602 241 Episcopi,
615 207 667 232 aut
679 198 718 230 ab
730 197 794 239 ipso
804 196 955 238 Episcopo
965 217 973 225 .
984 193 1016 225 Si
1027 193 1043 225 a
1063 192 1158 223 Vica-
1207 191 1405 239 ''Vigesutius
1415 193 1455 225 est
1467 195 1570 234 quoad
1591 193 1800 238 pra-fixionem
1821 195 1944 226 numeri
1966 195 1998 226 iti
2020 196 2177 229 Monaste-

167 241 218 274 rio
228 263 238 276 ,
260 242 356 282 potest
369 241 537 284 Episcopus
550 242 741 281 Regiis-‘irem
755 240 846 273 semel
856 239 873 270 ii
884 239 938 270 suo
948 236 1079 270 Vicario
1089 245 1158 268 exa·
1188 245 1241 282 riis
1250 236 1443 271 Monialium
1454 258 1463 272 ,
1483 239 1519 269 de
1538 247 1594 275 qua
1613 238 1645 268 in
1655 246 1753 283 c.<ip.3.
1767 236 1833 278 sess.
1848 247 1895 275 ις.
1907 236 1944 270 de
1954 243 2045 277 regul.
2059 239 2179 273 Verum

164 283 323 318 minatum
344 284 461 319 iterum
483 286 621 319 examini
643 284 813 326 subjicere,
830 284 862 314 &
882 282 987 314 minus
1006 280 1156 313 idoneum
1187 278 1282 312 Sacra
1291 278 1513 319 congregatio
1525 279 1596 310 alias·
1608 281 1770 316 consulta,
1783 291 1821 311 an
1833 282 1953 314 taxatio
1964 283 2087 314 numeri
2102 282 2176 314 Μο-

166 337 323 368 repertum
334 330 500 370 reprobare
513 341 520 360 ι
533 328 553 360 si
566 330 603 361 :ib
616 328 765 370 Episcopo
775 348 785 364 ‚
807 336 872 358 noti
884 323 981 365 potest
993 323 1073 356 idem
1087 321 1157 362 Epi·
1188 321 1321 355 nialium
1335 322 1542 360 Regularibus
1555 323 1778 363 subjectarum,
1799 334 1866 364 quae
1877 324 2021 357 facienda
2031 326 2070 356 est
2082 336 2116 356 ex
2128 328 2179 358 de-

159 370 272 412 scopus
292 381 386 412 quem
405 372 495 407 semel
526 371 709 413 simpliciter
738 369 919 410 approbavit
943 366 1053 406 absque
1074 374 1157 396 nova
1187 374 1275 397 creto
1285 364 1437 399 Concilio
1447 367 1518 397 ind.
1529 375 1594 406 cap.
1610 376 1634 406 3.
1649 367 1802 405 pertineat
1816 370 1851 398 ad
1865 367 2047 410 Episcopum
2059 369 2177 405 solum,

161 413 253 447 causa
273 416 437 453 reprobare
451 427 458 446 ε
479 415 574 456 potest
596 425 701 448 tamen
722 412 889 454 Episcopus
899 410 1050 442 successor
1069 408 1157 450 juxta

164 455 424 490 Constitut.S.Pii
434 458 459 486 V
463 469 540 498 ,quae
552 458 676 499 incipit:
689 458 817 490 Romam*
830 452 988 496 Pontificis
997 450 1157 494 providen-

163 501 211 531 eia
222 522 231 535 »
252 502 279 534 ὃ.
292 511 320 532 2·
334 500 413 540 vers.
426 503 564 534 Vblumus
574 511 683 533 autem.
699 499 864 541 Qiamdiu
877 507 983 531 tamen
995 496 1034 528 sic
1047 504 1155 542 appro-

165 543 254 575 batus
269 553 320 584 pei·
330 542 532 577 successorem
545 546 726 586 reprobatus
738 553 802 574 non
815 542 909 576 fuerit
919 563 928 578 ‚
941 539 1036 582 potest
1048 540 1154 585 audire

162 584 373 620 confessiones
385 587 503 622 virtute
516 587 751 629 approbationis
764 584 904 626 Episcopi
917 582 1153 624 praedecessoriS.

161 626 339 662 Probantui·
350 629 412 661 liaec
425 653 434 667 ,
454 641 521 663 tum
533 642 567 664 ex
580 631 626 664 liis
636 640 703 671 quae
716 629 857 670 scripsisti
876 628 1088 673 c.Accepimiis
1100 623 1154 666 su-

156 680 213 713 pra
225 669 261 703 de
269 680 350 705 aetat.
362 671 400 708 c'f
409 675 587 712 quiritatum
598 684 633 706 ex
647 672 850 713 infrascriptis
865 669 1133 705 declarationibus
1144 689 1152 699 .

205 713 308 746 Prima
330 715 370 749 est
390 716 421 751 S.
440 715 713 757 Congregationis
731 715 874 751 Concilii
895 713 928 745 in
949 714 1010 745 liaec
1032 712 1125 745 verba
1144 734 1153 743 .

161 757 213 788 An
229 756 402 798 Regulares
417 760 578 801 approbati
591 761 628 792 ab
641 759 818 795 Ordinatio
828 760 864 791 ad
886 757 1055 792 audiendas
1075 765 1153 787 con-

163 799 308 837 sessiones
320 803 433 842 praevio
444 803 588 838 examine
597 805 633 835 ad
647 813 766 843 tempus
778 825 786 838 ‚
807 801 908 842 elapso
919 810 1058 840 tempore
1072 808 1152 830 tam—

158 853 255 884 quam
267 844 356 877 semel
371 847 530 889 approbati
542 846 656 887 possint
676 846 782 878 invito
792 844 966 877 Ordinatio
976 843 1089 877 deinde
1101 851 1152 873 au-

159 887 228 920 dire
239 887 451 923 confessiones
463 902 469 924 ε
484 889 737 931 &congregatio
744 889 864 923 censuit
875 898 939 919 non
950 886 1031 931 posse
1051 908 1059 919 .

201 930 346 964 Secunda
360 955 370 969 ,
383 944 421 964 an
435 933 603 974 Episcopus
619 934 727 967 volens
737 943 772 964 ex
786 943 869 968 nova
879 931 969 964 causa
981 928 1153 977 Regulares

160 973 252 1007 semel
265 977 302 1007 ad
323 976 534 1011 confeslioncs
555 977 724 1011 audiendas
741 976 926 1017 approbatos
945 981 1122 1006 examinare
1141 993 1152 1008 ‚

160 1026 305 1050 teneatur
315 1030 383 1051 earn
394 1020 570 1060 patefacere
582 1019 787 1064 superioribus
808 1016 1019 1059 Regularibus
1029 1037 1039 1051 ι
1059 1015 1092 1046 &
1113 1025 1152 1046 ³¹¹

159 1061 198 1092 de
222 1060 398 1103 hujusmodi
419 1063 510 1094 causa
529 1062 668 1098 constare
687 1063 798 1097 debeat
809 1084 819 1098 ,
838 1062 884 1095 vel
908 1060 943 1091 sit
960 1060 1151 1092 credendum

165 1103 315 1145 Episcopo
330 1105 487 1139 attestanti
498 1106 672 1147 hujusmodi
684 1106 805 1141 causam
817 1104 930 1141 subesse
941 1115 951 1133 ··
969 1101 1152 1142 Congrega-

161 1147 210 1178 tio
220 1146 360 1179 Concilii
371 1149 491 1180 censuit
504 1150 585 1191 posse
597 1149 778 1190 Episcopum
787 1159 822 1182 ex
833 1157 916 1179 nova
926 1144 1150 1193 causa,etiains‘i

160 1193 199 1222 de
210 1201 246 1222 ea
257 1201 322 1226 non
341 1191 461 1226 conslet
472 1193 506 1228 in
517 1191 591 1225 actis
601 1215 610 1229 ‚
631 1193 750 1226 rursum
762 1191 940 1223 examinare
951 1211 960 1225 ,
984 1199 1019 1220 ac
1046 1198 1150 1220 minus

160 1243 318 1274 repertum
329 1234 480 1269 idoneum
491 1237 654 1276 reprobare
667 1235 857 1276 Regularem
871 1232 960 1265 semel
974 1234 1010 1267 ad
1022 1232 1149 1265 audien-

157 1277 213 1308 das
223 1276 433 1311 confeffiones
443 1280 666 1320 approbatum,
686 1279 779 1318 idque
801 1278 868 1320 ejus
889 1276 1022 1308 arbitrio
1033 1298 1043 1312 ,
1064 1276 1149 1315 quod

158 1328 267 1352 tamen
279 1320 337 1357 esse
347 1323 474 1358 debebit
484 1325 692 1357 moderatum,
704 1331 797 1362 atque
811 1320 993 1356 discretum,
1007 1319 1101 1354 itaut
1111 1329 1154 1351 eo

161 1372 230 1395 non
241 1364 407 1400 abutatur.
428 1366 547 1398 Verum
557 1365 610 1397 ubi
621 1367 680 1396 hoc
700 1364 803 1396 facere
815 1363 970 1398 voluerit,
987 1363 1098 1394 debere
1118 1361 1148 1393 id

161 1405 372 1447 superioribus
384 1407 595 1449 Regularibus
607 1407 793 1448 significare,
805 1418 869 1438 non
880 1407 1007 1448 quidem
1017 1416 1090 1437 cum
1101 1405 1150 1437 iri-

156 1449 287 1481 dividua
297 1451 494 1491 expreffioney
508 1451 625 1488 causae,
647 1451 695 1483 sed
717 1451 843 1482 tantum
863 1450 1099 1491 exprimendum
1118 1448 1149 1480 se

161 1494 240 1524 velle
249 1494 290 1524 ob
302 1504 417 1526 novam
428 1517 438 1531 ,
459 1505 527 1536 quat
538 1494 748 1535 supervenerit
759 1516 769 1536 ,
779 1493 902 1527 causam
916 1495 953 1526 ad
971 1491 1149 1534 hujusmodi

159 1538 292 1572 examen
299 1540 466 1579 procedere
477 1561 487 1574 .,

202 1578 313 1612 Tertia
324 1603 333 1617 ,
345 1581 613 1622 conquerentibus
625 1581 836 1622 Regularibus
849 1580 879 1612 S.
892 1579 1061 1612 Dominici
1079 1578 1147 1611 Ne-

158 1621 299 1655 ritonen.
310 1626 394 1664 quod
407 1634 481 1660 cum
492 1624 550 1657 sint
563 1626 676 1665 praevio
686 1624 831 1657 examine
843 1623 1005 1665 approbati
1016 1624 1051 1654 ad
1073 1632 1148 1654 con-

158 1665 306 1701 semones
316 1667 510 1702 saecularium
522 1668 718 1701 audiendasa
737 1667 868 1703 Vicario
889 1666 1052 1709 Episcopi,
1071 1667 1148 1698 dum

159 1708 329 1750 Episcopus
350 1709 462 1742 Romae
482 1721 659 1743 moraretur
679 1734 689 1748 ‚
716 1721 800 1743 nunc
820 1711 987 1752 Episcopus
1005 1711 1041 1741 ad
1063 1709 1148 1741 suam

160 1750 334 1789 Ecclesiam
346 1756 497 1786 accedens
510 1755 585 1787 velit
597 1765 650 1786 eos
659 1755 761 1786 rursus
773 1765 828 1794 pro
848 1754 1009 1787 audiendis
1029 1751 1149 1784 conses-

161 1794 300 1827 sionibus
313 1797 452 1829 examini
473 1797 646 1840 subjicere:
665 1799 733 1830 Sac.
753 1797 973 1838 congregatio
1003 1794 1148 1827 Concilii

159 1838 300 1876 censuit,
322 1841 402 1880 posse
415 1840 438 1875 E
463 1840 602 1882 iscopum
616 1842 684 1872 rurs
682 1852 734 1873 um
745 1842 925 1875 examinare
943 1839 1148 1872 confessarios

161 1879 339 1922 Regulares
347 1882 363 1913 a
375 1883 433 1915 suo,
472 1884 572 1916 icario
598 1886 783 1926 approbatos
792 1907 800 1916 .

201 1924 329 1999 Ἥκω
339 1926 380 1960 est
390 1926 406 1957 s
404 1936 482 1958 acrae
491 1926 764 1968 congregationis
775 1927 1000 1970 Episcoporiim
1018 1925 1066 1957 his
1082 1935 1149 1957 ver-

160 1967 208 1999 bis
221 1979 228 1998 :
270 1978 292 2003 n
301 1968 470 2010 Episcopus
480 1992 489 2006 ,
498 1971 555 2011 qui
567 1970 739 2012 Regulares
759 1974 798 2005 ad
820 1970 1030 2004 confessiones
1050 1968 1151 2009 perso-

161 2020 275 2046 narum
284 2011 477 2047 saecularium
488 2014 658 2048 audiendas
669 2014 862 2055 approbavit,
873 2013 963 2055 possit
971 2013 1094 2047 eosdem
1112 2022 1149 2043 ex

163 2063 248 2086 nova
257 2055 348 2087 causa
360 2056 397 2088 ab
408 2056 515 2088 iisdem
527 2057 775 2091 confessionibus
786 2057 949 2089 audiendis
960 2055 1150 2096 suspendere,

163 2106 219 2129 aut
230 2097 377 2133 licentias
385 2099 448 2131 illis
458 2102 616 2133 concessas
624 2110 772 2133 revocare
782 2123 792 2138 ‚
803 2111 868 2133 non
879 2099 1074 2133 obstantibus
1084 2098 1151 2140 qui-

165 2140 357 2183 buscumque
368 2142 540 2184 privilegiis
551 2145 584 2176 in
603 2143 743 2177 favorem
761 2153 1033 2186 quarumcumque
1053 2138 1151 2182 perso-

159 2192 275 2219 narum
285 2206 295 2221 ‚
306 2195 402 2227 atque
413 2187 565 2219 ordinum
574 2199 585 2217 .·
607 2189 641 2219 &
659 2187 762 2228 qualis
782 2187 958 2229 hujusmodi
978 2185 1070 2221 causa
1092 2185 1150 2216 esse

157 2228 270 2261 debeat
281 2250 290 2265 ,
313 2228 397 2261 sacra
407 2228 628 2271 congregatio
640 2231 780 2272 negotiis
789 2253 799 2267 ,
821 2232 853 2262 &
863 2229 1150 2262 consultationibus

106 2287 110 2289 Α
158 2269 405 2314 Episcoporum,
425 2283 461 2305 ac
473 2272 682 2314 Regularium
695 2273 854 2315 praeposita
863 2272 1005 2308 censuit,
1028 2271 1151 2312 Episco-

165 2323 240 2354 pum
249 2316 395 2354 quamvis
405 2316 609 2358 simpliciter,
619 2319 651 2349 &
663 2317 775 2357 absque
787 2318 852 2348 ulla
862 2316 1009 2358 temporis
1020 2315 1151 2356 praefini-

160 2355 252 2388 tione
260 2359 478 2399 approbaverit
490 2358 664 2401 Regulares
674 2362 711 2393 ad
721 2359 930 2394 confessiones
951 2359 1151 2401 presonarum

162 2399 355 2434 saecularium
367 2402 538 2434 audiendas
549 2414 562 2440 ;
571 2404 652 2444 posse
662 2412 767 2437 tamen
778 2404 902 2435 eosdem
912 2425 922 2439 ‚
934 2404 955 2434 si
966 2412 1049 2434 nova
1060 2400 1136 2433 caus
1135 2412 1156 2435 a

163 2441 382 2482 superveniat,
402 2445 538 2486 utsupra
547 2468 557 2482 ‚
576 2446 757 2487 suspendere
765 2468 775 2483 ,
796 2457 830 2478 ac
845 2446 991 2478 licentias
1001 2445 1062 2478 illis
1073 2455 1151 2476 con-

166 2485 264 2520 cessas,
272 2495 420 2521 revocare
429 2509 444 2526 2,
458 2489 631 2521 dummodo
642 2490 732 2521 causa
751 2489 929 2530 hujusmodi
938 2487 1156 2522 confessiones,

164 2527 212 2568 ips
213 2538 428 2563 asconcernat
440 2553 451 2564 .,
459 2529 618 2566 Caeterum
631 2532 652 2564 si
664 2531 837 2572 Regulares
846 2542 921 2564 cum
930 2532 1088 2568 scandalo,
1099 2540 1152 2562 aut

166 2569 246 2603 alias
254 2571 418 2607 inhoneste
432 2574 541 2606 vivant
552 2596 562 2610 ,
573 2575 622 2607 vel
634 2574 762 2615 aliquod
773 2575 923 2607 delicium
934 2575 1151 2610 committant,

165 2624 291 2655 propter
300 2617 385 2656 quod
396 2616 583 2649 rationabili
594 2616 735 2658 Episcopi
749 2618 828 2658 judic
835 2617 866 2649 io
878 2617 1043 2652 videantur
1054 2620 1072 2650 a
1080 2627 1154 2648 con-

167 2656 351 2691 sessionibus
362 2659 585 2701 suspendendi,
597 2660 630 2692 in
644 2670 713 2700 quo,
720 2659 810 2700 ipsius
830 2660 973 2701 Episcopi
992 2661 1154 2693 conscien-

164 2700 242 2733 tiam
254 2702 354 2734 voluit
364 2703 422 2737 esse
433 2713 596 2735 oneratam
607 2725 617 2739 ,
639 2701 712 2737 cum
724 2703 876 2744 praecipua
891 2703 1029 2737 ministri
1046 2704 1155 2735 Sacra-

164 2744 477 2778 mentiPoenitentiae
487 2747 623 2788 qualitas
635 2746 845 2786 sitintegritas
861 2745 933 2779 vitae
944 2767 953 2781 ,
978 2756 1012 2779 ac
1029 2756 1153 2779 morum

164 2786 307 2820 honestas
320 2802 329 2821 ;
340 2789 448 2831 utique
459 2790 557 2823 etiam
568 2799 637 2823 eam
647 2788 771 2823 causam
782 2791 820 2821 ad
840 2788 1050 2822 confeffionis.
1063 2789 1160 2821 mini-

166 2830 292 2865 sterium
301 2834 458 2871 pertinere
469 2855 478 2868 ,
491 2843 524 2864 ac
538 2833 668 2873 proinde
677 2831 752 2865 nihil
764 2831 883 2865 obstare
894 2853 903 2868 ,
923 2832 1102 2872 quominus
1114 2833 1155 2863 ob

164 2884 233 2906 eain
243 2875 335 2917 possit
346 2875 512 2917 Episcopus
524 2875 697 2916 Regulates
706 2873 723 2907 ὰ
734 2875 895 2916 semetipso
906 2876 1089 2916 approbatos
1100 2876 1110 2907 s
1113 2875 1158 2907 us,

164 2919 296 2956 pendere
308 2941 318 2955 ,
342 2928 395 2950 aut
408 2920 554 2960 repellere
574 2919 591 2950 a
609 2917 857 2950 confessionibus
878 2918 1042 2950 audiendis
1053 2942 1061 2950 .

207 2959 338 3002 Qiinta
349 2962 390 2995 est
399 2962 430 2994 S.
441 2961 715 3003 congregationis
734 2960 901 2997 Concilii,
922 2971 960 2992 ut
977 2960 1062 2994 infra
1074 2986 1082 2994 .
1102 2962 1154 2994 An

117 3035 121 3039 ,
165 3001 339 3044 Regulares
347 3005 462 3046 poffint
472 3005 673 3045 personarum
682 3004 875 3037 saecularium
885 3014 945 3036 con
951 3003 977 3035 fe
983 3004 1094 3038 stiones
1105 3016 1156 3037 au-

170 3045 238 3078 dire
248 3047 364 3082 virtute
376 3049 578 3080 licentiarum
589 3047 605 3080 a
621 3047 890 3088 praedecessoribus
900 3046 1081 3080 Ordinariis
1099 3050 1156 3081 ob-

170 3097 329 3122 tentarum
340 3092 436 3124 etiam
446 3101 598 3124 renuente
609 3091 760 3132 Episcopo
769 3089 943 3122 Ordinatio
963 3100 1018 3132 pro
1037 3101 1156 3132 tempo-

169 3132 381 3165 reexistente:
408 3134 732 3176 SacraCongregatio
744 3133 864 3165 censuit
885 3133 986 3173 posse,
1004 3138 1155 3173 quamdiu

168 3173 335 3216 Episcopus
353 3187 418 3209 non
438 3178 631 3220 prohibuerit
645 3203 652 3208 .
672 3176 832 3209 Caeterum
851 3176 910 3208 esse
943 3176 978 3207 in
1005 3176 1155 3209 facultate

170 3216 315 3258 Episcopi
326 3219 501 3253 successoris
513 3221 583 3255 illos
594 3220 716 3253 rursum
728 3220 1014 3261 examinare,atque
1028 3220 1159 3255 interim,

172 3261 334 3302 prohibere
346 3285 354 3293 .

208 3303 463 3338 Decimtisnonus
483 3308 613 3340 babetur
629 3309 661 3338 in
681 3315 746 3347 cap.
769 3317 798 3337 2.
815 3304 894 3346 vers.
915 3304 1033 3354 Synodi
1051 3316 1157 3344 quoque

166 3345 235 3386 seffi
259 3358 310 3387 24.
332 3351 438 3388 quoad
466 3351 619 3384 accessum
648 3351 685 3381 ad
716 3349 877 3391 Synodum
907 3349 1127 3381 Dioecesanam
1148 3373 1155 3380 .

173 3389 302 3430 Qubus
325 3401 430 3424 autem
449 3392 566 3425 casibus
586 3404 623 3427 ex
643 3403 682 3425 eo
701 3391 841 3426 Decreto
871 3393 1007 3425 Abbates
1034 3393 1067 3424 &
1095 3392 1158 3424 Re-

176 3434 300 3474 gulares
330 3434 405 3475 cogi
431 3434 545 3475 possint
567 3437 604 3468 ad
634 3436 722 3468 illam
751 3437 899 3468 accedere
928 3446 965 3468 ex
1001 3434 1157 3468 sententia

1187 408 1233 439 vel
1255 410 1291 439 ad
1311 408 1507 450 Superiorem
1534 408 1724 448 Regularcm
1745 422 1751 440 z
1784 409 1956 450 Respondit
1985 412 2117 451 speckare
2139 414 2176 444 ad

1186 460 1354 492 utrumque
1366 474 1376 487 ,
1395 455 1427 483 ὅ(
1440 456 1475 485 :irs
1489 451 1698 485 Ordinarium
1710 475 1720 488 ,
1740 455 1771 485 &
1785 456 1821 485 ad
1834 454 2030 495 Superiorem
2042 478 2049 487 .
2070 454 2177 487 Postea

1185 493 1270 527 edita
1281 493 1339 527 suit
1350 494 1548 529 Constitutio
1559 496 1707 535 Gregorii
1720 496 1805 530 XIII.
1817 507 1884 538 quae
1896 498 2010 539 incipit
2021 521 2031 535 ,
2051 496 2174 537 Densa-

1184 539 1246 569 cris
1256 537 1430 576 virginibus
1442 561 1451 573 ,
1472 548 1539 579 quae
1550 539 1742 571 observanda
1752 539 1793 570 est
1805 562 1813 570 .

1228 580 1521 622 Vigesimuspi·imus
1531 582 1661 612 liabetur
1674 581 1705 612 in
1717 585 1826 630 eodem
1837 593 1904 625 cap.
1917 594 1944 624 3.
1955 586 1987 616 in
1997 583 2178 626 fin·ftffi25·
2200 593 2238 626 53

1183 624 1219 655 de
1228 625 1358 663 regular.
1378 625 1431 658 ubi
1444 624 1636 656 Monasseria
1648 624 1710 657 tzim
1722 635 1859 658 Virorum
1871 649 1879 662 ,
1899 627 1991 667 quam
2004 629 2173 660 mulierum

1183 669 1221 698 de
1232 677 1346 699 caetero
1357 667 1437 707 erigi
1450 667 1653 708 prohibentur
1665 669 1725 700 sine
1737 668 1890 709 Episcopi,
1903 671 1934 701 in
1945 671 2033 710 cujus
2043 671 2172 706 dia-cesi

1184 710 1336 751 erigenda
1346 710 1429 748 sunt,
1442 710 1572 743 licentia
1582 711 1665 751 prius
1676 712 1816 743 obtenta.
1828 711 1906 753 Qio
1916 714 2044 746 decreto
2054 714 2174 746 sublata

1182 752 1223 785 est
1237 754 1408 793 probibitio
1418 753 1573 786 Bonifacii
1585 754 1669 786 v111.
1681 757 1714 785 in
1725 764 1789 796 cap.
1802 766 1848 787 un.
1867 754 1903 786 de
1923 755 2027 795 exceff.
2049 759 2171 790 Praelar.

1181 795 1302 829 ulus&
1311 796 1416 829 Clem.
1427 800 1586 840 Cupientes
1593 796 1630 829 de
1640 800 1733 840 poenis
1745 821 1754 834 ,
1775 808 1808 829 ut
1818 798 1937 830 censuit
1948 799 1978 830 S.
1989 799 2171 842 Congrega—

1183 839 1229 871 tio
1240 863 1248 873 .
1310 851 1349 872 ua
1358 850 1464 874 tamen
1475 844 1513 872 de
1523 851 1555 874 re
1575 851 1685 873 extant
1705 841 1766 874 tria
1783 840 1921 874 Decreta
1933 841 2110 881 Apostolica
2120 867 2128 874 .

1226 882 1366 916 Primum
1384 884 1425 915 est
1445 883 1624 916 Clementis
1645 884 1729 916 VIII.
1746 884 1851 925 quide
1860 894 1936 917 voto
1947 884 1976 917 S.
1987 885 2170 926 (longi-ega-

1182 925 1281 959 tionis
1292 927 1514 968 Episcoporum
1525 950 1534 964 ,
1556 928 1588 958 &
1601 927 1806 967 Regulatium
1827 927 1880 960 sub
1898 927 1947 959 die
1969 933 2018 960 26.
2041 929 2170 970 Augusti

1187 973 1276 1010 1603.
1289 980 1378 1003 motu
1390 971 1514 1011 proprio
1525 970 1716 1007 declaravit,
1739 972 1883 1005 locorum
1904 971 2091 1004 Ordinarios
2104 982 2169 1004 nori

1181 1013 1262 1053 posse
1274 1013 1438 1048 licentiam
1450 1017 1486 1048 ad
1499 1024 1599 1047 novos
1609 1013 1958 1058 Conventus,cujusque
1969 1016 2065 1047 etiam
2077 1015 2170 1047 Men—

1180 1056 1359 1091 dicantium
1370 1056 1503 1091 Ordinis
1513 1058 1545 1089 in
1556 1057 1738 1092 civitatibus
1750 1080 1760 1094 ,
1778 1059 1811 1091 &
1824 1058 1911 1089 locis
1922 1068 2031 1090 eorum
2042 1059 2168 1090 ordina-

1180 1100 1235 1131 riae
1247 1100 1602 1143 jurisdistionisubjeciis
1612 1122 1621 1136 ‚
1641 1102 1807 1141 erigendos
1819 1101 1983 1142 impertiri,
1996 1101 2053 1133 nisi
2066 1112 2162 1133 voca-

1181 1143 1221 1174 tis
1231 1165 1241 1179 ,
1260 1145 1291 1174 &
1303 1144 1417 1176 auditis
1428 1144 1562 1176 aliorum
1574 1144 1606 1174 in
1615 1143 1729 1175 eisdem
1740 1145 1925 1177 civitatibus
1934 1167 1943 1180 ,
1968 1145 2090 1177 &locis
2102 1144 2165 1176 exi-

1182 1186 1326 1220 stentium
1337 1185 1566 1219 Conventuum
1578 1186 1738 1219 Prioribus
1747 1210 1757 1224 ‚
1779 1188 1828 1220 seu
1840 1187 2103 1220 Procuratoribus
2114 1210 2125 1225 ,
2135 1189 2169 1220 ὃς

1181 1229 1249 1262 aliis
1261 1230 1402 1264 interesse
1423 1230 1609 1265 habentibus
1620 1252 1628 1266 ,
1649 1233 1681 1261 ὃς
1702 1230 1792 1262 causa
1811 1231 1936 1263 servatis
1949 1231 2106 1264 servandis
2117 1242 2170 1263 co-

1180 1275 1269 1313 gnita
1280 1273 1457 1308 constiterit
1467 1297 1476 1310 ,
1489 1273 1522 1305 in
1534 1273 1646 1306 eisdem
1658 1273 1856 1310 civitatibus,
1867 1276 1898 1306 δέ
1910 1275 1988 1308 locis
1999 1285 2099 1306 novos
2110 1275 2166 1306 hu-

1179 1316 1313 1358 Jusmodi
1332 1317 1498 1356 erigendos
1518 1316 1706 1349 Conventus
1728 1317 1789 1348 sine
1811 1318 1946 1351 aliorum
1974 1318 2168 1350 detrimento

1179 1359 1348 1394 commode
1361 1360 1521 1392 sustentari
1532 1360 1629 1400 posse.
1651 1359 1685 1391 Si
1704 1361 1778 1392 vero
1798 1361 1835 1391 ab
1846 1371 1955 1393 eorum
1967 1361 2000 1394 in
2010 1361 2102 1402 liujus
2100 1372 2168 1393 mo-

1178 1403 1210 1435 di
1221 1403 1319 1435 causis
1329 1403 1491 1436 sententiis
1511 1406 1547 1435 ad
1566 1403 1781 1443 Apostolicam
1799 1403 1911 1436 Sedem
1929 1406 2093 1444 provocari
2106 1426 2115 1441 ,
2135 1405 2169 1436 &

1179 1446 1324 1488 appellari
1336 1447 1509 1487 contigerit
1520 1469 1529 1482 ,
1549 1446 1626 1486 ipsos
1636 1446 1827 1478 Ordinatios
1846 1448 1966 1479 tamdiu
1977 1446 2168 1479 erestionem

1179 1499 1336 1522 novorum
1354 1490 1426 1522 Coti
1432 1500 1583 1522 ventuum
1602 1490 1780 1530 suspendere
1798 1490 1909 1522 debere
1919 1512 1929 1527 ,
1947 1491 2108 1531 quousque
2130 1491 2168 1522 ab

1179 1533 1362 1573 Apostolica
1381 1533 1458 1565 Sede
1479 1544 1511 1564 in
1523 1535 1631 1566 eadem
1642 1533 1732 1565 causa
1751 1533 1996 1574 pronunciatum
2006 1533 2148 1566 extiterit
2158 1556 2168 1570 ,

1178 1575 1304 1608 irritum
1315 1578 1378 1609 &c.
1390 1577 1535 1609 Alterum
1546 1576 1719 1609 Decretum
1730 1578 1770 1612 est
1782 1577 1931 1617 Gregorii
1941 1577 2012 1609 XV.
2022 1587 2087 1619 quo
2097 1577 2167 1609 sau-

1179 1620 1281 1654 citum
1293 1620 1344 1657 est,
1357 1629 1392 1652 ut
1403 1621 1550 1660 deinceps
1561 1620 1636 1651 novi
1646 1618 1834 1652 Conventus
1844 1631 1910 1652 non
1921 1621 2095 1661 erigantur,
2108 1620 2168 1652 nisi

1178 1663 1211 1695 in
1220 1663 1264 1696 eis
1273 1664 1443 1695 duodecim
1455 1664 1560 1695 saltem
1573 1662 1725 1705 Religiosi
1737 1665 1848 1704 degere
1858 1685 1868 1700 ,
1892 1665 1925 1695 &
1936 1674 1972 1697 ex
1983 1664 2169 1700 redditibus,

1180 1708 1212 1738 &
1225 1707 1383 1738 consuetis
1395 1706 1598 1747 eleemosynis
1618 1716 1834 1748 competenter
1854 1706 2014 1740 sustentari
2026 1708 2169 1739 valeant.

1219 1749 1367 1782 Tertium
1376 1749 1629 1785 S.D.N.Urbani
1641 1750 1725 1781 VIII.
1737 1760 1801 1791 quo
1809 1750 2013 1793 adjiciamus
2024 1749 2171 1791 alioquin

1177 1792 1367 1826 Conventus
1380 1793 1580 1834 imposterum
1587 1793 1729 1834 erigendi
1740 1815 1750 1830 ‚
1761 1793 1793 1824 in
1803 1794 1916 1834 quibus
1925 1794 2094 1826 duodecim
2105 1792 2168 1825 Re-

1178 1836 1292 1877 ligiosi,
1302 1846 1336 1868 ut
1347 1836 1445 1877 supra,
1456 1836 1734 1877 sustentari,atque
1744 1836 1922 1869 inhabitare
1933 1848 1999 1869 non
2009 1845 2170 1878 poterunt,

1178 1882 1211 1911 &
1222 1878 1291 1911 aestu
1303 1890 1369 1913 non
1378 1880 1601 1916 habitaverint,
1611 1879 1777 1911 Ordinarii
1788 1880 1850 1912 loci
1862 1880 2033 1912 visitationi
2044 1902 2054 1917 ‚
2066 1890 2170 1912 corre-

1178 1923 1277 1958 c‘tioni
1288 1945 1297 1959 ,
1318 1933 1410 1964 atque
1421 1923 1612 1954 omnimodae
1626 1922 1829 1964 jurisdidkioni
1849 1922 1975 1966 subjeisti
1985 1925 2043 1955 esse
2055 1923 2174 1955 intelli—

1182 1976 1299 2008 gantur
1312 1988 1321 2002 ,
1343 1976 1377 1997 ιιι
1387 1966 1492 1998 dicam
1504 1965 1584 1997 infra
1594 1978 1624 1998 n.
1635 1970 1693 2005 78„

1221 2009 1396 2042 Consuevit
1405 2012 1595 2050 quandoque
1604 2009 1967 2051 dubirai·i,an2Episcopis
1981 2009 2076 2041 liceat
2086 2009 2173 2041 ordi-

1181 2054 1271 2085 naria
1282 2053 1472 2085 authoritate
1484 2052 1719 2085 Monasterium,
1727 2053 1922 2090 Monialium
1933 2052 2051 2094 erigere
2061 2052 2095 2083 in
2106 2053 2171 2084 vim

1179 2096 1262 2130 dicia
1273 2107 1296 2127 c.
1305 2094 1403 2137 3.seff.
1416 2104 1466 2135 25.
1478 2095 1513 2127 de
1522 2096 1614 2135 regul.
1625 2096 1765 2128 Pradlzica
1775 2096 1827 2133 est,
1838 2106 1872 2129 ut
1884 2095 2057 2128 ereffiones
2069 2097 2145 2128 fiant
2155 2096 2173 2127 a
2191 2121 2198 2129 ,

1180 2140 1257 2172 Sede
1269 2138 1450 2179 Apostolica
1459 2161 1469 2175 ,
1478 2149 1547 2172 tum
1557 2149 1681 2181 propter
1691 2140 1808 2180 gratias
1818 2162 1828 2176 ,
1839 2139 2073 2180 indulgentias,
2084 2138 2176 2179 privi-

1181 2182 1539 2224 legia,&exemptiones
1550 2204 1559 2219 ‚
1578 2193 1647 2223 quae
1659 2183 1758 2215 abilla
1769 2183 1978 2222 impetrantur
1990 2193 1998 2219 ·‚
2020 2192 2095 2214 num
2107 2192 2175 2223 pro-

1181 2236 1248 2268 pter
1258 2226 1444 2258 facultatem
1455 2225 1611 2258 educendi
1621 2226 1814 2260 Abbatissam
1835 2236 1870 2257 ex
1889 2226 1960 2257 aliis
1972 2225 2175 2257 Monasteriis

1181 2281 1236 2311 pro
1247 2269 1325 2303 novi
1333 2268 1521 2303 Monaflerii
1533 2268 1731 2301 institutione
1744 2293 1751 2301 .
1771 2268 1857 2303 Cum
1868 2269 1953 2300 enim
1964 2270 2028 2302 lixc
2041 2268 2173 2300 facultas

1182 2313 1275 2347 fuerit
1288 2312 1445 2353 Episcopis
1460 2314 1603 2354 adempta
1614 2323 1666 2353 per
1676 2311 1946 2346 Constitutionem
1958 2311 2037 2345 &Pii
2048 2311 2176 2351 V.supei·

1181 2357 1319 2388 clausula
1332 2355 1526 2390 Monialiuin
1537 2366 1592 2393 ,ut
1604 2356 1753 2387 idcmmet
1764 2355 1871 2386 §.Pius
1883 2355 2108 2391 V.declaravit·,
2121 2354 2176 2386 illa

1181 2410 1247 2433 non
1258 2399 1396 2435 cosuevit
1407 2398 1541 2430 concedi
1554 2398 1609 2430 nisi
1630 2408 1684 2439 pro
1696 2398 1891 2430 monasteriis
1902 2398 2056 2438 erigendis
2068 2398 2179 2429 autho-

1181 2444 1275 2475 ritate
1286 2442 1467 2483 Apostolica
1475 2465 1482 2473 .
1493 2441 1746 2482 Supplicaiiones
1757 2451 1861 2473 autem
1872 2441 2060 2483 rejiciuntur
2071 2441 2087 2471 a
2099 2440 2176 2471 San-

1182 2486 1318 2520 ffiffimo
1329 2488 1365 2518 ad
1377 2484 1670 2524 congregationem
1682 2484 1954 2525 Episcoporiim‚ac
1968 2483 2178 2524 Re'gularium

1182 2530 1216 2562 in
1227 2540 1289 2571 qua
1298 2529 1518 2561 examinantur
1527 2528 1728 2562 conditiones
1740 2550 1750 2564 ,
1760 2529 1793 2559 &
1803 2528 1970 2568 qualitates
1982 2530 2017 2558 ad
2032 2527 2062 2558 id
2074 2526 2178 2566 requi-

1183 2574 1256 2609 sltae,
1268 2570 1378 2612 nempe
1390 2582 1423 2603 ut
1436 2570 1549 2605 erediio
1561 2581 1626 2604 non
1637 2572 1690 2602 fiat
1704 2581 1760 2611 pro
1769 2570 1910 2612 pauciori
1921 2580 2052 2602 numero
2063 2591 2072 2605 ‚
2083 2569 2177 2610 quam

1184 2615 1353 2649 duodecim
1373 2614 1569 2648 Monialium
1586 2614 1821 2646 Clioristamm:
1844 2624 1878 2645 ut
1895 2617 1953 2645 dos
1970 2612 2178 2645 constituatur

1184 2659 1293 2692 nonin
1305 2657 1518 2694 censibus,sed
1530 2658 1562 2689 in
1572 2658 1662 2689 bonis
1675 2657 1831 2689 stabilibus
1841 2656 2012 2698 frugiferis„
2024 2667 2058 2688 ac
2070 2655 2178 2689 liberis

1185 2703 1222 2737 ab
1233 2702 1323 2733 omni
1336 2712 1444 2737 onere,
1456 2702 1489 2732 &
1500 2701 1736 2733 fideicommisso
1747 2701 1913 2741 purificato
1923 2722 1932 2737 ,
1942 2710 1997 2732 aut
2012 2699 2179 2740 purifican-

1185 2748 1243 2781 do·,
1263 2747 1296 2776 &
1307 2754 1373 2776 non
1384 2744 1517 2775 minoris
1529 2743 1667 2775 redditus
1678 2754 1734 2784 pro
1744 2743 1831 2775 dicto
1847 2754 1979 2778 numero
1988 2742 2158 2784 duodecim
2168 2763 2178 2778 ‚

1185 2789 1278 2830 quam
1291 2797 1507 2820 trecentorum
1520 2787 1719 2818 Ducatorum
1728 2797 1894 2819 aureorum
1904 2809 1914 2823 ,
1934 2785 2107 2828 &majoris
2120 2795 2179 2826 pro

1187 2834 1329 2863 locorum
1340 2830 1592 2870 qualitate,ultra
1605 2832 1694 2861 dotes
1705 2830 1878 2862 ordinarias
1887 2830 1904 2862 a
1915 2830 2026 2869 puellis
2035 2827 2179 2861 deferen-

1185 2879 1258 2907 das:
1281 2884 1315 2905 ut
1325 2873 1547 2906 monasterium
1557 2873 1696 2912 erigatur
1708 2873 1791 2905 intra
1801 2873 1908 2914 menia
1918 2873 1949 2904 in
1965 2874 2035 2903 loco
2048 2871 2181 2907 salubri,

1186 2929 1221 2949 ac
1235 2916 1334 2949 libero
1344 2916 1362 2947 τὶ
1371 2916 1443 2957 pros
1441 2915 1539 2957 pec‘tu:
1553 2925 1586 2947 ιιι
1598 2915 1728 2952 fabrica,
1738 2915 2041 2953 clausura2Ecclesia
2053 2915 2182 2946 interio-

1186 2962 1230 2996 ri,
1242 2962 1274 2991 &
1286 2959 1455 2996 exteriori,
1467 2960 1539 2990 loco
1553 2970 1608 2999 pro
1617 2959 1747 2993 novitiis
1757 2958 1919 2996 distincto,
1931 2969 2024 3000 atque
2036 2958 2181 2989 omnibus

1185 3003 1319 3038 officinis
1331 3003 1366 3034 sit
1377 3002 1564 3037 sufficienter
1577 3001 1758 3034 instruetum
1768 3025 1778 3039 ,
1798 3004 1832 3035 &
1844 3003 1906 3035 alia
1918 3003 1948 3033 id
1960 3012 2058 3043 genus
2069 3023 2077 3031 .

1229 3046 1556 3087 Vigesimussecundus
1565 3046 1694 3077 liabetur
1704 3047 1737 3076 in
1746 3056 1812 3087 cap.
1823 3045 2032 3087 4.seffi021·.15-
2046 3042 2082 3074 de
2091 3042 2185 3081 regul..

1187 3090 1292 3122 inillis
1304 3089 1424 3120 verbis:
1444 3099 1501 3120 nec
1517 3089 1594 3120 licet
1610 3087 1824 3129 Regularibus
1843 3089 1859 3120 a
1879 3089 1938 3121 suis
1957 3086 2180 3132 Conventibus

1186 3135 1329 3165 recedere
1340 3132 1435 3164 etiam
1449 3141 1598 3172 praetextu
1617 3133 1654 3164 ad
1677 3131 1856 3173 Superiores
1867 3130 2055 3165 accedendi,
2076 3128 2131 3176 nisi
2143 3129 2181 3159 ab

1186 3176 1299 3207 eisdem
1308 3175 1386 3207 missi
1398 3197 1408 3210 ,
1429 3184 1482 3205 aut
1505 3174 1610 3206 vocati
1629 3174 1746 3208 fuerint
1758 3199 1765 3207 .
1787 3175 1856 3215 Qii
1881 3174 1955 3209 vero
1965 3172 2027 3205 sine
2035 3170 2182 3219 ριᾷάιόῇο

1187 3220 1338 3250 mandato
1348 3219 1381 3249 in
1391 3217 1510 3258 scriptis
1521 3219 1802 3259 obtentorepei·tus
1815 3218 1908 3249 fuerit
1919 3238 1930 3253 ,
1953 3215 1990 3247 ab
2000 3214 2182 3246 Ordinariis

1188 3264 1504 3301 locorumtamquam
1516 3261 1707 3293 desei-torsui
1721 3261 1854 3293 instituti
1865 3259 2012 3300 puniatur
2023 3280 2031 3288 .

2205 3051 2245 3083 54

1231 3304 1518 3344 Vigesimustei·tius
1538 3304 1669 3338 liabetur
1679 3305 1710 3335 in
1725 3307 1835 3335 eodem
1846 3312 1910 3342 rap.
1922 3312 1953 3341 4.
1965 3299 2124 3342 infimubi
2134 3301 2187 3331 de·
2210 3306 2245 3338 55

1188 3347 1331 3381 cerni-tur
1341 3369 1351 3383 ‚
1364 3356 1397 3378 ut
1409 3345 1580 3387 Regulares
1591 3369 1600 3383 ,
1617 3348 1671 3387 qui
1684 3347 1853 3378 studiorum
1864 3345 1955 3376 causa
1967 3346 2003 3376 ad
2016 3342 2182 3375 Universi—

1188 3400 1267 3422 tates
1278 3390 1469 3426 mittuntur,
1490 3389 1522 3421 in
1543 3389 1764 3421 Conventibus
1786 3387 2085 3424 tanu‘unliabitenu
2106 3387 2183 3418 alio-

1186 3434 1265 3476 quin
1285 3434 1323 3466 ab
1344 3432 1524 3465 Ordinariis
1542 3432 1715 3474 puniantur
1730 3454 1738 3463 .
2046 3473 2084 3503 V-

2077 3482 2138 3511 ige-
