2397 3664
319 85 391 139 66

263 168 414 196 dumento
429 171 510 194 num.
521 162 631 200 252&
652 160 756 200 soepius
766 155 933 194 repetitum
950 154 990 185 est
1013 165 1020 184 :
1044 154 1126 193 Ergo
1143 153 1247 184 Medi-

259 218 313 240 cus
324 228 334 242 ,
354 209 408 248 qui
419 205 552 246 sequitur
564 212 681 245 partem
697 198 801 233 minus
812 197 1021 238 probabilem,
1041 206 1107 228 non
1129 195 1246 229 satisfa-

257 255 300 283 cit
310 250 416 282 officio
434 247 504 283 su03
525 249 557 279 δι
581 247 621 278 sic
632 251 738 286 peccat
759 250 869 272 contra
877 240 1045 282 justitiam,
1067 239 1088 270 l.
1098 238 1183 270 Idem
1201 238 1246 277 iu-

258 299 303 324 m
312 314 322 328 ‚
337 291 375 335 ff
385 290 427 323 ad
435 292 456 323 Ι,
467 290 629 328 Aquiliam
640 307 650 319 ,
673 287 695 317 l.
706 282 869 317 Medicus,
883 281 921 324 ff.
934 280 971 313 cie
980 293 1049 314 var.
1060 280 1098 314 (9·
1106 291 1245 314 extraor.

260 338 369 376 τομὴ.
380 336 401 367 l.
412 335 549 367 Illicitas
556 352 565 367 ‚
574 330 702 368 §.Sicuti
711 325 760 370 ‚ff-
771 325 807 358 de
816 326 891 368 offic.
900 328 965 359 ΡΜ
962 324 1024 368 fid.
1037 324 1160 357 Deinde
1169 335 1247 356 con-

259 390 307 411 tra
318 377 493 420 praeditstam
511 374 665 406 rationem
675 380 763 413 urget
773 389 783 405 ,
803 371 877 410 quia
887 370 907 402 si
919 369 1054 402 charitas
1064 389 1074 403 ,
1095 377 1149 400 aut
1159 378 1246 399 amor

283 418 554 460 roximipostulat.
576 416 746 447 utcettiori
756 415 872 447 modo,
893 422 956 454 quo
973 412 1145 453 possumus,
1165 421 1247 452 aegro

262 434 477 495 iiibveniamus
488 481 497 494 ,
520 459 596 491 sicut
606 457 720 491 fatetur
728 456 869 488 Sanchez
881 468 887 485 :
897 464 952 487 cur
961 457 1056 487 etiam
1066 462 1156 485 amor
1164 454 1228 485 veri
1239 475 1247 488 ‚

259 506 378 538 &resti
389 526 398 540 ‚
419 505 503 545 quod
519 505 551 533 in
561 502 708 533 omnibus
729 498 906 531 actionibus
916 498 1025 531 nostris
1043 497 1177 538 speetare
1195 499 1248 528 de-

262 554 388 582 bemus,
410 547 432 578 l.
447 542 513 587 ΜΤ.
524 544 562 576 de
578 541 757 585 just.&7'ur.
769 543 954 574 nonitidem
971 540 1116 582 postulat,
1140 550 1247 573 ηιατ-

259 592 334 625 riori
344 591 438 622 modo
447 609 457 623 ,
466 584 531 629 quo
540 588 694 629 possumus
704 607 714 621 ‚
737 587 812 618 illud
822 586 1031 626 affequamut?
1054 582 1184 624 Qtippe
1195 594 1245 614 ve-

260 645 328 667 rum
349 635 382 665 &
404 631 524 665 redium
542 632 584 663 est
601 630 963 671 participatioquaedam,
985 629 1019 659 ὃ(
1036 627 1154 658 summa
1164 626 1248 658 simi-

260 678 360 709 litudo
378 677 479 708 divini
496 675 552 707 effe
564 695 572 708 ‚
595 676 627 705 ὃ(
646 672 764 706 summe
783 671 799 703 a
811 672 882 702 Deo
897 670 1058 712 diligitur,
1078 667 1248 702 secundum

260 722 334 752 »llud
345 719 453 750 Psalmi
467 728 514 757 50.
528 720 554 749 E
557 728 604 750 cce
613 719 692 749 enim
703 717 870 747 veritatem
878 712 1020 754 dilexisti
1031 734 1040 747 ,
1057 712 1187 744 &Oseae
1201 721 1247 752 14.

263 774 310 795 10:
329 762 419 795 Retia
435 764 491 793 viae
501 762 631 793 Domini
647 772 653 790 :
675 770 710 791 ac
730 756 858 799 proinde
868 757 1103 789 anteferendum
1121 754 1161 787 est
1179 765 1248 786 om-

259 808 351 840 nibus
369 805 610 846 temporalibus,
631 801 820 835 &humanis
834 801 1030 834 commodis,
1051 800 1126 839 quia
1143 797 1184 829 est
1194 798 1248 830 bo-

257 860 336 882 num
344 849 502 890 quoddam
511 847 703 890 ptaecellens,
724 853 817 885 atque
827 843 991 877 divinum,
1011 840 1249 881 cap-Consuetu-

258 893 296 925 do
307 896 334 924 8.
346 889 477 932 άιβὶηἱὶ.
488 899 552 931 cap.
563 890 673 922 Nolite
683 889 791 919 timere
806 895 816 917 1
828 894 852 918 r:
863 885 956 926 quaest.
968 894 994 924 3.
1002 894 1065 924 cap.
1076 885 1142 930 ἐπὶ
1157 883 1249 925 scan-

259 937 475 971 dalizaverit,
497 943 570 966 cum
581 933 622 964 ibi
633 933 769 965 notatis,
790 928 827 960 de
842 939 903 967 reg.
915 927 1070 975 jur-Ergo·
1087 931 1107 959 li
1119 937 1155 958 ex
1175 927 1249 960 cba-

260 982 352 1010 ritate
370 988 442 1019 erga
465 977 626 1009 infirmum
648 982 790 1006 tenemur
807 974 854 1004 uti
876 973 982 1003 medio
996 972 1142 1005 certiori,
1164 980 1198 1003 ut
1220 972 1249 1002 ei

259 1023 475 1057 subveniamus
493 1031 500 1050 :
522 1017 605 1051 certe
616 1027 680 1048 non
691 1014 795 1047 minus
818 1024 855 1046 ex
865 1024 970 1047 amore
988 1015 1074 1048 veri,
1095 1015 1129 1046 &
1152 1013 1250 1048 resti,

260 1067 344 1106 quod
354 1064 468 1095 anobis
478 1062 585 1102 diligi,
607 1061 640 1093 ὃ(
651 1060 740 1091 omni
750 1058 851 1090 studio
864 1057 983 1098 inquiri
992 1058 1084 1089 debet
1093 1077 1103 1092 ,
1124 1059 1249 1097 &quod

262 1108 318 1139 nili
342 1107 380 1138 fic
402 1107 614 1146 inquiramus,
635 1104 670 1136 δε
691 1111 852 1135 amemus,
874 1110 1038 1141 peccamus
1059 1099 1249 1134 formaliter,

259 1161 324 1182 non
334 1150 457 1182 tantum
467 1147 670 1179 materialiter
679 1165 689 1180 ,
705 1154 805 1185 neque
813 1142 996 1176 excusamur
1005 1153 1041 1175 ex
1052 1145 1231 1185 ignorantia
1240 1163 1249 1177 ‚

257 1202 399 1227 tenemur
409 1193 536 1223 certiori
547 1192 592 1221 uti
605 1190 710 1222 medio
719 1208 729 1221 ,
742 1197 775 1219 ut
785 1187 861 1219 illud
871 1187 1062 1228 assequamur
1072 1207 1080 1215 .
1094 1186 1132 1218 Et
1141 1196 1249 1227 quem-

259 1237 429 1268 admodum
444 1236 576 1276 quinon
596 1234 693 1264 utitur
703 1232 829 1262 certiori
845 1231 940 1262 modo
950 1231 987 1261 ad
1006 1229 1250 1262 subveniendum

257 1278 636 1313 infirmmconvincltur,
652 1285 689 1306 ex
699 1273 858 1308 Sanchez,
879 1272 1081 1313 &Vasquez‚
1103 1282 1167 1303 non
1179 1273 1250 1303 dili-

257 1333 327 1364 gere
338 1321 498 1353 infirmum
509 1341 518 1355 ,
538 1321 571 1351 &
584 1328 691 1360 peccat
707 1329 714 1348 ε
729 1317 975 1357 itaquicumque
993 1325 1058 1347 non
1067 1318 1165 1347 utitur
1184 1325 1249 1347 me-

259 1367 313 1399 dio
329 1366 456 1396 certiori
467 1365 505 1396 ad
522 1363 741 1403 assequendum
758 1369 884 1393 verum,
907 1360 942 1392 &
963 1358 1104 1393 redium,
1125 1358 1176 1390 seu
1194 1357 1249 1389 ho-

259 1409 399 1441 nestum,
420 1409 667 1438 convinciturex
689 1403 822 1444 liocipso
837 1403 895 1434 esse
905 1402 1023 1437 malus,
1045 1403 1078 1433 8(-
1096 1411 1160 1433 non
1178 1402 1249 1432 dili-

260 1462 329 1489 gere
341 1450 443 1482 Deum
456 1471 463 1484 ‚
486 1451 538 1491 qui
548 1450 587 1480 est
598 1448 660 1489 ipsa
672 1450 786 1478 veritas
796 1466 806 1480 ,
824 1447 910 1487 Joan.
925 1454 971 1485 14.
981 1452 1044 1486 cap.
1053 1447 1091 1477 Si
1099 1444 1248 1485 confitetu-

258 1486 360 1527 Liiaesw
380 1492 550 1535 &dash-'ntia
567 1492 647 1531 glaff.
659 1494 691 1522 in
708 1491 889 1528 Extravag.
899 1488 995 1521 Sedes
1016 1485 1194 1529 Apostolica
1215 1489 1248 1519 in

257 1549 323 1570 vem
335 1539 505 1569 17‘T;⁴r1'tatem
523 1534 559 1569 de
569 1535 643 1578 offic.
654 1534 747 1573 deleg.
758 1532 905 1566 Praeterea
920 1532 1120 1566 Sacerdotes,
1141 1534 1175 1563 &
1193 1530 1247 1562 Pa-

175 1586 234 1621 296
258 1580 499 1613 lioresEcclesiae
518 1578 586 1612 sunt
595 1578 716 1612 Medici
734 1576 926 1618 spirituales,
946 1577 1000 1616 qui
1012 1575 1248 1607 medenturlan-

171 2066 232 2095 297

184 2746 242 2782 298

257 1626 407 1667 gum-'rbus
418 1625 529 1658 aniruae
539 1644 548 1658 ,
568 1630 632 1662 cap.
641 1620 825 1665 Inferiorum
842 1621 893 1651 86.
901 1618 1033 1661 distinet.
1045 1618 1083 1650 <ff
1098 1617 1246 1660 capseqq.

257 1676 320 1708 cap.
331 1668 407 1699 Non
416 1678 470 1698 vos
481 1673 508 1705 5.
517 1663 611 1707 quaest.
616 1672 642 1704 5.
653 1672 717 1704 cap.
730 1662 872 1698 Recedite
882 1670 931 1702 45.
941 1660 1074 1703 dastinst.
1086 1669 1148 1701 cap.
1159 1661 1248 1704 Qod

248 1711 351 1754 faciet
363 1720 409 1752 23.
417 1707 542 1752 quaest.4.
551 1711 584 1741 δε
596 1708 702 1741 innuit
712 1705 840 1739 Concil.
850 1702 1122 1745 Trident.scffi14.
1132 1703 1169 1736 de
1178 1706 1249 1737 Poe-

257 1756 390 1787 nitentia
406 1756 608 1785 Sacramenta
618 1771 628 1786 ,
646 1759 710 1790 cap.
722 1758 748 1789 ς.
758 1748 838 1791 ver-fi
848 1750 887 1781 Si
899 1751 980 1780 enim
991 1747 1142 1788 erubescat
1159 1758 1248 1786 egro-

254 1807 317 1831 tus.
340 1796 451 1840 Qare
463 1796 482 1827 si
502 1795 649 1829 Medicus
659 1793 846 1834 corporalis,
869 1793 1022 1824 utdicunt
1031 1790 1172 1822 Sanchez
1182 1811 1192 1825 ‚
1213 1792 1247 1822 ὃς

252 1840 396 1882 Vasquez
407 1860 417 1874 ,
438 1849 475 1871 ex
485 1839 637 1871 charitate
647 1845 770 1869 tenetur
781 1837 827 1868 uti
836 1836 962 1867 certiori
978 1835 1084 1865 medio
1093 1835 1130 1865 ad
1141 1833 1249 1865 subve-

255 1886 407 1916 niendum
417 1882 559 1923 proximo
573 1883 606 1913 in
613 1881 798 1922 :egritudine
806 1879 946 1919 corporis
965 1888 972 1908 ε
990 1877 1166 1910 curitidem
1177 1877 1248 1908 Me-

255 1930 343 1958 dicus
367 1925 533 1966 spititualis
553 1934 618 1955 non
633 1932 776 1956 teneatur
794 1931 831 1954 ex
849 1930 1001 1962 praecepto
1019 1920 1182 1954 charitatis
1200 1922 1247 1950 uti

255 1969 383 2001 certiori
401 1970 507 2000 medio
523 1968 562 1999 ad
581 1965 828 1998 subveniendum
845 1965 990 2005 proxImo
1007 1965 1042 1995 in
1063 1962 1247 2004 aegritudine

253 2015 368 2045 animae
378 2032 387 2047 ,
395 2022 462 2052 quae
474 2007 634 2051 pretiosior
643 2009 683 2041 est
691 2018 819 2049 corpore
830 2013 840 2039 ἓ
851 2008 931 2039 Item
943 2027 953 2041 ,
964 2007 984 2038 fi
995 2007 1172 2038 cavendum
1181 2005 1221 2037 est
1231 2005 1247 2038 a

255 2056 387 2089 Medico
395 2054 568 2096 corporali,
589 2054 643 2094 qui
654 2051 850 2093 propinando
859 2052 1051 2083 medicinam
1059 2048 1248 2090 probabilius

257 2101 435 2131 nocituram
444 2098 561 2128 occidit
571 2106 682 2136 corpus
692 2116 702 2129 ,
723 2104 758 2126 ut
767 2093 904 2125 fatentur
912 2092 1090 2126 Adversarii
1104 2104 1110 2123 :
1126 2091 1248 2133 quanto

254 2145 355 2183 magis
364 2142 540 2173 cavendum
549 2139 589 2171 est
598 2138 614 2173 a
624 2138 754 2171 Medico
764 2136 914 2178 spirituali
923 2156 933 2171 ,
951 2138 985 2169 &
996 2136 1171 2167 consultore
1181 2136 1250 2166 ani-

258 2194 380 2217 marum
389 2205 399 2220 ‚
418 2186 475 2225 qui
496 2183 660 2224 praebendo
679 2179 887 2222 perniciosum
906 2178 1070 2211 consilium
1087 2178 1249 2219 opinionis

256 2229 362 2260 minus
376 2227 562 2269 probabilis,
583 2236 619 2257 ac
635 2223 741 2257 minus
751 2233 845 2258 tutae,
865 2221 984 2254 occidit
993 2223 1153 2255 animam,
1171 2219 1249 2251 cum

257 2282 340 2303 mors
351 2281 464 2304 aeterna
474 2269 574 2311 magis
583 2269 619 2301 sit
627 2268 825 2300 formidanda
835 2287 844 2302 ,
852 2265 947 2306 quam
957 2274 1041 2296 mors
1049 2263 1229 2305 temporalis
1240 2269 1248 2295 Ξ

255 2324 319 2354 cap.
331 2317 441 2347 Faciat
447 2313 531 2346 homo
541 2333 551 2347 ,
561 2313 728 2353 cap-Omne
735 2315 828 2349 genus
837 2330 847 2344 ,
856 2307 894 2341 (ῥ’
903 2316 967 2349 cap.
976 2309 1088 2345 Siquis
1098 2317 1146 2338 22.
1156 2305 1249 2347 quaest.

262 2368 285 2389 1.
296 2357 460 2399 ‹Qinimb
469 2356 514 2389 ait
525 2356 683 2388 Dominus
694 2357 727 2386 in
737 2353 925 2393 Euangelio:
938 2352 1052 2382 Nolite
1061 2352 1171 2383 timere
1183 2360 1231 2380 eos
1240 2369 1250 2384 ,

258 2403 307 2439 qni
317 2398 453 2433 occidunt
462 2407 565 2439 corpus
572 2420 582 2434 ‚
596 2401 732 2430 animam
741 2406 840 2428 autem
851 2407 909 2426 non
916 2394 1032 2441 possiam
1040 2392 1173 2425 occidere
1181 2391 1251 2433 :sed

257 2444 361 2484 potiias
371 2445 477 2475 timete
497 2453 560 2474 cum
568 2463 578 2477 ,
593 2444 643 2480 qui
652 2439 745 2481 potest
764 2440 801 2471 (⁴5¹
808 2440 944 2470 animam
962 2443 1110 2477 &corpus
1126 2435 1252 2476 perdere

258 2492 290 2520 in
298 2487 464 2526 gehennam
475 2508 481 2516 .
493 2484 637 2517 Matthaei
651 2494 697 2517 ιο.
711 2486 758 2515 28.
767 2481 799 2514 d.
808 2493 833 2514 c.
844 2482 956 2513 Nolite
964 2483 1073 2513 timere
1088 2489 1097 2510 1
1109 2489 1133 2511 1.
1143 2488 1201 2519 q.3.
1213 2478 1252 2510 Et

260 2531 330 2562 sane
349 2528 521 2572 plurimum
531 2529 701 2560 dolendum
721 2526 781 2560 est,
802 2525 887 2566 quod
898 2527 932 2556 in
942 2523 1177 2557 causisnostris,
1198 2523 1251 2553 ubi

261 2575 362 2615 agitur
373 2575 410 2604 de
421 2572 558 2614 periculo
568 2572 707 2611 corporis
715 2590 726 2605 ,
747 2578 802 2601 aut
811 2577 915 2599 rerum
932 2567 1152 2613 temporalium
1162 2585 1172 2599 ,
1194 2566 1253 2596 mi-

264 2627 320 2648 nus
332 2616 517 2657 probabilem
528 2634 538 2649 ‚
559 2625 595 2646 ac
613 2613 717 2645 minus
727 2622 828 2644 tutam
844 2612 1030 2652 opinionem
1041 2609 1123 2649 sequi
1143 2618 1207 2639 non
1219 2608 1254 2639 li-

263 2669 329 2692 ceat
346 2657 512 2691 secundum
525 2656 687 2699 praedfflkos
706 2654 881 2689 Ιὶοέὶοιεες
901 2656 1048 2685 &tamen
1072 2653 1103 2683 id
1118 2653 1208 2683 liceat
1221 2653 1253 2682 in

266 2702 361 2734 causis
372 2723 381 2736 ,
392 2704 443 2733 ubi
454 2704 556 2743 agitur
563 2702 600 2732 de
610 2699 702 2731 salute
714 2699 824 2729 animae
835 2717 845 2731 ,
861 2698 895 2728 &
906 2698 1024 2737 peccati
1036 2695 1173 2739 periculo
1183 2715 1190 2724 .

308 2744 517 2785 ‘frigesimum
526 2744 767 2777 fundamentum
778 2740 909 2771 sumitur
917 2749 953 2771 ex
964 2738 1097 2771 secundo
1105 2737 1235 2769 abrurdo
1245 2756 1254 2770 2

265 2790 348 2829 quod
368 2788 407 2818 es’t
417 2790 453 2819 de
468 2788 573 2828 Judice
582 2808 592 2821 ,
613 2787 668 2827 qui
687 2783 855 2817 secundum
867 2783 945 2814 banc
963 2781 1140 2813 doctrinam
1161 2779 1255 2820 potest

268 2831 351 2870 sequi
365 2830 468 2862 minus
479 2830 665 2870 probabilem
676 2838 792 2870 partem
809 2835 918 2858 contra
931 2825 1171 2866 probabiliorem
1181 2843 1191 2858 ,
1212 2822 1255 2855 se—

267 2876 365 2904 rendo
374 2873 556 2905 sententiam
575 2876 608 2905 in
618 2872 759 2907 favorem
777 2871 842 2911 ejus
852 2890 861 2904 ,
882 2871 936 2910 qui
947 2878 1001 2908 pto
1020 2867 1047 2898 se
1060 2868 1148 2914 habet
1160 2868 1257 2899 ratio-

268 2928 322 2948 nes
332 2916 457 2947 levioris
467 2917 638 2951 momenti,
648 2914 790 2948 adversus
803 2913 890 2945 illum
901 2932 910 2947 ,
926 2922 981 2952 pro
990 2921 1053 2952 quo
1060 2911 1198 2956 militant
1209 2919 1257 2939 ra—

270 2962 371 2992 tiones
383 2961 564 2992 validiores.
587 2960 628 2991 Αι
639 2960 697 2993 hoc
714 2958 769 2990 effe
781 2955 944 2989 absurdum
962 2963 1056 2986 nemo
1066 2963 1130 2984 non
1151 2953 1256 2986 videt,

269 3013 337 3036 tum
347 3005 420 3044 quia
431 3001 581 3034 sententia
589 3003 675 3034 debet
686 3001 768 3043 sequi
777 3000 933 3043 judicium
945 2995 1119 3029 intelle-stus
1128 3016 1138 3031 ,
1150 3005 1185 3028 ut
1194 3004 1257 3026 tra-

269 3049 315 3078 dit
327 3046 410 3078 Bald.
421 3047 454 3076 in
463 3052 526 3085 cap.
537 3043 816 3086 Canonumstatuta
825 3055 872 3075 nu·
886 3038 1031 3083 35.suprd
1042 3039 1143 3071 eodem
1152 3058 1163 3073 ι
1173 3039 1257 3079 quod

269 3091 398 3132 quidem
411 3088 700 3130 judiciumrninime
710 3087 793 3121 flecti
802 3085 897 3129 potest
908 3085 1036 3117 inillam
1045 3092 1183 3124 partem,
1203 3091 1258 3123 pro

269 3143 330 3173 qua
341 3132 409 3165 sunt
420 3131 536 3163 leviora
545 3132 665 3161 motiva
675 3150 685 3164 ,
706 3131 778 3162 cum
789 3131 913 3174 opinari
923 3138 987 3161 non
998 3127 1034 3158 sit
1049 3129 1083 3158 in
1093 3125 1184 3158 nobis
1192 3145 1204 3160 2
1223 3133 1258 3156 ut

271 3186 308 3207 ex
317 3174 478 3209 Aristotele
497 3174 659 3214 probatum
669 3175 708 3206 est
720 3173 780 3214 sup.
789 3176 823 3205 in
842 3183 867 3204 1.
878 3173 911 3204 &
924 3181 935 3203 1
946 3180 970 3202 ι.
982 3170 1187 3203 fundamento
1204 3177 1259 3209 pro

274 3220 330 3250 hac
344 3219 513 3254 sentcntia3
533 3218 566 3248 &
577 3214 647 3247 ideo
659 3225 721 3246 non
733 3217 823 3255 potest
834 3217 946 3258 eligere
967 3215 1152 3254 opinionem
1161 3232 1172 3247 ,
1192 3219 1259 3252 quae

274 3264 378 3292 minus
387 3261 477 3292 habet
495 3261 626 3292 rationis
636 3279 646 3293 ,
667 3267 700 3289 ut
711 3268 797 3290 notat
809 3262 891 3291 idem
910 3258 992 3290 Bald.
1002 3258 1035 3287 in
1046 3255 1076 3287 d.
1085 3263 1148 3295 cap.
1159 3257 1260 3287 Cano-

274 3315 343 3334 num
353 3303 471 3345 statuta
482 3312 561 3335 num.
573 3311 619 3343 33.
628 3300 739 3344 Qiare
751 3301 770 3331 si
781 3300 928 3333 sententia
939 3300 1037 3333 fertur
1047 3309 1103 3342 pto
1112 3307 1196 3340 parte
1207 3298 1261 3329 de-

273 3347 379 3378 biliori
389 3367 399 3381 ,
420 3346 514 3379 fertur
532 3355 642 3378 contra
651 3345 802 3384 iudicium
810 3363 821 3377 ,
841 3346 873 3375 &
881 3344 1040 3377 dictamen
1057 3343 1206 3377 rationi53
1227 3341 1261 3373 δε

272 3390 314 3423 sic
324 3389 458 3420 omnino
467 3390 575 3429 iniqua
585 3388 624 3420 est
642 3399 649 3419 :
665 3388 749 3430 quod
759 3386 828 3417 satis
837 3387 954 3418 constat
965 3397 1002 3418 ex
1011 3385 1105 3418 distis
1114 3384 1176 3426 sup.
1187 3383 1220 3415 in
1231 3393 1261 3423 4.

274 3433 499 3465 fundamento.
522 3432 608 3463 Tum
625 3433 699 3473 quia
716 3430 786 3461 talis
797 3429 946 3460 sententia
965 3430 1005 3460 est
1015 3438 1123 3462 contra
1142 3429 1262 3468 potiora

275 3477 340 3518 jura
349 3476 472 3509 alterius
485 3485 521 3507 ex
533 3476 758 3517 litigatoribus,
781 3475 811 3506 ἃ
823 3472 1011 3512 ichinjulia
1021 3493 1031 3507 ,
1051 3473 1071 3503 l.
1084 3470 1194 3505 Editio
1205 3490 1214 3505 ,
1237 3471 1262 3507 §-

606 73 784 146 Prosp.
804 71 1044 143 Fagnm:
1059 70 1122 123 in
1139 65 1383 124 Primum
1404 65 1635 141 Librum
1646 60 1939 121 Decretal.

1291 163 1301 183 1
1309 174 1316 181 .
1326 155 1362 184 C.
1371 149 1408 182 de
1416 149 1504 181 edist-
1518 148 1558 180 D.
1567 150 1697 182 Adrian.
1706 149 1831 180 tollend.
1839 150 1874 180 &
1884 157 1973 180 notat
1983 148 2066 181 Bald.
2078 162 2110 182 m
2120 150 2273 192 confi4ze.

1285 192 1382 228 Verba
1390 194 1538 233 principis
1548 202 1660 223 numa..
1671 189 1751 230 verfi
1757 192 1783 222 E
1787 199 1799 222 t
1808 191 1990 222 revertendo
1998 188 2084 224 lib-1.
2093 191 2179 225 Tum
2187 196 2273 233 deni-

1285 247 1344 278 que
1354 238 1429 276 quia
1443 235 1535 277 judex
1545 235 1585 266 est
1596 235 1733 266 minister
1750 233 1813 266 Dei
1832 235 1865 265 in
1883 235 1972 265 tertis
1981 254 1993 269 ,
2014 242 2078 273 cap.
2090 236 2160 268 Nec
2173 239 2202 269 is
2228 248 2273 277 ¹4-

1286 278 1377 321 quaest.
1385 286 1475 318 1-cap.
1481 278 1558 309 Non
1557 277 1657 320 solum
1667 287 1714 319 23.
1723 276 1846 319 quaest-s.
1858 275 1908 308 Ut
1916 276 2012 318 igitur
2021 277 2113 317 ipsius
2125 277 2275 318 iudicium

1288 325 1413 364 prodeat
1420 322 1457 353 de
1467 322 1554 354 vultu
1566 321 1646 356 Dei,
1666 320 1772 362 quiesi
1781 321 1853 356 via,
1863 321 1979 352 veritas
1988 340 1999 355 ,
2008 321 2041 352 &
2053 322 2138 356 vita,
2158 331 2220 362 cap.
2232 320 2275 356 Ut

1287 363 1418 406 nostrum
1427 364 1464 396 de
1472 365 1618 405 appellat.
1627 370 1691 404 cap.
1699 373 1709 395 ι
1716 385 1723 394 .
1732 366 1765 395 in
1769 366 1901 404 princip.
1912 372 1944 395 ut
1952 362 2068 402 Eccles-
2078 363 2175 406 benef.
2186 367 2275 397 debet

1286 407 1483 441 conformare
1503 407 1655 448 judicium
1663 405 1754 438 suum
1768 417 1842 438 cum
1861 408 1991 438 veritate
2001 427 2012 442 ,
2032 407 2066 438 &
2090 407 2186 447 ipsam
2196 407 2210 438 s
2209 418 2275 439 um-

1287 450 1411 491 mopere
1420 450 1526 492 juvare
1536 470 1547 484 ,
1564 450 1646 482 &ad
1655 449 1756 481 lucem
1766 451 1949 489 perducere,
1970 450 1992 482 l.
2000 449 2115 490 penult.
2123 451 2156 480 in
2173 448 2226 490 fin.
2237 450 2276 482 de

1287 493 1402 536 probat·
1411 493 1434 526 Ι.
1442 493 1583 526 Illicitas
1591 513 1602 527 ,
1613 494 1638 530 §.
1649 493 1772 524 Veritas
1780 488 1829 534 ,ff
1841 490 1879 522 de
1885 492 1961 533 offic.
1972 491 2097 536 Praefid.
2108 502 2181 524 cum
2190 493 2276 525 simi-

1289 540 1366 569 libus
1376 558 1387 572 ,
1403 547 1437 569 ut
1447 546 1500 578 per
1509 535 1639 568 Paulum
1649 536 1687 567 de
1696 533 1805 567 Castro
1814 535 1848 565 in
1857 535 1935 575 conſs
1945 538 2013 577 380.
2024 535 2225 578 incip.Judex
2234 534 2276 577 est

1288 579 1428 621 minister
1436 581 1487 613 De
1495 579 1608 611 volum.
1615 588 1626 611 1
1633 578 1723 610 .ltem
1733 578 1824 610 debet
1834 575 1917 618 sequi
1927 581 2090 611 veritatem
2098 600 2109 615 ,
2117 581 2150 611 δε
2158 579 2277 620 legum,

1288 627 1318 656 &
1330 623 1450 666 justitiae
1469 622 1598 663 vestigia
1607 642 1617 657 ,
1637 622 1659 653 l.
1670 622 1772 653 Nemo
1782 641 1792 654 ,
1814 622 1851 651 C.
1861 619 1899 652 de
1907 623 1987 661 sent.
1999 622 2185 660 &intorta
2195 632 2274 653 omn.

1278 666 1386 710 Judcc.
1407 665 1478 698 lino
1500 665 1692 707 judicantem
1705 672 1829 704 oportet
1846 663 1962 696 cuneta
1971 667 2098 701 rimari,
2117 667 2152 698 &
2167 665 2277 696 tandiu

1288 710 1448 742 astionem
1469 709 1620 741 ventilare
1629 728 1638 743 ,
1658 705 1817 748 quousque
1827 708 1863 737 ad
1875 709 2040 739 veritatem
2050 711 2248 749 perveniatur
2262 728 2276 742 ,

1287 761 1351 794 cap.
1363 752 1565 796 Judicantem
1577 760 1625 793 30.
1635 747 1934 792 quaest.5.glofflfin.in
1942 749 2110 782 l.2.Cod.de
2119 750 2227 783 edend.
2238 751 2276 782 Et

2301 291 2356 317 297

1289 797 1397 828 contra
1407 803 1573 826 veritatem
1584 795 1785 836 pronuntiare
1806 802 1871 824 non
1894 793 1989 833 potest
2006 803 2080 825 cum
2094 795 2188 826 libera
2197 805 2273 826 eon·
2297 803 2355 834 30³

1290 840 1437 873 scientia,
1457 839 1490 870 &
1510 837 1631 871 secura,
1652 847 1685 869 ut
1696 836 1812 869 dicitur
1832 837 1866 867 in
1875 833 2144 878 cap-Abbassanb,
2154 839 2275 874 §.Caete-

1289 893 1356 914 rum
1363 879 1457 925 infin.
1467 881 1503 912 de
1505 880 1586 922 sent.
1598 878 1636 912 cf
1652 891 1685 911 re
1695 876 1952 918 judic.lib.6.N0n
1962 889 2039 921 ergo
2048 880 2194 912 audiendi
2205 880 2273 912 sunt

1291 927 1334 958 illi
1345 946 1354 960 ‚
1376 927 1431 966 qui
1441 925 1522 965 apud
1534 923 1676 955 Sanchez
1685 924 1755 955 loco
1764 924 1817 954 cit.
1830 922 2117 964 putant,absurdum
2127 932 2192 954 non
2201 923 2256 954 effe
2266 944 2276 957 ,

1290 979 1325 1000 ut
1336 968 1426 1010 judex
1436 968 1617 1008 pronuntiet
1628 976 1684 1007 pto
1693 975 1778 1007 parte
1787 963 1893 997 minus
1903 966 2054 1007 probabili
2066 976 2072 996 :
2094 975 2167 996 nam
2177 965 2276 1006 profe-

1290 1011 1344 1043 (διὸ
1356 1011 1414 1043 hoc
1425 1011 1479 1043 sibi
1491 1010 1609 1042 nollent
1619 1012 1651 1041 in
1671 1008 1722 1041 sua
1730 1008 1819 1040 causa
1827 1029 1837 1043 ,
1857 1009 1891 1041 &
1898 1011 1936 1040 de
1946 1009 2097 1049 injustitia
2106 1017 2278 1050 conquere-

1291 1064 1398 1087 rentur
1406 1076 1414 1084 .
1436 1053 1534 1085 Unde
1546 1063 1603 1084 nec
1615 1053 1692 1084 velle
1714 1053 1826 1084 debent
1848 1051 1882 1084 in
1902 1051 1992 1084 causa
2012 1053 2147 1085 aliorum
2168 1061 2278 1083 contra

1292 1107 1477 1139 praeceptum
1488 1096 1561 1136 juris
1572 1096 1722 1127 naturalis
1730 1116 1740 1130 ,
1761 1105 1798 1127 ac
1807 1096 1908 1127 divini
1919 1115 1929 1130 ,
1939 1104 1973 1127 ut
1983 1095 2097 1137 legitur
2103 1097 2137 1127 in
2142 1096 2273 1135 princip.

1291 1143 1418 1173 Decrett'
1427 1161 1437 1175 ,
1458 1139 1495 1172 0'7‘
1503 1142 1536 1171 in
1545 1140 1567 1171 l.
1575 1137 1713 1181 rffquod
1721 1138 1838 1177 quisque
1858 1137 1936 1176 iuris
1946 1161 1954 1169 .
1977 1138 2201 1183 Qamobrem
2217 1137 2279 1171 res-

1291 1187 1430 1225 pondent
1439 1184 1511 1218 alii,
1532 1185 1564 1215 &
1577 1182 1740 1223 praesertim
1750 1181 1891 1213 Sanchez
1901 1202 1911 1216 ,
1933 1181 2074 1223 Vasquez
2083 1202 2093 1217 ,
2103 1183 2136 1214 Sc
2145 1181 2188 1213 D.
2198 1180 2277 1213 Car-

1290 1230 1354 1259 din.
1365 1229 1401 1258 de
1414 1227 1521 1268 Lugo,
1545 1227 1722 1266 generalem
1738 1224 1916 1257 doctrinam
1932 1227 1970 1257 de
1981 1226 2122 1257 libertate
2138 1225 2275 1266 eligendi

1289 1271 1474 1311 opinionem
1484 1269 1590 1300 mimis
1601 1269 1789 1310 probabilem
1798 1268 1853 1300 esse
1863 1268 2061 1301 limitandam
2073 1270 2106 1300 in
2116 1267 2278 1309 judice,as-

1290 1315 1445 1356 fignantes
1455 1314 1609 1354 triplicem
1619 1315 1776 1344 tationem
1786 1311 1973 1353 disparitatis
1981 1334 1988 1342 .
2012 1311 2116 1344 Prima
2124 1311 2165 1343 est
2173 1331 2184 1346 ,
2204 1312 2279 1352 quia

1291 1358 1380 1398 judex
1389 1365 1512 1388 tenetur
1522 1357 1649 1387 reddere
1660 1357 1829 1395 unicuique
1838 1355 1885 1397 jus
1896 1354 1983 1387 suum
2001 1353 2171 1387 secundum
2187 1353 2280 1385 meti-

1290 1411 1322 1432 ta
1333 1399 1429 1432 causa‘
1439 1420 1449 1435 ,
1469 1401 1502 1432 ἅτ
1513 1401 1673 1432 neminem
1683 1399 1790 1430 laedere
1801 1419 1810 1432 ,
1831 1406 1894 1438 cap.
1905 1401 2001 1431 Foras
2009 1420 2019 1434 ‚
2042 1400 2068 1436 §.
2087 1400 2121 1430 in
2138 1399 2220 1428 omni
2241 1396 2279 1428 de

1289 1441 1513 1486 vcrbfignific.
1523 1450 1586 1482 cap.
1594 1439 1797 1483 1.23-quaest.2.
1807 1440 1844 1474 ὠ·
1852 1442 1882 1474 d.
1890 1441 2161 1484 cap-judicantem
2171 1449 2279 1481 30.q.5.

1289 1486 1448 1521 Secunda,
1469 1487 1544 1527 quia
1554 1483 1722 1526 respublica
1737 1485 1899 1517 constituit
1905 1486 2044 1529 judicem
2064 1486 2103 1517 acl
2115 1484 2183 1515 lites
2201 1485 2279 1517 diri·

1290 1531 1438 1564 mendas,
1459 1528 1627 1561 secundum
1644 1527 1729 1569 quod
1738 1528 1768 1559 ei
1786 1528 1895 1561 melitis
1910 1530 2087 1563 videbitur,
2108 1528 2130 1559 l.
2140 1525 2280 1571 Qia'am

1288 1570 1545 1613 existimaverunt
1553 1593 1563 1608 ,
1575 1575 1612 1604 Ψ
1620 1569 1665 1604 ibi
1671 1570 1753 1612 gloff.
1757 1570 1849 1614 fin-ff.
1853 1573 1885 1615 st
1894 1582 2008 1604 certum
2018 1580 2148 1612 petatur.
2159 1572 2282 1604 Tertia,

1288 1616 1363 1657 quia
1374 1617 1498 1648 videtur
1513 1617 1655 1657 acceptio
1664 1616 1860 1656 personarum
1869 1636 1879 1650 ‚
1901 1623 1965 1654 cap.
1976 1615 2101 1655 Neceffe
2112 1624 2137 1654 3.
2146 1611 2240 1654 quest.
2250 1623 2278 1650 9.

1289 1660 1366 1692 sicut
1375 1659 1449 1691 cum
1459 1658 1666 1694 beneficium,
1687 1659 1826 1701 digniori
1834 1659 2026 1700 posthabito,
2049 1657 2277 1690 conferturmi-

1290 1703 1349 1734 nus
1359 1705 1456 1744 digno
1466 1723 1475 1737 ,
1484 1702 1661 1734 &Thomas
1670 1704 1703 1734 in
1713 1714 1739 1734 3.
1751 1713 1778 1734 2.
1788 1700 1881 1743 quaest.
1893 1705 1943 1735 68.
1953 1711 2046 1734 art.2.
2057 1699 2216 1734 Caeterum
2226 1698 2282 1731 etfi

1289 1746 1465 1785 hujusmodi
1473 1747 1610 1778 rationes
1619 1746 1678 1778 sint
1688 1747 1722 1777 in
1733 1746 1760 1777 se
1771 1756 1849 1777 verae
1857 1765 1867 1780 ‚
1878 1746 1995 1777 nullam
2004 1754 2109 1777 tamen
2119 1744 2281 1784 disparita-

1289 1798 1354 1820 tem
1365 1791 1518 1821 inducunt
1529 1791 1611 1820 inter
1619 1789 1759 1829 regulam
1768 1810 1778 1824 ,
1800 1791 1832 1821 ὃ(
1845 1791 2068 1820 limitationem
2079 1811 2087 1818 .
2110 1787 2195 1820 Nam
2203 1795 2283 1828 quo-

1289 1834 1327 1864 ad
1340 1834 1483 1873 primam,
1495 1842 1558 1863 non
1568 1832 1608 1863 est
1621 1832 1754 1864 minoris
1763 1853 1772 1867 ,
1784 1832 1850 1863 imo
1860 1833 1952 1873 pluris
1960 1832 2137 1863 aessimanda
2146 1830 2225 1862 laesio
2234 1838 2282 1862 re-

1289 1875 1332 1907 ecl
1343 1895 1354 1910 ,
1364 1876 1398 1907 &
1406 1874 1521 1907 offensa
1532 1874 1612 1909 Dei,
1632 1873 1728 1916 quam
1737 1875 1816 1907 laesio
1827 1877 1920 1916 partis
1929 1877 1960 1905 in
1971 1875 2188 1916 forojudiciali
2197 1893 2207 1908 ,
2217 1880 2282 1912 cap.

1288 1920 1375 1951 Sicut
1393 1920 1444 1956 qui
1462 1918 1631 1960 Ecclefiam
1640 1939 1651 1953 ,
1674 1918 1718 1949 ibi
1741 1929 1748 1949 ι
1771 1918 1883 1956 Majus
1901 1916 1942 1959 est
1958 1926 2112 1958 peccatum
2121 1936 2132 1951 ,
2153 1914 2229 1954 quod
2247 1918 2281 1948 in

1289 1962 1391 1994 Deum
1400 1963 1604 1993 committitur
1614 1981 1623 1995 ‚
1633 1963 1724 1999 qua'm
1734 1960 1809 1999 quod
1817 1963 1850 1992 in
1857 1959 2008 1992 hominem
2016 1981 2026 1995 ‚
2039 1970 2050 1991 1
2058 1958 2282 2000 7-quaest.7.ca1›.

1288 2005 1450 2043 Vergentis
1458 2023 1469 2038 ,
1479 2014 1544 2036 cum
1550 2003 1634 2046 gloſj.
1645 2007 1678 2036 in
1689 2015 1755 2036 ver.
1766 2004 2055 2048 Longksttgravius
2063 2002 2102 2035 de
2110 2002 2207 2035 haeret.
2218 2002 2284 2035 Lae-

1289 2050 1372 2079 ditur
1380 2056 1486 2079 autem
1496 2047 1634 2081 redium,
1643 2049 1676 2079 ἃς
1687 2047 1774 2079 Deus
1783 2048 1953 2079 offenditur
1961 2067 1970 2082 ‚
1982 2049 2110 2087 quando
2119 2057 2183 2079 non
2193 2045 2282 2078 adhi-

1290 2093 1377 2124 betur
1385 2092 1489 2123 debita
1496 2091 1662 2132 diligentia
1671 2111 1681 2125 ³
1703 2101 1735 2121 ur
1747 2090 1867 2122 retium
1877 2090 2084 2131 cognoscatur
2093 2111 2102 2125 ,
2123 2090 2152 2121 S.
2163 2089 2280 2121 Thom.

1289 2136 1322 2167 in
1337 2143 1361 2164 1.
1374 2145 1400 2165 z·
1413 2131 1506 2172 quast.
1517 2138 1567 2170 76.
1578 2143 1640 2165 art.
1651 2145 1679 2165 2.
1690 2136 1721 2166 δε
1734 2134 1825 2165 latius
1835 2135 1998 2175 probatum
2009 2134 2048 2165 est
2058 2133 2119 2174 sup.
2131 2136 2162 2164 in
2174 2137 2203 2164 6.
2213 2131 2284 2163 fun-

1289 2178 1439 2208 damento
1454 2174 1474 2206 a*
1483 2186 1562 2207 num.
1576 2181 1612 2207 26
1619 2187 1645 2206 ι.
1655 2177 1780 2216 qualem
1786 2176 1984 2216 diligentiam
2002 2178 2110 2215 utique
2120 2186 2184 2207 non
2195 2176 2282 2206 adhi—

1291 2221 1341 2251 bet
1357 2238 1366 2253 ,
1388 2221 1443 2259 qui
1463 2217 1568 2251 minus
1591 2219 1779 2258 probabilem
1801 2217 1938 2258 sequitur
1956 2238 1966 2252 ‚
1987 2227 2021 2250 ut
2044 2219 2163 2249 ibidem
2182 2218 2283 2249 osten-

1291 2261 1357 2294 sum
1367 2261 1406 2293 est
1416 2281 1426 2295 ,
1447 2260 1528 2303 verfi
1536 2263 1653 2293 Mmor
1660 2258 1805 2300 probatur
1814 2285 1821 2293 .
1845 2259 1996 2293 Similiter
2003 2263 2104 2302 quoad
2118 2261 2282 2292 secundam

1290 2307 1447 2336 rationem
1459 2304 1543 2336 nulla
1551 2303 1591 2335 est
1599 2304 1762 2345 disparitas
1770 2324 1780 2338 ,
1787 2306 1862 2345 quia
1869 2303 1890 2335 si
1903 2303 2088 2344 Respublica
2097 2304 2194 2345 exigit
2205 2304 2283 2344 judi-

1291 2350 1379 2380 cium
1397 2347 1497 2388 magis
1509 2348 1663 2388 probabile
1679 2349 1713 2379 in
1724 2346 1821 2378 causis
1831 2349 1963 2379 minoris
1982 2349 2155 2381 momenti,
2175 2348 2284 2388 quales

1292 2390 1362 2422 sunt
1379 2400 1427 2422 res
1438 2390 1623 2433 temporales
1634 2401 1643 2426 3
1663 2400 1719 2422 cur
1737 2389 1824 2421 Deus
1836 2390 1896 2423 tale
1914 2390 2067 2432 judicium
2077 2390 2094 2422 a
2111 2390 2202 2422 nobis
2219 2400 2284 2422 non

1292 2435 1439 2474 engatin
1450 2432 1548 2465 causis
1565 2432 1656 2475 longe
1666 2433 1863 2474 gravioribus
1873 2454 1883 2468 ,
1904 2434 2009 2474 quales
2019 2433 2088 2465 sunt
2098 2436 2229 2467 animae,
2249 2433 2283 2465 ὃς

1292 2486 1411 2510 aeternae
1423 2476 1515 2509 vitae?
1531 2477 1579 2508 Ad
1590 2476 1649 2507 hoc
1659 2484 1722 2518 cap.
1731 2478 1759 2509 F
1760 2479 1843 2508 aciat
1851 2475 1935 2509 homo
1944 2488 2008 2509 cum
2023 2475 2133 2509 duobus
2142 2477 2284 2517 capitulis

1286 2521 1368 2563 [μη.
1381 2531 1428 2551 22.
1439 2517 1531 2560 quest.
1543 2530 1569 2550 2.
1582 2519 1620 2551 Et
1630 2521 1739 2551 eodem
1759 2522 1855 2552 modo
1863 2522 1966 2561 quoad
1984 2522 2110 2553 tertiam
2127 2523 2285 2552 rationem

1294 2564 1378 2595 nulla
1386 2561 1546 2603 disparitas
1555 2563 1743 2595 considerari
1757 2563 1850 2604 potest
1860 2575 1868 2600 ·‚
1890 2563 1955 2595 imo
1963 2566 1997 2595 in
2020 2564 2080 2596 hoc
2089 2564 2227 2606 judicio,
2251 2564 2284 2596 in

1293 2617 1357 2648 quo
1366 2605 1533 2647 quieritur,
1554 2616 1594 2637 an
1604 2605 1692 2638 adius
1713 2606 1749 2638 sit
1759 2608 1874 2641 bonus,
1895 2607 1943 2638 vel
1955 2607 2071 2641 malus,
2092 2609 2215 2646 quoties
2229 2606 2284 2636 eli-

1293 2650 1378 2692 gitur
1387 2650 1497 2690 opinio
1507 2648 1611 2680 minus
1622 2650 1785 2690 probabilis
1795 2670 1805 2683 ,
1826 2650 1913 2691 quod
1923 2650 2010 2681 astus
2022 2650 2057 2681 sit
2069 2651 2167 2680 bonus
2179 2649 2284 2680 secun-

1294 2692 1369 2725 dum
1377 2693 1563 2732 opinionem
1581 2691 1684 2724 minus
1696 2693 1885 2734 probabilem
1896 2714 1905 2727 ,
1928 2694 2056 2724 babetur
2066 2692 2209 2732 acceptio
2219 2701 2284 2732 per-

1296 2736 1375 2767 sonae
1384 2734 1522 2767 hominis
1531 2745 1640 2767 contra
1654 2735 1756 2767 Deum
1767 2756 1777 2770 ,
1786 2739 1816 2768 ἃ
1829 2737 1938 2777 legem,
1948 2737 1999 2767 cui
2010 2735 2091 2767 favet
2099 2738 2211 2776 opinio
2220 2745 2286 2765 ma-

1295 2781 1343 2820 gis
1355 2778 1520 2819 probabilis
1530 2799 1540 2813 ,
1559 2777 1643 2819 quod
1652 2778 1740 2811 aetus
1750 2778 1785 2810 sit
1793 2780 1892 2810 malus
1902 2781 1950 2816 3&
1962 2779 2002 2810 sic
2012 2779 2052 2809 est
2064 2789 2226 2819 peccatum
2234 2787 2279 2809 ac*

1295 2821 1450 2862 ceptionis
1463 2821 1661 2862 personarum
1671 2821 1771 2854 multi)
1778 2823 1914 2854 deterius
1924 2843 1934 2857 ,
1943 2821 2080 2863 quamsit
2092 2824 2171 2853 inter
2182 2821 2284 2853 homi-

1296 2875 1386 2899 nem,
1403 2866 1435 2896 ὃ(
1447 2865 1625 2897 bominem.
1644 2864 1790 2897 Praeterea
1798 2865 1946 2897 Sacerdos
1965 2867 1998 2896 in
2008 2865 2212 2898 sacramento
2222 2875 2285 2904 poe-

1297 2909 1436 2939 nitentia:
1446 2908 1486 2940 est
1497 2907 1618 2948 proprie
1626 2908 1717 2949 judex
1726 2918 1779 2942 ,ut
1790 2907 1823 2939 in
1834 2906 2124 2949 Concil.Trid.sesl2
2134 2918 2178 2947 14.
2188 2915 2284 2947 cap-s.

1297 2950 1334 2983 de
1343 2950 1519 2992 cafireserv.
1528 2954 1560 2983 ὃ(
1571 2950 1664 2983 fusius
1674 2951 1789 2992 patebit
1800 2951 1877 2984 infra
1889 2961 1903 2992 3
1909 2951 2155 2985 2.ft1ndamen10.
2167 2951 2204 2982 Et
2216 2961 2285 2992 pto-

1298 2995 1398 3036 pterea
1408 2996 1440 3026 in
1453 2995 1645 3034 poenitentiis
1655 2993 1856 3035 injungendis
1866 2994 2063 3035 personarum
2073 2997 2214 3035 acceptio
2224 3004 2288 3027 non

1297 3038 1338 3069 est
1348 3037 1489 3068 habenda
1500 3058 1509 3071 ,
1519 3036 1732 3078 cap-Sacerdos
1742 3041 1788 3070 26.
1797 3036 1922 3080 quaest-7.
1933 3036 2096 3078 Qiinimb
2107 3038 2232 3078 gravius
2241 3039 2284 3069 es-

1299 3081 1326 3112 se
1345 3089 1506 3122 peccatum
1517 3082 1709 3121 acceptionis
1727 3080 1923 3121 personarum
1942 3085 1975 3115 in
1994 3080 2222 3121 dispensatione
2240 3093 2287 3113 re-

1299 3134 1367 3155 rum
1378 3122 1584 3165 spiritualium
1595 3144 1606 3158 ,
1627 3124 1761 3164 quiimin
1777 3123 2003 3165 dispensatione
2014 3135 2114 3156 rerum
2132 3134 2286 3166 tempora*

1300 3168 1377 3200 lium
1388 3186 1398 3201 ,
1407 3168 1498 3198 docet
1508 3166 1566 3198 §.T
1573 3167 1658 3199 hom.
1670 3165 1808 3208 proxime
1819 3169 1904 3199 citat.
1914 3170 1948 3201 in
1960 3179 1987 3199 2.
2000 3179 2026 3201 2.
2037 3178 2082 3206 qu.
2091 3173 2108 3200 6
2116 3178 2141 3207 3.
2151 3166 2182 3199 d.
2192 3177 2283 3199 arm.

1342 3209 1555 3251 'frigesimum
1572 3212 1708 3252 primum
1729 3209 1970 3244 fundamentum
1991 3211 2121 3243 sumitur
2138 3221 2174 3244 ex
2195 3214 2290 3243 tertio
2313 3221 2333 3251 3¹

1301 3253 1450 3287 absurdo,
1469 3254 1555 3295 quod
1575 3254 1617 3286 est
1635 3255 1672 3284 de
1693 3254 1963 3287 administratione
1983 3255 2255 3287 sacramentorum
2277 3276 2286 3287 ,

1302 3298 1335 3328 in
1353 3306 1417 3336 quo
1427 3296 1581 3338 sequendo
1595 3296 1780 3338 opinionem
1802 3297 1906 3329 minsis
1918 3299 2124 3339 probabilem,
2142 3299 2212 3339 quis
2235 3308 2288 3328 ex-

1304 3341 1392 3381 ponit
1401 3339 1428 3370 sc
1448 3340 1585 3380 periculo
1595 3339 1729 3372 faciendi
1745 3340 1869 3372 irritum
1878 3340 2130 3374 Sacramentum.
2152 3340 2194 3371 At
2213 3343 2287 3372 inre

1304 3385 1384 3415 tanti
1403 3384 1556 3414 momenti
1573 3392 1724 3423 exponere
1747 3382 1775 3414 sc
1794 3385 1931 3424 periculo
1946 3387 2087 3420 errandi,
2108 3383 2182 3415 cum
2202 3384 2288 3424 possit

1302 3426 1373 3466 quis
1385 3427 1444 3457 tale
1456 3426 1628 3466 periculum
1645 3426 1742 3457 vitare
1753 3427 1896 3467 eligendo
1915 3431 2098 3468 opinionem
2109 3426 2209 3467 magi<
2219 3438 2244 3467 pr
2253 3438 2287 3455 n-

1305 3470 1436 3502 babilem
1447 3489 1456 3504 ,
1468 3478 1560 3501 nemo
1571 3471 1729 3511 negaverit
1739 3480 1830 3512 grave
1842 3472 1897 3503 elic
1910 3481 2081 3513 peccatum,
2091 3474 2121 3502 ἃ
2135 3470 2203 3501 satis
2213 3481 2288 3514 con<

2192 3513 2245 3544 liat

2301 1148 2356 1180 301

2313 3006 2369 3036 30),
