2397 3664
263 115 358 160 350

209 194 274 215 non
283 186 416 216 debeant
429 208 438 221 ,
463 182 538 215 licet
551 181 609 213 sint
620 179 700 212 male
713 179 851 219 promoti
864 201 873 214 ‚
893 179 924 210 ἃ
946 178 1069 209 ordinis
1089 189 1199 211 execu-

209 228 331 259 tionem
343 238 407 259 non
419 224 613 264 acceperint:
636 232 707 253 nam
722 222 754 251 in
775 220 941 261 privilegio
952 243 961 256 ‚
983 221 1031 252 seu
1052 222 1198 254 commis-

208 269 293 301 sione
302 269 488 302 conferendi
498 268 624 297 ordines
635 267 699 296 duo
710 261 866 304 implicite
878 264 1101 300 continentur,
1112 265 1196 297 vide-

209 313 284 344 licet
294 316 376 345 nuda
385 335 392 347 ‚
422 314 452 342 &
467 310 589 349 simplex
611 306 740 347 potessas
758 306 948 338 ordinandi:
968 307 1001 338 &
1023 307 1196 348 jurisdictio

208 355 344 388 restrich
355 377 364 390 ‚
384 353 565 386 &limitata
575 353 610 381 ad
625 350 767 390 personas
780 350 812 381 in
824 349 936 381 litteris
947 349 1135 390 Apostolicis
1145 353 1197 382 de-

209 400 344 440 signatas
355 420 362 429 .
384 398 425 427 At
436 406 471 427 ex
483 393 677 426 limitatione
688 392 914 434 jurisdictionis
935 403 1000 424 non
1013 392 1147 424 insertur
1159 395 1196 425 ad

209 441 432 475 limitationem
443 435 591 478 praedictae
603 435 760 477 potestatis
771 458 780 471 ,
791 436 945 476 quoniam
955 438 1059 477 quoad
1071 436 1197 476 impres-

205 486 323 518 sionem
336 479 522 513 characteris
531 501 542 516 ‚
563 482 595 512 δε
606 479 769 511 essentiam
780 479 992 511 ordinationis
1010 479 1095 510 nulla
1105 480 1197 511 liabe-

206 526 352 558 turratio
366 523 590 565 jurisdictionis
603 546 610 553 .
634 522 787 554 Probatur
807 523 950 562 exemplo
960 522 1121 562 Episcopi,
1140 523 1195 563 qui

205 565 613 610 quamvisjutisdiek'ionem
625 576 690 597 non
709 565 819 597 habeat
830 587 840 602 ‚
862 565 917 596 nisi
941 565 973 597 in
993 565 1131 597 subditos
1152 576 1197 596 ra—

205 613 294 644 tione
304 610 438 650 originis
450 632 459 646 ‚
479 608 649 645 beneficii,
671 609 717 639 vel
738 607 897 640 domicilii
915 607 946 638 d.
958 620 983 640 c.
1002 607 1082 640 Cum
1098 609 1197 640 nullus

204 654 241 686 de
252 663 376 695 tempor.
389 652 487 685 ordin.
500 651 553 686 lib.
567 656 595 684 6.
617 662 724 684 tamen
732 651 912 682 ordinando
921 650 1066 683 Clericus
1077 652 1197 683 alienos

204 697 357 738 imprimit
379 694 589 731 charatsterem
599 717 609 731 ,
628 694 684 736 qui
703 693 744 725 est
763 692 889 725 effeetus
908 694 1067 734 potestatis
1088 694 1198 726 Sacra-

209 741 359 775 mentalis
372 763 382 776 ‚
405 740 481 771 licet
494 738 533 771 sic
544 737 685 770 ordinati
696 748 761 769 non
771 737 926 777 recipiant
945 737 1069 769 ordinis
1088 747 1199 769 execu-

206 785 331 817 tionem
344 785 384 815 ob
397 781 553 815 defec‘lnm
568 779 833 822 jurisdictionum
846 780 1075 816 confert-ntea.
1091 782 1156 813 L&
1170 790 1197 820 3.

204 838 255 866 71.
267 827 334 868 dist.
346 839 411 868 cap.
424 824 625 867 Lugdunensis
634 835 663 861 9.
675 834 702 862 q.
714 834 742 854 2.
756 825 792 854 &⁰
802 834 826 854 c.
843 821 944 863 8.seff.
959 835 973 854 2
982 834 1008 861 ς,
1020 822 1198 856 Conc.Tri-

204 870 330 905 demini
343 893 351 901 .

247 912 411 956 Qiin'uno
422 911 546 944 tantum
566 909 646 942 abest
658 931 667 945 ,
689 917 724 940 ut
742 919 778 939 ex
801 908 993 940 limitatione
1014 908 1199 950 juril'diistio·

204 957 252 990 nis
263 956 370 989 referri
381 955 470 995 possit
483 956 519 985 ad
532 951 759 984 limitationem
770 951 930 991 potestatis
941 952 1197 989 Sacramentalis,

204 1011 240 1032 ut
255 1001 279 1031 is
290 1022 300 1036 ,
320 999 375 1039 qui
387 996 570 1038 potestatem
582 994 768 1026 conferendi
779 995 900 1034 accepit
915 1017 924 1030 ‚
946 995 1065 1027 etiamsi
1078 996 1199 1028 nuilam

205 1042 325 1084 prorsus
337 1042 448 1075 habeat
459 1037 710 1081 jurisdictionem
721 1059 730 1072 ,
752 1047 857 1068 tamen
870 1037 972 1070 valide
984 1039 1112 1071 ordines
1123 1050 1200 1071 con-

207 1085 284 1117 ferat
296 1107 305 1121 ‚
328 1084 406 1116 licet
418 1093 482 1115 non
495 1079 575 1113 recte
587 1080 723 1120 Ideoque
735 1080 903 1120 Episcopus
914 1082 980 1122 ,qui
994 1092 1112 1114 renunc
1121 1082 1198 1114 iavit

203 1126 401 1169 Episcopatui
412 1148 421 1162 ‚
444 1124 520 1157 licet
532 1124 650 1156 nullam
661 1124 772 1156 habeat
784 1122 1033 1166 jiirisdietionem
1047 1148 1054 1161 ,
1064 1125 1102 1156 eo
1112 1124 1198 1166 quod

204 1179 310 1204 careat
324 1169 454 1201 subditis
466 1180 477 1205 ‚·
501 1178 606 1200 tamen
617 1166 693 1207 quia
703 1177 769 1197 non
779 1176 865 1198 caret
874 1167 1060 1200 conferendi
1072 1170 1199 1208 potesta-

203 1224 234 1246 te
246 1237 256 1251 ,
267 1213 450 1244 ordinando
462 1211 616 1253 imprimit
627 1209 837 1242 characterem
850 1232 859 1246 ‚
871 1210 947 1245 licet
956 1211 1078 1243 ordinis
1089 1222 1199 1243 execu-

204 1258 326 1289 tionem
338 1266 402 1287 tion
414 1254 577 1290 conferat,
598 1263 663 1294 cap.
680 1263 704 1284 1.
718 1254 767 1284 Dc
777 1251 907 1285 ordinat.
929 1252 966 1285 ab
981 1254 1118 1296 Episcop.
1137 1255 1199 1285 Sil-

203 1300 278 1332 vest.
288 1303 322 1330 in
342 1309 406 1330 ver.
421 1298 637 1337 lrregularitas
649 1307 727 1327 num.
741 1300 768 1327 8.
791 1298 823 1327 &
842 1299 1058 1329 eodemmodo
1078 1297 1200 1338 Episco-

203 1343 421 1385 piTitulares,
441 1343 497 1382 qui
509 1341 627 1372 nullam
638 1340 752 1371 habent
765 1339 1014 1381 jurisdictionem
1036 1351 1198 1382 tamquam

206 1386 325 1421 Clero,
346 1386 378 1417 ὃ(
390 1385 504 1425 populo
515 1394 676 1419 carentess
704 1393 810 1414 tamen
829 1385 869 1414 ob
880 1384 1060 1424 potestatem
1073 1406 1083 1420 ‚
1103 1395 1199 1425 qnam

205 1431 240 1462 in
250 1428 491 1460 consecratione
500 1427 697 1468 susceperunt
709 1448 718 1462 ‚
742 1426 843 1458 valide
864 1428 991 1459 ordines
1009 1432 1177 1459 conlerunt
1189 1450 1199 1462 ‚

203 1472 279 1506 licet
292 1471 430 1513 graviter
442 1481 572 1512 peccent
584 1493 594 1507 ‚
615 1471 648 1502 ὅς
662 1469 804 1502 incidant
818 1470 851 1500 in
861 1481 986 1510 poenam
1006 1482 1022 1501 ,ι
1043 1470 1198 1502 Concilio

136 1526 179 1558 37
199 1517 345 1550 statutam
354 1517 387 1546 in
397 1526 421 1546 c.
436 1511 537 1554 z.seffi
552 1524 599 1553 14.
623 1513 771 1553 Idemque
783 1524 865 1553 patet
879 1513 912 1544 in
924 1514 1074 1555 Episcopo
1086 1514 1200 1554 hereti-

203 1571 244 1593 co
253 1581 263 1596 ,
283 1557 562 1592 excommunicato
573 1579 583 1593 ‚
607 1558 655 1588 vel
666 1557 837 1595 degradito
847 1579 856 1593 ,
876 1556 934 1598 qui
949 1557 1050 1589 xalide
1071 1557 1199 1588 ordines

203 1601 329 1636 confert
341 1624 351 1638 ,
370 1600 445 1633 licet
457 1611 523 1632 non
533 1599 655 1631 ordinis
666 1599 888 1632 executionem
900 1622 910 1636 ,
931 1611 954 1632 c.
976 1601 1199 1632 Ordinationes

202 1658 233 1686 9.
244 1656 320 1684 qua.
337 1643 524 1677 Richard.in
534 1654 564 1683 4.
575 1640 644 1683 Ast.
652 1653 661 1674 1
669 1653 698 1679 9.
710 1644 741 1674 δέ
753 1641 874 1676 Silvest.
886 1646 918 1675 in
929 1655 994 1676 ver.
1009 1643 1200 1683 Degradatio

200 1700 281 1723 num.
293 1699 322 1726 9.
343 1687 451 1719 dicens
462 1686 495 1718 in
508 1686 591 1718 idem
601 1685 779 1718 consentire
791 1685 832 1718 D.
843 1685 904 1718 Th.
916 1686 1043 1719 &idem
1069 1686 1199 1721 silvest..

203 1736 237 1766 in
246 1729 398 1764 ver-Ordo
411 1741 437 1772 3.
446 1742 475 1761 n.
487 1733 518 1762 6.
527 1728 606 1770 vers.
618 1731 775 1776 Quaeritur
784 1753 792 1761 .
816 1728 847 1760 U
856 1728 916 1763 nde
928 1730 1092 1771 Augustin.
1103 1729 1156 1762 lib.
1171 1742 1186 1760 2

201 1785 306 1808 contra
316 1772 471 1816 epistolam
483 1773 682 1805 parmeniani
693 1783 718 1804 c.
731 1782 741 1803 1
751 1782 777 1813 3.
790 1773 906 1804 relatus
914 1776 947 1805 in
957 1784 992 1806 ca
994 1784 1021 1814 p.
1036 1774 1126 1818 Θαρά
1136 1775 1200 1812 qui-

203 1819 276 1853 dam
291 1828 315 1852 1.
328 1828 354 1856 q.
371 1827 395 1849 1.
418 1819 504 1849 Sicut
517 1826 629 1852 autem,
642 1815 769 1856 inquit,
781 1814 890 1848 habent
900 1819 933 1847 in
943 1816 1092 1858 baptistae
1104 1840 1113 1854 ‚
1126 1815 1201 1854 quod

203 1874 254 1905 per
265 1873 310 1894 eos
321 1860 392 1893 dari
403 1859 506 1902 poffit,
523 1860 568 1903 fic
577 1861 610 1892 in
630 1857 819 1892 ordinatione
837 1859 885 1898 jus
905 1858 999 1891 dandi
1015 1873 1022 1892 ;
1047 1870 1200 1898 utramque

203 1904 321 1946 quidem
333 1902 375 1937 ad
385 1905 549 1945 perniciem
553 1902 642 1943 suam
653 1925 662 1938 ‚
675 1901 820 1940 quizma'ru
830 1902 1014 1935 charitatem
1024 1915 1079 1935 non
1091 1901 1201 1935 hibent

205 1952 337 1981 unitatis
349 1945 418 1987 ‚sed
429 1957 530 1978 mmm
540 1946 624 1978 alind
636 1945 675 1987 cst
685 1944 800 1986 prorfirs
811 1958 868 1978 nm
879 1945 986 1978 habere
995 1969 1005 1982 ,
1025 1946 1201 1987 aliudsizlu-

204 1993 301 2026 briter
313 1989 419 2022 habere
430 2001 440 2026 ,-
462 1988 604 2027 quidquid
613 2000 669 2020 non
681 1988 805 2020 habetor
827 1989 958 2021 dandum
970 1989 1027 2030 est,
1051 1990 1119 2022 ciam
1132 1999 1200 2031 opus

207 2034 247 2078 est
255 2033 340 2071 dari}
349 2031 423 2072 qu'od
433 2036 503 2064 vcro
513 2033 676 2074 perniciose
687 2030 810 2065 lmbetur
819 2042 870 2074 per
881 2036 1091 2074 correptionem
1100 2032 1202 2074 depul-

200 2079 241 2121 sa
250 2080 380 2120 pernicie
389 2075 536 2116 agendum
546 2075 585 2117 est
594 2098 603 2111 ‚
625 2074 827 2115 utfizlubriter
839 2074 984 2108 habeatur
994 2100 1002 2109 .
1024 2077 1099 2109 Haec
1113 2076 1159 2108 ibi
1173 2100 1180 2108 .

247 2122 317 2156 Nec
331 2119 525 2160 refragatur,
546 2118 628 2160 quod
641 2119 786 2158 praedista
804 2119 970 2151 videantur
990 2122 1156 2160 procedere
1167 2120 1202 2151 in

210 2164 368 2207 Episcopis
378 2186 388 2200 ,
407 2163 521 2203 quibus
533 2173 585 2203 per
597 2161 870 2195 consecrationem
877 2165 915 2194 de
926 2163 993 2204 jure
1004 2163 1115 2194 divino
1126 2173 1201 2194 con-

207 2209 305 2242 fertur
317 2206 448 2248 potestas
460 2205 638 2238 indelebilis
649 2215 700 2244 per
722 2204 843 2237 Divum
861 2205 1016 2238 Thomam
1036 2209 1069 2237 in
1089 2217 1119 2246 4.
1132 2205 1200 2245 dist.

207 2264 226 2285 2
232 2261 259 2292 5.
271 2249 363 2292 quest.
378 2260 404 2281 1.
417 2258 481 2280 art.
494 2261 523 2281 ι.
533 2246 741 2288 adsecundum
751 2271 761 2285 ,
782 2251 813 2281 ὃ(
824 2248 891 2280 dixi
911 2249 995 2289 supra
1007 2252 1038 2280 in
1053 2261 1067 2281 2
1083 2272 1090 2281 .
1102 2246 1200 2281 notab.

206 2306 285 2328 num.
295 2303 325 2332 7.
335 2293 413 2333 vers:
438 2294 478 2324 Et
490 2290 558 2324 hinc
568 2290 695 2331 resultat
707 2315 714 2323 .
738 2290 807 2324 Imo
828 2292 915 2324 enim
927 2314 936 2328 ‚
959 2303 991 2324 ut
1011 2291 1129 2323 Silvest.
1157 2292 1202 2324 ait

206 2341 240 2370 in
251 2338 347 2370 ἄπυεν.
359 2336 554 2375 Degradatio
571 2345 651 2367 num.
662 2346 690 2373 9.
714 2335 800 2367 Idem
819 2335 990 2367 dicendum
1010 2335 1042 2367 in
1061 2335 1205 2366 habenti-

208 2383 265 2415 bus
275 2379 457 2422 potestatem
475 2377 645 2410 ordinandi
661 2378 677 2410 a
689 2378 754 2419 jure
766 2378 899 2419 positivo
923 2377 1122 2409 concessione
1144 2377 1203 2409 Ec-

145 2436 185 2464 29
205 2424 316 2465 clesie:
342 2433 415 2455 nam
426 2431 460 2454 ut
482 2423 619 2453 Abbates
639 2421 834 2463 Presbyteri,
856 2423 888 2453 δε
910 2420 1068 2453 benedieti
1089 2421 1203 2462 possint

212 2468 345 2509 primam
358 2466 537 2498 clericalem
548 2467 692 2499 conferre
705 2466 867 2497 tonsuram
877 2487 886 2502 ‚
908 2465 1067 2496 indultum
1088 2463 1204 2504 legitur

213 2512 245 2544 in
256 2510 384 2552 septima
396 2509 524 2552 Synodo
536 2508 719 2545 universali,
740 2508 770 2540 id
785 2508 826 2540 est
837 2509 972 2540 secunda
982 2507 1117 2539 Nicaena
1127 2507 1205 2539 rela-

211 2564 244 2586 ta
254 2555 286 2585 in
296 2552 512 2597 d.c.Quoniam
523 2551 646 2595 69.disl.
658 2553 861 2592 ponderando
872 2552 1001 2583 verbum
1013 2551 1102 2587 illud,
1112 2551 1205 2582 licen-

151 2600 192 2639 3b
210 2599 257 2628 tia
269 2620 276 2628 .
296 2596 354 2628 Sed
366 2595 494 2628 illorum
503 2595 720 2638 jurisdic‘tioin
744 2595 937 2628 tonsurando
949 2592 1087 2625 restricta
1105 2593 1147 2625 est
1166 2595 1204 2627 de

216 2641 280 2684 jure
291 2638 454 2671 communi
467 2640 503 2671 ad
526 2640 692 2672 conversos
702 2661 712 2675 ‚
734 2641 767 2672 ὃς
778 2638 958 2671 Monachos
980 2637 1025 2669 sui
1044 2635 1206 2669 Monaste-

217 2683 257 2714 rii
273 2695 278 2701 ·
291 2693 393 2714 textus
403 2682 444 2715 est
457 2685 489 2713 in
502 2679 559 2713 d-c.
606 2686 742 2720 uoniam,
764 2683 826 2719 ibi,
848 2677 981 2714 'Lec‘loris
989 2689 1090 2712 autem
1098 2690 1205 2713 manus

217 2725 397 2767 imposttione
406 2726 531 2758 licentia
542 2729 583 2767 est
593 2724 714 2759 Abbati
718 2723 901 2766 solummodo
912 2728 944 2756 in
953 2725 1071 2766 proprio
1089 2725 1206 2755 Mona-

213 2765 305 2808 sterio
320 2766 470 2807 faciendi.
490 2769 570 2801 Item
579 2772 615 2801 ad
626 2781 679 2801 eos
690 2792 699 2807 ,
709 2770 742 2800 in
753 2779 832 2810 qnos
844 2769 934 2799 habet
947 2766 1142 2798 ordinariam
1152 2789 1161 2802 ‚
1173 2768 1206 2798 &

219 2810 302 2850 quasi
322 2810 531 2852 Episcopalem
552 2813 797 2853 jurisdictionem
808 2835 818 2848 ‚
838 2820 903 2852 cap,
922 2809 1063 2843 Ablmtes
1073 2832 1082 2846 ‚
1112 2811 1143 2841 δε
1161 2810 1205 2842 ibi

220 2852 327 2883 Franc.
337 2855 367 2883 in
380 2866 407 2885 2.
418 2853 556 2887 notab.de
565 2853 763 2897 privil-libo.
774 2855 930 2896 Specul.in
940 2852 1029 2886 tit.de
1041 2855 1204 2894 priv.nu.5.

219 2893 299 2934 wrs.
311 2897 384 2926 Item
392 2907 532 2934 nequeunt
542 2901 673 2939 primam
684 2894 835 2938 tonsuram
847 2897 977 2939 conferre
986 2919 995 2933 ‚
1006 2897 1066 2939 nisi
1074 2899 1206 2930 Conver-

214 2939 260 2981 fis
270 2960 279 2972 ,
291 2939 322 2968 &
334 2937 459 2971 Summa
468 2941 600 2973 Tabien.
612 2945 644 2974 in
656 2941 735 2982 verſs
742 2939 847 2975 Abbas
857 2964 867 2977 ,
881 2948 907 2979 §.
920 2953 949 2972 τ..
961 2942 992 2972 &
1003 2951 1040 2972 ex
1051 2939 1206 2973 Concilio

220 2979 359 3012 resti-ina
368 2980 407 3011 est
419 2984 454 3013 ad
467 2983 603 3016 subditos
613 2987 771 3025 regulares
783 2984 909 3016 tantum
918 2982 990 3015 ind.
1002 2981 1205 3023 c.10.Jc{(,s.23.

225 3025 257 3055 &
269 3033 375 3070 tamen
388 3023 521 3070 sinAbbas
538 3027 717 3060 benedictus
736 3027 881 3060 conferat
893 3027 1027 3068 primam
1046 3027 1207 3058 tonsuram

220 3066 356 3113 fflgtllffljl
368 3065 422 3097 s1b1
434 3077 497 3097 non
509 3068 629 3102 subdito
640 3093 650 3107 ,
671 3081 723 3104 aut
734 3070 871 3103 saeculari
882 3093 892 3107 ‚
913 3070 1017 3102 valida
1027 3070 1065 3101 est
1079 3070 1206 3102 ordina-

222 3110 271 3143 tio
282 3119 406 3140 ratione
418 3110 560 3156 potestati
574 3112 627 3143 sibi
649 3115 770 3146 tradita:
784 3115 814 3145 in
838 3113 1025 3154 inpofitione
1037 3123 1205 3144 manuum:

223 3154 316 3192 idque
329 3152 393 3183 tiim
405 3162 476 3183 ante
489 3152 694 3192 Concilium,
713 3157 783 3197 Lap.
795 3157 823 3195 ol,
835 3158 959 3195 allegat.
978 3160 1045 3196 138.
1058 3157 1099 3197 gl.
1113 3155 1207 3188 Arch.

219 3197 251 3227 ὃς
264 3194 528 3235 Franc.suprucit.
540 3207 587 3226 nu.
607 3207 651 3235 1-4·
681 3198 774 3238 quam
788 3200 850 3240 poll
860 3199 1048 3232 Concilium
1059 3209 1110 3236 ,ut
1123 3208 1206 3239 patet

221 3237 375 3320 gis‘elatis
387 3238 655 3271 declarationibus
666 3240 695 3271 S.
717 3242 986 3283 congregationis
997 3243 1083 3283 supra
1093 3254 1142 3274 nu.
1159 3252 1206 3275 12.

236 3295 239 3300 ¹
281 3291 341 3318 Cslq·

261 3324 375 3356 Eodem
386 3326 482 3356 modo
492 3347 501 3360 ,
522 3334 555 3355 ut
567 3323 701 3356 Abbates
715 3327 1208 3369 n‹›n1›cnt·dfi&ipoffintbencdi-

221 3376 289 3400 cere
301 3389 309 3401 ‚
332 3368 362 3397 &
384 3366 581 3399 [cerm-,itum
603 3367 745 3399 conferre
758 3391 766 3404 ,
787 3370 954 3402 secundum
967 3371 1153 3411 opinionem
1165 3371 1206 3410 gl.

221 3408 269 3440 hic
279 3420 311 3439 m
322 3421 384 3441 ver.
400 3412 476 3441 Alia
488 3433 499 3446 .,
518 3410 714 3452 posteaquam
736 3410 899 3452 Episcopus
921 3423 967 3445 ter
986 3414 1149 3445 humiliter
1160 3423 1208 3444 re-

219 3451 350 3493 quisitus
361 3462 472 3483 munus
494 3453 721 3485 benedictionis
745 3454 805 3485 illis
825 3455 978 3495 impertiri
999 3455 1207 3493 recusaverit,

220 3495 355 3539 primuni
368 3494 469 3529 statuit
482 3496 656 3529 Alexin-jer
666 3497 718 3529 111.
731 3497 764 3530 in
777 3499 831 3530 hac
844 3497 1004 3531 Decretali
1015 3521 1023 3537 ‚
1035 3502 1208 3541 ponderan-

159 3334 193 3368 31

612 93 778 161 Prosp.
799 90 1020 160 Faguan.
1048 91 1095 145 iu
1114 89 1333 146 Primum
1359 88 1568 146 Librum
1583 88 1848 144 Decretal.

1239 183 1281 212 do
1301 182 1451 216 verbnm,
1476 177 1676 225 stramignus.
1697 177 1795 210 Unde
1812 179 1900 219 glols.
1919 184 2070 224 praealleg.
2091 195 2231 227 quaerens

1238 223 1374 264 qualiter
1384 223 1444 254 hoc
1477 222 1572 254 ossint
1584 225 1688 254 iacere
1698 232 1772 253 ante
1784 221 1798 252 s
1798 232 1869 254 uam
1880 223 2143 260 benedictionem:
2159 231 2232 265 Dic,

1241 266 1346 307 inquit
1357 288 1366 302 ‚
1387 276 1439 304 quo
1470 267 1503 296 in
1512 263 1612 296 odium
1623 266 1652 296 E
1655 263 1734 305 pisto
1737 273 1840 305 porum
1849 267 2000 299 Dominus
2010 271 2098 311 Papa
2110 271 2160 304 hoc
2171 283 2234 304 con-

1237 311 1315 341 cedit
1326 318 1377 349 per
1388 307 1486 349 ipsam
1496 306 1749 349 constitutionem,
1759 319 1796 339 ne
1806 309 1962 349 propterea*
1971 312 2004 342 in
2007 311 2234 353 spiritualibus,

1238 353 1290 383 vel
1298 352 1372 384 aliis
1382 354 1541 392 patiantur·
1553 349 1749 392 Mon-asteria
1771 349 1983 385 detrimentum
2001 362 2120 395 propter
2138 358 2230 396 negli-

1233 398 1370 434 gentiam
1380 397 1408 426 Ε
1411 394 1610 436 piscoporum.
1633 394 1718 426 Idem
1731 403 1821 426 notat
1833 395 1943 427 Innoc.
1959 407 1988 428 n.
2005 407 2030 430 1.
2050 400 2160 430 dicens
2179 401 2233 432 hu-

1238 438 1373 480 jusmodi
1385 439 1507 470 Abbate
1518 438 1617 469 etiam
1626 446 1699 468 ante
1711 436 1965 470 benedictionem
1978 440 2091 473 habere
2109 441 2232 482 plenam

1240 480 1545 513 administrationem
1560 479 1753 512 authoritate
1765 480 1855 523 hujus
1865 481 2010 515 Canonis
2021 506 2030 520 ,
2051 486 2084 516 &
2096 483 2234 526 sequitur

1246 525 1293 565 Jo.
1308 524 1406 556 Andr.
1417 536 1446 555 n.
1457 535 1488 564 4.
1497 522 1533 556 (ῥ’
1545 526 1574 555 8.
1587 526 1619 555 in
1632 532 1684 569 ver
1694 524 1803 554 Liceat
1815 547 1822 555 .
1847 524 1883 556 Et
1896 535 2002 558 tamen
2021 527 2173 568 supposita
2191 529 2233 568 gl.

1237 567 1425 607 opinione,s1
1437 566 1566 608 prodisti
1575 570 1756 598 conterrent
1769 565 1980 607 Regulatibus
1990 569 2045 601 sibi
2058 581 2122 602 non
2134 571 2233 603 subdi-

1239 611 1280 642 tis
1288 633 1298 647 ,
1309 611 1521 644 dubitandum
1532 621 1598 642 non
1609 610 1682 641 elset
1693 631 1702 646 ‚
1713 609 1791 649 quin
1805 610 1962 643 charaeter
1972 613 2046 645 esset
2058 613 2216 654 impressus
2226 637 2233 644 .

1238 653 1327 686 Patet
1337 654 1435 694 igitur
1446 664 1483 686 ex
1496 653 1689 685 limitatione
1700 652 1936 694 jurisdiffionis,
1948 657 1984 687 ad
1996 666 2097 688 certas
2107 655 2234 689 tantum

1239 697 1383 738 personas
1396 707 1460 729 non
1472 696 1581 729 inferri
1594 698 1630 727 ad
1643 695 1868 728 limitationem
1877 697 2036 736 potestatis
2045 699 2230 736 ordinandi,

1237 751 1332 782 quam
1344 739 1489 771 Praelatus
1501 740 1590 771 habet
1602 739 1743 771 etiamex
1755 739 1957 773 concessione
1967 741 2110 775 Ecclesia:
2120 766 2128 774 .

1282 782 1360 815 Non
1370 783 1470 815 obstat
1481 805 1491 819 ‚
1510 784 1594 823 quod
1608 780 1777 813 secundum
1789 782 1900 814 Innoc.
1911 785 1943 815 in
1951 793 2015 824 cap.
2029 785 2156 825 Quanto
2165 798 2194 818 n.
2206 796 2236 826 4.
2261 793 2298 827 32

1241 825 1277 859 de
1287 825 1415 865 consuet.
1436 829 1566 867 quando
1577 824 1712 856 facultas
1722 824 1909 857 conferendi
1937 827 2064 859 ordines
2084 829 2237 871 competit

1239 879 1305 902 non
1316 879 1440 901 ratione
1450 868 1572 900 ordinis
1583 866 1792 908 episcopalis,
1814 867 1862 899 sed
1881 879 1918 900 ex
1937 870 2158 910 delegatione,
2185 872 2237 904 seu

1238 913 1487 945 demandatione
1499 910 1580 944 faeta
1591 921 1642 952 per
1654 909 1767 951 Papam
1777 932 1787 946 ,
1798 921 1876 944 tunc
1888 911 2063 952 prohibitio
2070 913 2167 946 efficit
2177 937 2187 951 ‚
2199 925 2233 947 ut

1240 955 1317 987 nihil
1329 955 1514 987 conferatur
1524 978 1534 992 ‚
1567 954 1643 999 quja
1654 952 1733 994 Papa
1744 953 1975 994 potest‘auferre
1986 978 1996 993 ‚
2025 959 2109 996 quod
2123 957 2211 989 dedit
2223 980 2233 994 ‚

1239 1009 1273 1030 ut
1286 999 1406 1039 plenius
1417 997 1537 1030 dicium
1557 997 1598 1030 est
1619 996 1706 1038 supra
1723 998 1756 1028 in
1768 1008 1796 1029 2.
1817 995 1916 1030 notab.
1938 998 2018 1039 vers.
2041 1001 2084 1031 Et
2103 998 2236 1041 hincffe-

1232 1041 1344 1082 saltat.
1508 1040 1513 1046 ’
1543 1068 1548 1078 r

1283 1085 1368 1117 Nam
1380 1085 1581 1126 respondetur
1601 1083 1631 1115 id
1652 1092 1760 1114 verum
1772 1082 1850 1120 effe,
1872 1083 1893 1116 fi
1913 1085 2086 1125 prohibitio
2108 1086 2144 1119 fit
2157 1096 2239 1119 tota-

1241 1128 1278 1159 lis
1290 1152 1299 1165 ,
1318 1129 1394 1170 quia
1406 1139 1482 1160 tunc
1497 1138 1629 1169 peream
1640 1125 1779 1157 aufertur
1792 1126 1934 1160 funditus
1950 1128 2081 1168 potestas
2092 1141 2145 1171 per
2156 1130 2238 1162 dele-

1239 1182 1290 1212 git
1298 1173 1402 1204 ionem
1411 1173 1529 1204 collata
1539 1195 1546 1203 .
1572 1170 1609 1202 Et
1623 1170 1784 1210 propterea
1794 1171 1939 1211 quamvis
1950 1171 2140 1205 Concilium
2152 1173 2186 1205 in
2205 1173 2234 1205 d.

1239 1227 1264 1247 c.
1274 1226 1319 1247 10.
1331 1214 1398 1256 sess.
1413 1226 1464 1257 23.
1487 1226 1551 1246 non
1564 1214 1711 1254 procedat
1724 1224 1774 1254 per
1787 1216 1917 1246 modum
1927 1216 2137 1257 ademptionis
2149 1226 2235 1257 pote-

1241 1258 1324 1290 statis
1336 1281 1345 1295 ‚
1367 1258 1414 1290 sed
1436 1269 1490 1299 pet,
1510 1260 1639 1289 modum
1662 1256 1808 1297 fiinplicis
1826 1258 2051 1297 prohibitionis
2061 1281 2071 1296 ,
2101 1259 2236 1291 interdi-

1239 1304 1342 1333 cendo
1354 1313 1392 1334 ne
1413 1302 1588 1333 Abbatibus
1598 1322 1607 1336 ,
1625 1301 1657 1332 ὅ(
1677 1300 1748 1332 aliis
1770 1299 1972 1336 inferioribus
1993 1302 2087 1334 liceat
2108 1302 2236 1335 ordina-

1240 1355 1270 1376 re
1283 1345 1421 1376 subditos
1431 1355 1495 1376 non
1508 1344 1664 1385 regulares
1675 1354 1686 1379 ,-
1708 1353 1815 1375 tamen
1826 1346 1929 1384 quoad
1948 1344 2094 1377 Praelatos
2105 1345 2236 1377 inferio-

1241 1398 1286 1419 res
1298 1399 1362 1419 non
1375 1388 1522 1419 habentes
1535 1386 1673 1418 subditos
1686 1387 1842 1427 regulares
1854 1387 1916 1418 haec
1938 1388 2110 1428 prohibitio
2128 1399 2236 1429 opera-

1240 1441 1291 1462 tur
1303 1432 1496 1463 ablationem
1508 1430 1606 1472 totius
1617 1430 1776 1470 potestatis
1787 1452 1796 1466 ,
1808 1430 1884 1470 quia
1895 1431 2046 1462 nimirum
2057 1431 2235 1471 hujusmodi

1240 1474 1371 1515 potestas
1386 1474 1446 1505 illis
1459 1473 1613 1514 competit
1624 1495 1633 1508 ,
1655 1483 1721 1505 non
1739 1473 1863 1506 ratione
1881 1474 2004 1505 ordinis
2024 1474 2213 1515 Episcopalis
2224 1497 2235 1511 ‚

1239 1518 1289 1549 sed
1299 1529 1336 1550 ex
1348 1517 1567 1549 commissione
1579 1539 1588 1552 ‚
1606 1515 1659 1547 seu
1671 1516 1839 1557 privilegio
1860 1517 2042 1558 Apostolico
2052 1539 2062 1554 ‚
2083 1518 2116 1550 ὃς
2136 1517 2237 1549 subla-

1240 1570 1274 1592 to
1287 1561 1456 1602 privilegio
1476 1570 1527 1601 per
1549 1559 1682 1592 totalem
1699 1559 1950 1600 prohibitionem
1972 1560 2051 1592 nihil
2075 1570 2239 1597 remanet,

1240 1615 1274 1636 ut
1285 1604 1519 1645 patetexdic‘tis
1539 1602 1625 1643 supra
1643 1613 1756 1635 numer.
1783 1612 1830 1642 14.
1848 1601 1886 1635 (Y
1908 1613 1955 1642 15.
1978 1603 2020 1635 At
2042 1603 2127 1635 secus
2138 1603 2198 1640 est,
2219 1603 2240 1635 si

1239 1648 1412 1689 prohibitio
1425 1658 1489 1679 non
1503 1646 1538 1678 sit
1560 1646 1668 1679 totalis
1682 1658 1688 1676 :
1713 1645 1760 1677 sed
1783 1645 1923 1679 limitata
1940 1648 1977 1678 ad
2000 1656 2104 1679 certos
2125 1647 2211 1679 casus
2222 1669 2231 1684 ‚
2255 1656 2293 1689 33

1239 1692 1286 1722 vel
1300 1691 1458 1732 personas‚·
1470 1690 1545 1732 quia
1556 1699 1632 1722 tunc
1645 1688 1720 1721 cum
1731 1699 1892 1722 remaneat
1904 1690 2010 1730 aliqua
2020 1690 2151 1730 potestas
2160 1700 2239 1731 quo-

1239 1736 1277 1767 ad
1290 1735 1369 1766 alios
1381 1758 1389 1772 ‚
1412 1734 1535 1766 ratione
1547 1732 1630 1764 illius
1642 1732 1799 1775 potestatis
1818 1734 1944 1765 ordines
1953 1733 2056 1766 valide
2066 1733 2237 1765 conferun-

1243 1788 1314 1815 tur,
1337 1777 1414 1810 licet
1429 1788 1495 1810 non
1516 1775 1576 1808 rite
1595 1786 1719 1817 propter
1740 1775 1988 1816 prohibitionem
2000 1799 2008 1807 .
2029 1775 2128 1817 Qiod
2151 1786 2236 1817 patet

1242 1822 1384 1862 exemplo
1413 1821 1572 1852 Abbatum
1584 1842 1593 1855 ‚
1623 1820 1737 1860 quibus
1756 1818 1811 1850 etsi
1831 1819 1962 1859 potestas
1983 1820 2154 1851 ordinandi
2171 1830 2239 1852 non

1241 1875 1400 1906 competat
1410 1864 1536 1895 ratione
1547 1862 1682 1895 Ordinis
1691 1862 1880 1903 Episcopalis
1893 1885 1902 1899 ,
1925 1863 1973 1894 sed
1984 1873 2021 1894 ex
2035 1863 2236 1894 concessione

1240 1908 1383 1940 Ecclesiae
1394 1930 1404 1943 ,
1425 1917 1458 1939 ut
1469 1905 1589 1938 didkum
1599 1906 1640 1938 est
1651 1917 1729 1938 nom.
1742 1910 1771 1936 6.
1784 1911 1820 1937 Q?
1831 1916 1909 1937 num.
1922 1909 1972 1937 28.
1984 1904 2107 1944 &senff
2130 1916 2238 1937 tamen

1243 1950 1418 1992 prohibitio
1428 1949 1618 1983 Conciliiin
1628 1948 1658 1981 d.
1668 1961 1693 1981 c.
1708 1945 1830 1988 10.seff.
1844 1960 1858 1979 z
1868 1958 1895 1989 3.
1917 1959 1982 1980 non
1995 1949 2097 1981 reddit
2115 1948 2240 1981 irritam

1240 1994 1479 2026 ordinationem
1491 1992 1690 2025 subditorum
1711 1992 1904 2023 saecularium
1915 2014 1924 2029 ,
1946 1990 2057 2032 nempe
2070 1992 2145 2033 qnia
2154 1990 2240 2024 diota

1241 2037 1417 2079 prohibitio
1438 2046 1503 2068 non
1522 2035 1563 2068 est
1583 2036 1711 2072 totalis,
1744 2034 1794 2066 sed
1813 2035 1970 2072 limitata,
1993 2036 2026 2067 ὃ(
2047 2034 2184 2067 restricta
2202 2037 2242 2067 ad

1241 2080 1381 2113 subditos
1393 2081 1544 2121 seculares
1556 2079 1682 2111 tantum
1695 2089 1706 2114 ‚·
1718 2079 1751 2110 &
1760 2078 1837 2120 quia
1846 2089 2007 2110 remaneat
2018 2078 2149 2119 potestas
2159 2089 2240 2120 quo-

1242 2126 1279 2156 ad
1300 2124 1439 2156 subditos
1465 2124 1642 2164 regulares,
1661 2122 1785 2154 idcirco
1804 2121 1999 2153 conferendo
2020 2122 2218 2154 saecularibus
2230 2144 2241 2158 ‚

1242 2167 1431 2206 imprimunt
1441 2164 1656 2198 characterem
1669 2188 1679 2201 ,
1702 2175 1765 2197 non
1773 2164 1915 2196 obstante
1935 2164 2083 2198 Concilii
2101 2165 2240 2206 prohibi-

1243 2212 1331 2243 tione
1342 2233 1352 2246 ,
1376 2210 1427 2242 seu
1438 2209 1632 2241 limitatione
1643 2231 1654 2244 ,
1677 2218 1711 2239 ut
1723 2207 1867 2239 suniliter
1877 2207 1919 2240 est
1928 2207 2050 2240 dicium
2060 2219 2141 2240 num.
2157 2218 2184 2249 3.
2197 2206 2235 2241 ὥ·

1234 2252 1317 2295 seqq.
1327 2265 1356 2284 n.
1370 2256 1418 2285 18.
1439 2254 1472 2284 &
1492 2253 1551 2283 hoc
1571 2251 1660 2283 sensit
1679 2250 1791 2282 Innoc.
1811 2252 1844 2281 in
1855 2249 1960 2291 d.cap.
1980 2252 2236 2294 Quirianum-4.

1241 2296 1277 2328 de
1287 2295 1454 2336 consuetud.
1465 2295 1509 2328 ait
1521 2294 1633 2325 enim:
1653 2296 1690 2326 Si
1711 2295 1860 2324 Dominus
1869 2296 1957 2334 Papa
1976 2302 2075 2333 prlmo
2093 2292 2239 2336 conferret

1243 2337 1422 2383 Presbytero
1432 2336 1606 2379 potestatem
1616 2334 1805 2375 chrismandi
1815 2359 1825 2373 ‚
1838 2334 1876 2369 (9²¹
1884 2334 1983 2377 postea·
1994 2336 2128 2379 auferret
2137 2359 2147 2373 ‚
2156 2336 2238 2369 nihil

1242 2395 1293 2414 con
1292 2382 1390 2422 ferret
1393 2382 1440 2424 sic
1451 2405 1458 2412 .
1480 2379 1576 2422 Sedst
1586 2377 1753 2421 prohiberet
1766 2379 1911 2420 Episcopo
1922 2378 2089 2420 chrismare
2098 2403 2107 2416 ‚
2128 2379 2166 2412 Θ
2176 2392 2240 2412 con.

1243 2434 1359 2466 tempta
1371 2420 1568 2465 prohibitione
1588 2421 1799 2464 confirmaret,
1819 2425 2044 2464 imprimeretur
2064 2422 2238 2456 charaerer.

1245 2471 1336 2502 Ratio
1345 2466 1379 2499 di
1382 2467 1541 2508 *versitatis
1551 2488 1561 2501 ‚
1581 2468 1651 2503 quia
1664 2464 1827 2506 Episcopus
1837 2464 1929 2507 potest
1938 2465 2116 2509 confirmare
2127 2476 2166 2498 'ex
2177 2467 2240 2508 offi-

1243 2515 1287 2544 cio
1296 2533 1306 2547 ‚
1328 2508 1365 2542 ὠ·
1375 2507 1479 2541 ordine
1493 2521 1501 2545 ς
1526 2508 1671 2541 Sacerdos
1682 2509 1762 2540 ‚alius
1773 2521 1812 2540 cx
1824 2508 2010 2548 delegatione
2020 2532 2030 2546 ,
2050 2507 2087 2543 ὅ]
2095 2508 2239 2551 ¹admini-

1244 2554 1305 2587 culo
1317 2551 1414 2585 habiti
1424 2555 1618 2585 Sacramemi
1632 2578 1637 2583 .
1659 2551 1818 2584 Mmdato
1829 2564 1895 2591 ergo
1908 2551 2030 2593 sublato
2040 2552 2120 2585 nihil
2128 2552 2239 2593 potest.

1246 2598 1295 2629 Ita
1308 2596 1515 2628 Innocentius
1526 2618 1535 2632 ,
1557 2597 1632 2638 qui,
1644 2606 1677 2627 rit
1689 2597 1793 2632 vides,
1815 2595 1918 2636 aperte
1932 2597 2073 2637 loquitur
2092 2597 2130 2627 de
2144 2597 2240 2629 totali

1245 2640 1402 2672 ablatione
1426 2639 1586 2681 potestatis
1605 2639 1775 2680 delegatae,
1791 2642 1824 2672 ὀί
1844 2640 2050 2671 revocatione
2073 2639 2239 2677 mandati,

1245 2694 1310 2715 non
1327 2693 1432 2716 aurem
1445 2685 1481 2715 de
1493 2682 1578 2715 illius
1591 2682 1785 2716 limitatione
1797 2685 1832 2714 ad
1854 2692 1957 2714 certos
1978 2682 2064 2714 casus
2080 2704 2090 2718 ‚
2110 2683 2157 2714 vel
2170 2693 2239 2723 per-

1247 2732 1334 2758 sonas
1346 2749 1353 2758 .

2263 2303 2303 2336 34

1290 2769 1349 2802 Sed
1370 2769 1454 2801 dices
1466 2792 1475 2805 ‚
1499 2768 1647 2802 Praedieta
1668 2770 1774 2801 locum
1784 2769 1899 2800 habent
1911 2768 1944 2800 in
1963 2779 2022 2805 eo,
2040 2767 2096 2809 qui
2106 2766 2190 2808 prius
2203 2778 2239 2799 ex

1244 2812 1442 2853 delegatione
1455 2812 1540 2853 Papae
1551 2812 1684 2845 habebat
1705 2810 1878 2844 absolutam
1888 2811 2068 2852 potestatum
2089 2811 2239 2843 ordinan-

1255 2856 1309 2892 di·,
1330 2858 1361 2887 &c
1373 2854 1471 2896 posted
1483 2866 1518 2887 ex
1534 2855 1703 2887 intervallo
1715 2854 1761 2886 illi
1775 2854 1924 2896 adjicitur
1941 2854 2239 2895 prohibitiolimita-

1246 2909 1277 2930 ta
1287 2921 1296 2935 ‚
1320 2910 1358 2930 ne
1370 2899 1489 2930 scilicet
1501 2899 1589 2930 illam
1603 2898 1784 2939 potestatem
1794 2907 1938 2929 exerceat
1948 2919 1958 2934 ,
1980 2897 2036 2930 nisi
2050 2897 2082 2929 in
2093 2897 2238 2938 personas

1244 2942 1417 2981 designatas
1427 2964 1437 2978 ‚
1458 2941 1543 2974 secus
1554 2951 1659 2974 autem
1669 2941 1711 2973 est
1721 2963 1731 2977 ‚
1750 2941 1879 2981 quando
1889 2942 1999 2972 eodem
2010 2950 2163 2973 contextu
2174 2950 2237 2974 tta-

1245 2985 1331 3016 ditur
1345 2985 1475 3025 potestas
1488 3007 1498 3020 ‚
1518 2983 1907 3028 &jurisdiffiolimitata,
1928 2983 2004 3015 utin
2026 2983 2097 3016 casu
2115 2983 2236 3016 thema-

1248 3028 1288 3060 tis
1299 3051 1308 3064 ,
1328 3031 1365 3059 de
1376 3038 1440 3068 quo
1451 3027 1556 3069 agitur
1569 3038 1580 3065 ,-
1593 3027 1743 3067 tumquia
1751 3026 1844 3059 Sedes
1857 3025 2036 3067 Apostolica
2046 3026 2081 3059 in
2091 3027 2237 3060 traditio-

1246 3082 1285 3102 ne
1304 3071 1461 3112 potcstatis
1482 3069 1579 3112 potest
1601 3070 1734 3102 adicere
1755 3069 1976 3108 conditiones,
1994 3080 2071 3112 quas
2101 3071 2185 3106 vult,
2207 3080 2233 3101 c.

1248 3116 1274 3155 Ε
1278 3113 1437 3146 leutherius
1454 3117 1500 3146 18.
1511 3123 1571 3152 ραι.
1583 3125 1608 3146 c.
1616 3082 1724 3145 Virum
1737 3111 1773 3144 de
1782 3111 1891 3146 condit.
1903 3112 2001 3154 appofi
2011 3114 2032 3145 l.
2043 3116 2079 3145 In
2090 3111 2235 3146 traditio-

1245 3155 1329 3189 nibus
1342 3155 1538 3198 ,ff-Depafl.
1549 3157 1590 3198 gl.
1606 3167 1629 3188 1.
1641 3158 1674 3187 in
1693 3167 1717 3188 c.
1738 3158 1793 3188 Sic
1801 3154 1924 3195 qnidam
1939 3167 1984 3190 10.
1995 3154 2089 3198 quest.
2106 3167 2130 3188 1.
2152 3155 2236 3188 Tum
2258 3161 2296 3198 36

1247 3200 1323 3240 quia
1343 3200 1398 3240 qui
1419 3199 1516 3241 potest
1538 3210 1603 3231 non
1631 3201 1806 3231 concedere
1834 3199 2016 3240 potestatem
2043 3200 2078 3232 in
2106 3209 2231 3235 totuin,

1246 3243 1341 3283 potest
1360 3243 1456 3275 ctiam
1470 3242 1555 3275 illam
1565 3244 1738 3274 concedere
1751 3241 1887 3275 limitat&
1898 3265 1908 3280 ‚
1929 3245 1960 3275 &
1972 3246 2073 3284 quoad
2096 3252 2212 3284 partem
2223 3263 2233 3277 ‚

1246 3295 1309 3326 cap.
1326 3284 1490 3327 Pqstoralis
1504 3307 1513 3321 ‚
1526 3289 1552 3322 ς.
1563 3284 1640 3318 Item
1651 3295 1715 3317 cum
1725 3294 1818 3318 totum
1838 3283 1921 3328 infra'
1939 3285 1975 3318 de
1993 3287 2069 3328 offic.
2083 3286 2172 3324 deleg.
2196 3285 2231 3316 In

1246 3330 1312 3370 ejus
1324 3329 1411 3361 enim
1421 3328 1554 3362 arbitrio
1571 3327 1611 3360 est
1623 3327 1767 3365 taxatio,
1789 3328 1839 3360 seu
1858 3330 2078 3366 modificatio,
2099 3328 2132 3360 in
2142 3328 2233 3370 cuius

1247 3372 1354 3403 totalis
1364 3371 1553 3412 denegatio,
1577 3370 1658 3403 dicit
1667 3380 1742 3404 text.
1753 3374 1786 3403 in
1796 3372 1818 3403 l.
1829 3372 2012 3408 Videamus.
2032 3370 2110 3412 vers.
2122 3370 2233 3402 sedan

1236 3413 1345 3456 Judex
1357 3437 1366 3451 ‚
1384 3414 1421 3447 (ῥ’
1431 3417 1464 3445 in
1474 3416 1496 3446 l.
1506 3413 1685 3449 ammius,
1700 3414 1774 3455 vers.
1785 3414 1968 3458 Sed]udex‚
1982 3412 2017 3457 ff.
2037 3413 2073 3446 dc
2083 3417 2115 3445 in
2124 3414 2174 3445 lit.
2185 3424 2231 3452 yu-

1246 3469 1313 3489 rim.
1336 3455 1516 3496 Reum-affl
1541 3460 1714 3498 369.Circ.:
1724 3461 1852 3499 primum
1871 3470 1950 3491 num.
1963 3462 2011 3491 28.
2041 3456 2126 3489 Tum
2146 3458 2234 3491 deni·
2257 3467 2287 3499 37

1245 3510 1306 3542 quc
1318 3522 1327 3538 ‚
1344 3501 1420 3542 quia
1429 3499 1514 3533 aetus
1525 3498 1621 3533 sat-“tus
1635 3510 1747 3534 contra
1757 3502 2007 3544 prohibitionem
2024 3500 2101 3543 legis
2122 3500 2159 3533 ab
2169 3511 2207 3532 eo
2217 3522 2228 3539 ‚

2134 3543 2190 3585 qui
