2397 3664
265 50 363 85 602

632 38 800 106 Prosp.
843 36 885 90 F
888 45 1069 106 agrian.
1082 39 1136 92 -in
1152 35 1370 92 Primum
1393 38 1597 93 Librum
1627 36 1890 98 Decretal.

140 119 180 163 56
211 146 215 149 .
243 127 550 168 vigefimusquattus
569 125 701 156 habetur
717 126 750 154 in
760 132 826 163 cap.
848 131 874 161 5.
885 125 917 155 in
926 121 1094 164 princ.seffi
1108 133 1158 162 25.
1169 123 1206 155 de
1243 127 1372 165 quando
1383 126 1558 165 improbare
1569 125 1697 164 possent:
1708 126 2036 168 §acragangr-egatio
2045 131 2165 164 censuit
2175 138 2242 164 non

133 960 171 991 57

129 1868 144 1899 ΝΛ

149 1868 166 1896 Q)

208 169 428 210 Regulari'bus,
450 180 515 210 quo
530 169 701 199 innovatur
722 165 921 197 constitutio
941 165 1098 197 Bonifacii
1120 166 1205 197 VIII.

206 217 240 246 {n
251 226 315 255 cap.
321 212 486 252 Periculofh
496 210 610 252 destat.
621 220 681 248 reg.
692 208 778 240 lib.6.
791 210 824 240 δέ
836 209 987 240 tribuitur
998 209 1159 249 Episcopo,
1171 219 1205 241 ut

207 258 297 289 Sedis
316 256 502 297 Apostolica:
521 256 666 293 delegato
693 251 868 292 plenissima
889 253 1063 284 authoritas
1083 253 1117 284 in
1136 253 1204 289 his,

204 312 272 341 quae
283 301 441 340 pertinent
453 300 487 329 ad
501 296 674 328 clausuram
684 295 929 327 conservandam
939 318 949 332 ‚
961 297 993 327 δι
1002 297 1035 327 in
1047 296 1205 327 Monaste-

204 345 262 376 riis
274 343 470 374 Monialium
482 339 632 378 exemptis
645 362 652 370 .
676 337 776 369 Unde
787 349 823 369 ex
844 338 999 371 sententia
1016 340 1107 370 sacrae
1116 338 1204 371 Con-

207 386 402 426 aregationis
420 384 494 414 licet
506 382 656 422 Episcopo
676 380 870 413 Monasteria
887 381 1085 414 Monialium
1105 383 1203 414 etiam

204 420 417 469 Regtilaribtis
438 424 642 468 subjedltarum
661 425 804 461 visitare,
826 427 858 456 &
887 425 1022 466 singulas
1042 424 1203 457 Moniales

204 473 316 512 absque
328 469 535 510 Regularium
548 468 730 500 interventu
751 468 869 508 alloqui
881 468 915 500 in
935 469 1202 500 concernentibus

205 515 399 548 clausuram,
420 514 451 543 ὃς
471 512 670 547 examinare»,
691 513 723 543 δε
741 511 916 543 clausuram
937 513 1127 544 violantibus
1138 523 1202 553 poe-

208 568 281 590 nam
295 557 474 597 imponere.
497 554 647 587 Praeterea
666 554 739 586 cum
752 554 918 596 Episcopus
937 553 980 587 N.
992 555 1152 597 scripsisset
1163 557 1201 587 ad

208 601 335 632 Sacram
347 598 644 640 Congregationem
662 598 811 638 quosdam
832 599 928 630 laicos
949 599 1201 640 cujusdam'con-

205 642 370 674 ventionis
391 642 499 683 vigore
517 642 658 673 detinere
677 643 779 673 claves
801 641 987 673 Monasterii
1006 643 1202 674 Monialiuin

201 685 431 719 Carmelitanis
457 685 650 725 regularibus
682 685 887 725 subjectarum
907 697 914 716 :
938 686 1031 719 Sacra
1054 685 1199 726 Congre-

205 730 294 771 gatio
318 729 439 761 censuit
475 729 577 761 claves
599 727 782 760 auferendas
802 728 864 759 istis
893 728 1091 760 Oeconomis
1110 729 1199 761 stecu-

203 774 321 806 laribus
333 796 342 809 ,
365 773 575 804 &tradendas
587 772 737 813 Episcopo
757 781 916 811 tamquam
930 772 1124 808 Ordinatio,
1145 774 1199 804 cui

201 817 389 850 Concilium
411 815 583 847 custodiam
610 815 756 846 clausurae
775 814 970 846 Monialium
1000 816 1171 848 commissit
1189 839 1196 846 .

197 861 297 902 Qiod
312 860 417 901 saepiiis
435 859 531 890 etiam
543 858 723 889 ordinatum
735 857 793 889 fuit
804 857 820 888 :i
843 857 928 889 Sacr.
940 858 1061 899 Congr.
1075 858 1198 899 Episco-

199 915 310 948 porum
322 926 330 940 ‚
353 914 387 934 ac
401 902 608 941 Regularium
620 901 652 931 in
665 901 783 932 casibus
794 901 1058 941 contingentibus
1069 925 1076 933 .

226 947 542 985 Viaesimusquintus
555 944 683 984 ponitur
692 947 725 974 in
735 943 796 974 eod.
808 955 831 975 c.
847 943 1000 983 5.seff.25.
1012 945 1048 976 de
1058 946 1151 984 regul.
1162 945 1197 977 in

202 992 265 1023 illis
279 982 400 1021 verbis:
422 988 554 1020 Nemini
576 998 681 1018 autem
701 987 998 1020 sanctimonialium
1019 989 1112 1020 liceat
1132 989 1196 1029 post

198 1034 417 1077 professionem
446 1031 529 1062 exire
550 1030 565 1061 a
582 1030 776 1061 Monasterio
795 1031 892 1062 etiam
914 1034 949 1062 ad
971 1033 1063 1063 breve
1075 1042 1196 1071 tempus

198 1086 400 1118 quocumque
411 1083 579 1115 praetextu,
591 1074 646 1104 nisi
661 1084 694 1104 ex
706 1074 810 1114 aliqua
821 1074 965 1112 legitima
977 1076 1067 1107 causa
1077 1077 1114 1107 ab
1128 1076 1197 1116 Epi-

197 1123 290 1161 scopo
302 1120 496 1157 apptobanja
507 1141 514 1148 .
535 1115 695 1148 Caeterum
715 1117 778 1148 hrec
800 1116 931 1148 facultas
941 1118 1043 1158 postea
1063 1119 1097 1150 in
1108 1117 1196 1150 Con-

198 1164 299 1196 flius.
312 1162 357 1194 Pii
371 1162 406 1192 V.
421 1160 618 1192 Declausura
639 1159 837 1192 Monialium
848 1160 986 1193 resti-ieta
1005 1161 1066 1193 fuit
1087 1163 1123 1193 ad
1134 1172 1195 1193 tres

197 1208 283 1239 casus
303 1208 487 1240 dumtaxat,
509 1204 658 1239 videlicet
679 1203 840 1242 epidemiae
861 1226 870 1240 ,
894 1205 1002 1245 leprae,
1024 1206 1055 1237 δε
1086 1204 1196 1245 magni

192 1249 352 1284 incendii.
373 1248 472 1288 Qiod
485 1246 558 1278 verb
572 1245 762 1278 subnectitur
773 1249 806 1278 in
816 1246 845 1278 d.
857 1256 955 1288 cap-5.
967 1258 1001 1279 ut
1014 1248 1137 1288 ingredi
1150 1249 1197 1280 in-

198 1305 245 1326 tra
257 1293 338 1332 septa
351 1290 532 1323 monasterii
547 1290 668 1322 nemini
681 1291 775 1321 liceat
788 1291 849 1322 sine
863 1291 1024 1332 Episcopi,
1046 1294 1092 1323 vel
1103 1292 1197 1333 Supe-

197 1337 291 1370 rioris
305 1334 476 1369 licentiain
498 1333 619 1373 scriptis
630 1334 782 1369 obtenta,
805 1334 848 1365 ita
869 1335 909 1365 est
931 1335 1195 1374 intelligendum,

194 1391 230 1413 ut
241 1379 408 1420 Episcopus
419 1380 492 1410 dare
503 1377 593 1417 poffit
606 1376 769 1408 licentiam
778 1377 810 1408 in
825 1377 1024 1410 Monasteriis
1035 1379 1088 1410 sibi
1101 1379 1195 1420 subje-

196 1424 254 1456 Ctis
277 1422 475 1457 [autument
497 1418 572 1452 veto
594 1420 861 1452 talemlicentiam
881 1422 1089 1453 obtinendam
1100 1423 1157 1453 effe
1178 1425 1195 1453 a

193 1465 406 1505 Regularibus
417 1463 537 1496 censuit
550 1463 634 1495 sacra
644 1462 863 1504 Congregatio
874 1487 883 1501 ‚
897 1464 915 1495 si
927 1466 972 1496 eis
982 1487 991 1501 ,
1014 1476 1078 1497 non
1089 1475 1195 1498 autem

192 1511 345 1551 Episcopo
357 1506 491 1550 subjersta
503 1506 562 1539 sint
572 1530 580 1538 .
602 1506 661 1538 Sed
672 1516 777 1538 tamen
789 1507 863 1539 cum
874 1508 1053 1540 dubitatum
1077 1509 1172 1541 fuerit
1185 1531 1194 1545 ‚

192 1566 234 1586 an
246 1554 437 1585 attendenda
446 1551 483 1582 sit
495 1550 690 1583 consuetudo
709 1550 772 1590 post
783 1550 970 1583 Concilium
993 1552 1172 1583 introrsus-Ita
1185 1575 1194 1588 ,

191 1608 227 1629 ut
240 1595 593 1628 Ordinarii‘concedant
606 1594 771 1625 licentiam
783 1595 933 1634 ingressus
953 1598 989 1627 ad
1004 1595 1196 1627 Monasteria

192 1640 406 1681 Regulatibus
416 1637 550 1676 subjecsta
560 1659 569 1672 ‚
593 1637 745 1676 privative
760 1640 794 1668 ad
809 1639 886 1676 ipsos
897 1638 1078 1678 Superiores
1091 1639 1195 1680 Regu-

193 1685 293 1717 lares:
314 1681 535 1722 congregatio
558 1680 679 1711 censuit
698 1683 921 1713 attendendam
942 1683 1000 1713 eise
1018 1683 1195 1726 liujusmodi

192 1726 476 1760 consuetudinems
499 1722 674 1764 silegitime
687 1724 859 1764 praescripta
872 1724 965 1756 fuerit
976 1748 986 1762 ‚
1006 1728 1089 1766 quod
1103 1727 1193 1768 judex

193 1779 374 1810 competens
395 1767 584 1807 cognoscat,
608 1777 796 1808 maneatque
817 1768 984 1809 Episcopus
1005 1769 1039 1800 in
1062 1780 1096 1801 ea
1107 1770 1194 1811 quasi

193 1813 375 1856 possessione
387 1834 396 1847 ‚
417 1812 452 1843 in·
461 1822 523 1852 qua
534 1821 619 1842 nunc
631 1811 785 1851 reperitur
795 1835 802 1843 .

233 1858 331 1889 Porro
351 1856 454 1895 quoad
481 1855 624 1885 licentias
649 1857 818 1887 accedendi
839 1857 875 1887 ad
903 1857 1099 1898 colloquium
1121 1867 1195 1889 cum

191 1901 392 1935 Monialibus
406 1901 441 1930 ad
452 1908 552 1929 crates
563 1920 573 1932 ,
585 1898 680 1929 Sacra
689 1898 910 1939 Congregatio
920 1900 1001 1931 dixit
1012 1923 1021 1936 ,
1047 1900 1065 1931 si
1080 1901 1113 1931 in
1123 1901 1195 1931 loco

189 1944 432 1978 sitconsuetudo
444 1952 507 1973 non
529 1942 749 1973 accedendiad
773 1942 966 1975 Monalieria
983 1943 1195 1984 Regularibus

190 1988 329 2029 subjecta
343 1986 403 2016 sine
417 1985 547 2016 licentia
562 1985 788 2025 Episcopi,eam
800 1987 1061 2019 consuetudinem
1072 1988 1130 2019 esse
1141 1988 1196 2018 ob—

188 2033 392 2066 servandam,
414 2028 460 2059 sed
473 2029 711 2068 circumscripta
730 2029 957 2061 consuetudine
977 2032 1060 2062 aliud
1083 2032 1195 2062 dicen—

189 2078 266 2107 dum
278 2074 318 2105 est
331 2086 337 2104 :
351 2083 422 2104 nam
437 2071 511 2104 cum
521 2071 687 2111 Episcopus
701 2071 852 2104 Potentiae
864 2074 1062 2106 consuluisset
1077 2075 1195 2106 sacram

189 2118 354 2158 Congreg.
367 2127 405 2147 an
417 2115 511 2156 posset
525 2115 686 2153 prohibere
698 2116 806 2147 edictis
819 2117 879 2147 suis
891 2139 902 2152 ,
925 2128 963 2148 ne
972 2117 1134 2149 seculares
1146 2128 1196 2149 ac·-

190 2164 337 2193 cederent
352 2162 387 2190 ad
400 2158 559 2199 colloquia
570 2169 643 2190 cuin
663 2159 861 2192 Monialibus
873 2161 984 2200 absque
996 2160 1048 2191 sua
1065 2161 1196 2194 licentia

192 2206 226 2236 in
238 2204 379 2244 scriptis,
401 2202 520 2233 etiamsi
532 2201 589 2232 fint
603 2212 637 2232 ex
658 2201 859 2233 Monasleiiis
871 2203 1013 2243 subjectis
1028 2203 1195 2244 Regulari-

189 2250 266 2279 bus:
289 2247 383 2277 Sacra
403 2244 627 2283 congregatio
646 2246 765 2276 censuit
785 2245 969 2285 Episcopum
982 2257 1046 2277 non
1065 2247 1195 2287 potuisse

190 2302 227 2323 ex
239 2290 395 2322 Concilio
405 2288 567 2327 prohibere
588 2288 740 2319 accessum
761 2288 957 2319 scecularium
970 2292 1006 2321 ad
1026 2300 1126 2321 crates
1138 2290 1196 2322 fer—

190 2345 259 2366 reas
277 2332 462 2363 Monaslerii
477 2342 539 2361 non
551 2330 680 2372 subjetsti
692 2331 746 2363 sibi
757 2353 765 2367 a
778 2332 852 2362 cum
862 2334 899 2363 de
910 2332 1039 2364 licentia
1049 2332 1196 2373 Superio-

190 2388 261 2409 tum
274 2375 479 2416 Regulatium
493 2373 677 2405 Monaslerii
688 2375 801 2414 possint
814 2377 962 2406 accedere
975 2376 1193 2413 i'aeculai·es‚sed

191 2430 361 2460 antequam
374 2419 561 2450 rescribatur
574 2417 723 2458 Episcopo
735 2439 744 2454 ‚
755 2418 916 2449 sciendum
928 2418 944 2449 a
955 2418 1126 2451 Tribunali
1137 2421 1195 2451 Vi-

191 2464 274 2495 catii
295 2463 405 2494 Ronxae
426 2461 501 2502 quid
523 2461 723 2497 observetur,
742 2461 849 2501 qualia
868 2461 968 2493 edicta
988 2472 1140 2503 proponat
1160 2464 1194 2494 in

191 2508 249 2538 hac
271 2517 325 2541 re,·
347 2508 377 2536 ἃ
399 2505 418 2536 si
440 2503 561 2539 edidia,
583 2506 614 2535 &
637 2504 836 2536 observantia
864 2503 974 2536 Romae
993 2506 1194 2538 consentiant

193 2560 265 2580 cum
278 2548 435 2580 sententia
453 2547 553 2579 Sacrae
574 2544 847 2588 Congregationis
868 2548 1103 2581 rescribendum
1122 2549 1194 2590 Epi-

194 2593 287 2633 scopo
299 2593 409 2632 absque
422 2591 591 2622 alioverbo
609 2591 756 2622 faciendo
766 2592 800 2622 in
819 2591 1081 2632 Congregatione
1092 2615 1101 2629 ‚
1124 2593 1193 2625 visis

194 2637 293 2676 polica
315 2635 425 2666 edistis
435 2634 597 2675 propofitis
615 2635 774 2667 aVicario
795 2635 896 2671 urbis,
919 2646 1074 2675 repertam
1096 2637 1136 2667 est
1157 2647 1194 2668 ea

193 2680 250 2710 esse
263 2678 504 2718 conceptaliisce
518 2678 639 2710 verbis:
652 2677 838 2709 Prohibetur
849 2679 964 2719 cuique
974 2679 1125 2719 personae,
1153 2690 1192 2713 ne

195 2724 305 2753 audeat
328 2722 371 2753 ire
393 2723 429 2753 ad
450 2722 694 2761 colloquendum
707 2732 780 2752 cuni
801 2721 998 2754 Monialibus
1015 2725 1050 2754 ad
1071 2733 1171 2754 crates
1184 2745 1194 2759 ,

194 2766 243 2797 vel
257 2766 291 2795 ad
303 2774 403 2796 rotam
426 2764 615 2796 Monasterii
635 2765 697 2796 sine
716 2765 845 2796 licentia
864 2765 987 2796 Vicarii
1007 2766 1192 2806 inscriptis,

197 2817 248 2839 aut
263 2804 475 2840 I'rotec‘lzotum
486 2808 642 2838 dietat-um
654 2807 921 2840 Monasteriorum
933 2820 939 2839 ε
952 2819 987 2839 ex
1000 2809 1113 2849 quibus
1125 2820 1193 2840 ver-

196 2852 242 2881 bis
254 2851 390 2888 apparuit
403 2851 435 2881 in
455 2851 655 2883 Monasseriis
675 2851 803 2882 subditis
821 2850 1034 2891 Regularibus
1053 2853 1193 2884 habitam

198 2893 286 2924 fuisse
300 2893 452 2923 rationein
466 2905 575 2925 eorum
583 2895 782 2934 Superiorum
794 2917 803 2931 ,
824 2897 855 2926 &
867 2898 972 2926 datam
986 2896 1046 2926 illis
1060 2895 1193 2927 faculta-

198 2947 262 2967 tem
277 2937 471 2966 concedendi
484 2937 657 2979 hujusmodi
680 2938 857 2969 licentiam.
881 2938 918 2969 Et
937 2938 1012 2978 quia
1025 2938 1193 2970 Rcmaein-

197 2990 242 3010 ter
256 2978 431 3018 Superiores
445 2979 711 3012 Monal'teiiorum
723 2983 824 3012 nulius
836 2982 935 3022 niajor
947 2981 1192 3018 protectoribus,

199 3023 270 3052 isco
283 3031 390 3052 corum
404 3020 483 3051 fasta
494 3024 615 3054 incutio
628 3047 635 3053 .
649 3025 716 3055 Hac
730 3025 884 3056 relatione
897 3025 935 3055 stc
949 3024 1192 3056 factasunt-'siffi-

198 3076 250 3097 nio
269 3075 303 3096 ex
325 3064 480 3095 sententia
507 3064 606 3096 Sacrae
624 3067 783 3105 Constreg.
805 3067 947 3098 sanctiss.
970 3068 1089 3099 censuit
1120 3069 1192 3099 scri-

197 3110 335 3139 bendum
356 3107 505 3147 Episcopo
528 3108 618 3138 licere
639 3110 856 3149 Superioribus
887 3110 1097 3149 Regium-ibus
1116 3111 1192 3142 dieti

197 3150 384 3182 Monassei'ii
406 3155 477 3182 darc
502 3150 661 3182 licentiam
678 3155 846 3185 accedendi
860 3177 867 3190 ‚
899 3157 930 3185 ἃ
951 3155 1132 3194 alloquendi
1154 3156 1190 3185 ad

203 3205 320 3229 crates,
341 3206 356 3223 ,ι
379 3194 502 3224 iorum-i
522 3197 699 3234 arguendo,
721 3197 795 3235 quia
816 3198 933 3235 possent
953 3198 1135 3229 crimudare
1157 3198 1192 3228 li-

200 3238 338 3267 centiam
352 3238 549 3275 ingrediendi
560 3248 593 3268 e).
606 3236 759 3268 Concilio
772 3250 781 3272 ,-
804 3240 875 3270 ideo
887 3251 949 3270 non
961 3241 1040 3280 posse
1053 3241 1193 3280 prohibe-

203 3290 226 3309 ιι
243 3280 349 3309 ι’«ιιίιις
364 3285 452 3319 ipsius
475 3280 632 3319 Episcopi.
659 3281 999 3314 Adiiioncntlostamen
1021 3283 1192 3323 Regulares

200 3321 215 3352 a
228 3324 286 3352 suis
299 3323 317 3350 V
329 3323 517 3354 isitat‘iribus
529 3346 537 3358 ,
563 3334 600 3354 ne
611 3324 779 3354 abutantur
791 3324 843 3354 isla
856 3325 1003 3357 facultate
1014 3351 1021 3358 .

245 3364 405 3403 I’oslquam
419 3367 638 3398 resolutionem
652 3377 723 3397 cum
744 3367 914 3397 haesitatum
933 3369 1004 3399 esset
1016 3391 1025 3404 ‚
1048 3380 1085 3401 an
1100 3370 1119 3400 si
1132 3369 1193 3400 Or-

200 3408 330 3437 dinatus
342 3410 482 3445 ‹rt-pezliie
494 3421 527 3441 cx
547 3410 650 3449 aliqua
663 3409 803 3449 legitima
815 3410 904 3440 causa
916 3432 924 3444 ,
946 3413 975 3441 ὅ(
988 3412 1063 3451 julla
1075 3413 1193 3444 videre-

202 3460 244 3480 tui
262 3472 270 3485 ‚
302 3450 446 3482 licentias
465 3463 481 3481 :i
503 3453 710 3492 superioribus
730 3452 941 3493 Regularibus
960 3456 1119 3488 concessas
1139 3455 1194 3488 ali-

1244 168 1325 207 posse
1337 167 1510 206 improbare
1521 189 1530 202 ,
1550 167 1624 198 cum
1637 167 1801 208 Episcopus
1819 168 1852 198 in
1867 180 2031 210 exemptos
2047 175 2177 207 ‘nullam
2189 176 2242 207 lia-

1247 211 1316 240 beat
1328 209 1596 251 jurisdic'tionem,
1620 210 1677 241 nisi
1688 211 1777 242 illam
1788 234 1797 246 ,
1816 221 1889 250 .quae
1901 213 1947 243 vel
1959 224 1975 244 a
1990 213 2145 253 Canone,
2165 220 2213 249 vel
2225 217 2243 248 a

1243 252 1322 283 Sede
1335 253 1515 293 Apostolica
1532 253 1687 294 reperitur
1697 255 1840 285 concessa
1849 276 1858 289 ‚
1878 267 1904 287 c.
1915 258 1997 288 Sane
2006 258 2043 288 de
2052 259 2154 300 exceff.
2164 264 2240 293 Prae-

1241 296 1298 327 las.
1308 294 1466 327 Caeterum
1475 318 1484 330 ‚
1504 296 1560 327 etsi
1573 297 1634 328 baec
1645 297 1693 328 ita
1703 297 1730 328 se
1741 298 1875 329 habeant
1885 321 1895 334 ‚
1917 309 2022 331 tamen
2034 302 2136 341 postea
2144 304 2240 335 Sacra

1240 337 1462 379 Congregatio
1481 337 1705 380 Episcopoturn
1715 361 1724 375 ‚
1747 342 1777 371 δέ
1801 339 2007 381 Regula-ima
2025 345 2066 375 ob
2085 346 2242 378 rat-ionem

1239 381 1318 413 recti
1339 382 1502 422 regiminis
1524 383 1717 415 authoritate
1739 383 1792 414 sibi
1804 385 1924 416 tributa
1942 387 2240 420 decrevitlicentias

1241 425 1379 456 accessus
1391 426 1542 467 ejusmodi
1553 426 1650 458 etiam
1663 428 1701 458 ab
1713 427 1863 467 Episcopo
1874 429 1931 467 effe
1943 429 2173 462 subscribendas
2184 453 2193 468 ‚
2206 432 2240 462 li:-

1240 467 1295 499 cet
1316 479 1352 500 ex
1363 469 1592 500 consuetudine
1604 470 1620 500 a
1632 469 1840 510 superioribus
1854 471 2067 513 Regulatibus
2077 477 2240 507 dumtaxat

1243 511 1394 543 subscribi
1406 512 1627 544 consueverint
1638 537 1645 543 .
1937 520 1940 521 ’
2008 528 2010 530 ·

1276 553 1355 595 Qio
1365 554 1439 586 vero
1451 557 1486 587 ad
1499 557 1652 587 accessum
1663 556 1862 596 ipsorummet
1875 556 2081 598 Regularium
2095 563 2130 591 ad
2141 562 2241 593 collo-

1239 600 1400 638 quendum
1413 610 1484 630 cum
1498 598 1695 631 Monialibus
1705 622 1714 636 ,
1726 601 1800 631 cum
1812 612 1897 632 anno
1911 603 2239 645 1590.sac.Congreg.

1238 641 1460 682 Episcoporum
1472 665 1481 678 ,
1503 644 1533 674 S<
1547 642 1755 683 Regularium
1765 646 1802 675 de
1814 647 1965 676 mandato
1976 645 2056 678 Sixti
2076 647 2117 678 V.
2130 651 2238 679 decre-

1239 684 1320 716 verit
1330 708 1340 721 ,
1360 696 1398 717 ne
1409 686 1464 716 ulli
1478 685 1642 725 Religioso
1652 709 1661 722 ,
1673 697 1803 726 excepto
1812 688 1976 729 Superiore
1988 711 1997 725 ,
2018 691 2069 720 cui
2081 701 2157 722 cura
2168 691 2241 721 Moz-

1240 727 1364 759 nasterii
1378 729 1533 760 incumbit
1546 752 1555 765 ‚
1578 729 1801 761 Visitatoribus
1812 753 1821 766 ‚
1842 731 2103 774 Confessarioque
2113 734 2241 766 ordina-

1240 770 1290 801 rio
1302 793 1311 807 ,
1332 774 1363 803 ck
1376 772 1629 804 extraordinario
1640 795 1648 808 ‚
1669 773 1743 804 cum
1764 777 1799 804 ad
1818 785 1938 814 tempus
1957 777 2175 814 deputabitur,
2199 777 2240 808 lir-

1239 824 1308 846 ceat
1330 815 1440 857 absque
1462 816 1591 847 licentia
1601 815 1735 858 ejusdem
1755 816 2024 857 congregationis
2036 822 2183 852 accedere
2200 822 2238 852 ad

1238 857 1432 890 Monasteria
1443 858 1640 889 Monialium
1655 858 1712 891 sive
1722 859 1841 895 sui21ive
1853 861 1979 891 alterius
1990 862 2111 893 ordinis
2124 865 2161 894 ad
2173 865 2238 894 col-

1238 902 1442 942 loquendum,
1454 902 1514 933 sive
1526 902 1722 934 tradhandum
1735 913 1808 934 cum
1818 904 1874 939 eis3
1884 914 1961 935 neve
1970 905 2106 944 permissi
2118 908 2153 936 ad
2166 916 2238 945 prce.-

1236 944 1408 976 dicandum
1418 967 1427 980 ‚
1440 946 1486 976 vel
1500 945 1608 976 Missas
1619 947 1819 978 celebrandas
1832 947 1991 978 Moniales
2002 970 2012 984 ‚
2023 947 2152 979 Sorores
2163 971 2173 985 ‚
2185 959 2238 981 aut

1238 989 1414 1028 quamlibet
1435 989 1528 1020 aliam
1540 989 1700 1029 personam
1723 990 1807 1021 intra
1818 991 1991 1022 clausuram
2002 993 2149 1032 degentes
2161 993 2239 1023 allo-

1239 1032 1293 1071 qui
1306 1032 1417 1072 possint
1432 1033 1484 1063 sub
1497 1043 1589 1072 poena
1600 1033 1787 1072 privationis
1800 1033 1996 1070 officiorum,
2018 1045 2052 1066 ac
2064 1036 2154 1066 vocis
2163 1035 2238 1067 adri-

1237 1084 1300 1110 vae,
1321 1077 1352 1107 δε
1365 1075 1483 1115 passiva:
1498 1076 1559 1116 ipso
1571 1075 1653 1107 sacro
1674 1076 1882 1113 incurrenda,
1905 1088 1962 1109 nec
1975 1088 2040 1109 non
2052 1088 2141 1109 reatu
2152 1090 2236 1110 mor-

1237 1118 1309 1149 talis
1320 1120 1491 1158 peccati‚ut
1504 1120 1603 1159 postea
1613 1121 1785 1151 declaravit
1795 1120 1845 1151 dte
1860 1122 1963 1163 iffulii
1978 1121 2180 1163 1606.Nuper
2192 1132 2239 1154 ta-

1236 1172 1307 1192 men
1320 1162 1396 1202 jussu
1408 1162 1643 1194 SanctissDN.
1656 1162 1784 1194 Urbani
1796 1163 1879 1195 VIII.
1891 1167 1999 1196 eadem
2009 1164 2103 1196 Sacra
2113 1165 2234 1206 Congr.

1236 1204 1420 1237 facultatem
1437 1205 1549 1237 tribuit
1569 1211 1714 1238 locorum
1734 1206 1916 1238 Ordinariis
1926 1230 1936 1243 ,
1958 1218 1991 1239 ut
2011 1208 2126 1248 possint
2139 1209 2236 1241 licen-

1237 1248 1315 1280 tiam
1326 1250 1500 1281 concedere
1510 1260 1562 1289 pet
1572 1259 1709 1291 quatuor
1721 1251 1806 1282 vices
1818 1254 1853 1281 ad
1864 1251 2016 1282 summum
2028 1252 2170 1292 quolibet
2181 1263 2234 1284 an-

1236 1302 1278 1322 no
1298 1291 1489 1333 cuicumque
1512 1292 1664 1334 Regulari
1674 1315 1684 1329 ‚
1708 1304 1741 1325 ut
1753 1294 1912 1325 Moniales
1932 1295 1986 1325 sibi
1995 1295 2028 1325 in
2048 1295 2150 1335 primo
2167 1305 2236 1327 tan-

1236 1335 1302 1365 tum
1315 1356 1325 1370 ‚
1346 1336 1378 1366 ὅ(
1391 1335 1527 1367 secundo
1546 1336 1831 1377 consanguinitatis
1850 1340 1948 1377 gradu
1959 1337 2144 1378 conjunctas
2156 1348 2234 1370 con·
2261 1351 2263 1354 ·

1237 1378 1344 1409 venire
1355 1400 1364 1414 ,
1385 1380 1415 1409 &
1428 1379 1547 1418 alloqui
1558 1380 1648 1419 possit
1660 1390 1671 1414 ,·
1693 1380 1725 1411 Id
1738 1380 1813 1412 vero
1825 1391 1890 1412 non
1910 1381 2000 1412 aliter
2013 1381 2106 1421 quam
2116 1381 2235 1413 servata

1235 1424 1270 1452 ad
1294 1431 1432 1461 unguem
1451 1422 1552 1453 forma
1571 1422 1767 1463 infrascripta
1786 1435 1798 1459 ,-
1820 1422 1869 1455 Ut
1884 1425 1913 1455 id
1925 1426 2014 1455 nullo
2033 1427 2130 1455 modo
2142 1425 2233 1457 liceat

1234 1465 1343 1495 diebus
1365 1464 1480 1496 festivis
1491 1488 1500 1502 ‚
1522 1476 1575 1498 aut
1594 1467 1626 1497 in
1649 1466 1796 1498 Adventu
1814 1489 1824 1503 ,
1855 1466 2106 1508 Quadragesima
2124 1490 2133 1504 ‚
2156 1468 2235 1500 feria

1233 1509 1333 1544 sexta,
1357 1508 1495 1540 Sabbato
1505 1531 1514 1544 ,
1537 1511 1569 1541 ὃς
1590 1509 1708 1553 vigiliis
1718 1532 1728 1546 ‚
1749 1510 1952 1552 predictaque
1974 1511 2104 1543 licentia
2124 1513 2235 1542 obten-

1234 1561 1267 1582 ta
1279 1551 1480 1591 consignetur
1500 1552 1870 1585 Confessatioordinario
1891 1555 2096 1590 Monasterii,
2120 1556 2174 1595 qui
2187 1553 2236 1596 pess

1233 1595 1327 1626 nesse
1341 1595 1478 1628 retinere
1497 1597 1631 1639 debeat,
1653 1597 1886 1637 isque'alsociet
1899 1620 1906 1633 ,
1928 1600 1959 1629 ὃς
1982 1598 2108 1638 praesens
2121 1598 2177 1635 sit,
2200 1601 2232 1630 ὃς

1235 1638 1470 1670 auscultatrices
1481 1641 1518 1671 de
1529 1651 1616 1672 inore
1626 1664 1636 1678 ‚
1649 1651 1714 1672 non
1726 1651 1830 1672 autem
1841 1641 1908 1672 aliae
1919 1641 2054 1673 assistant
2065 1664 2076 1678 ,
2098 1643 2130 1673 δι
2140 1642 2237 1673 licen-

1235 1681 1285 1713 tice
1294 1682 1471 1724 hujusmodi
1482 1694 1536 1723 pro
1545 1685 1597 1717 die
1608 1707 1618 1721 ‚
1638 1687 1670 1717 &
1681 1684 1758 1715 liora
1770 1695 1856 1716 certa
1867 1706 1877 1721 ‚
1897 1687 1928 1716 &
1942 1685 1974 1716 in
1985 1685 2108 1726 scriptis
2119 1695 2235 1717 concc-

1235 1727 1350 1757 dantur
1361 1749 1370 1762 ,
1391 1725 1422 1757 in
1433 1727 1579 1768 librisque
1590 1728 1798 1760 Cancellaiice
1809 1729 1944 1770 ejusdem
1954 1728 2122 1760 Ordinarii
2135 1739 2234 1760 anno-

1234 1779 1358 1800 tentur.
1382 1769 1532 1810 Sei-ioque
1543 1772 1680 1812 praecipit
1692 1771 1873 1802 Ordinariis
1884 1794 1893 1807 ‚
1914 1783 1953 1803 ne
1966 1772 2056 1803 aliter
2068 1772 2232 1803 licentiam

1234 1816 1429 1849 concedant,
1450 1816 1639 1857 quamjuxta
1649 1815 1783 1846 formam
1801 1814 2037 1855 suprascriptam
2050 1826 2059 1850 ς
2084 1815 2231 1856 alioquin

1233 1855 1417 1888 Sanstitatis
1428 1856 1494 1887 Suae
1507 1858 1659 1898 judicium
1670 1857 1921 1894 reformidenn&
1933 1857 2106 1898 Regulares
2117 1869 2156 1889 eo
2169 1858 2234 1898 ipso

1235 1899 1293 1931 sint
1306 1900 1421 1931 addicti
1433 1901 1519 1940 penis
1539 1902 1679 1938 decreti,
1700 1902 1826 1942 perinde
1838 1912 1872 1932 ac
1895 1902 1914 1932 si
1928 1903 2046 1932 nullam
2067 1902 2233 1932 licentiam

1234 1942 1442 1975 obtinuissent
1454 1954 1462 1979 3
1475 1954 1507 1975 ut
1520 1944 1553 1975 in
1565 1944 1705 1977 Decreto
1715 1945 1802 1976 edito
1816 1942 2235 1984 13.Calend.Decemb.16'23.

1276 1985 1358 2018 Sane
1368 1988 1452 2027 quod
1473 1989 1655 2020 decernitur
1664 1991 1697 2020 in
1707 1989 1781 2020 dass.
1793 1997 1859 2028 cap.
1874 1986 1973 2028 §.sess-
1987 1999 2003 2019 2
2012 1998 2038 2026 ς.
2049 1990 2085 2018 ae
2094 1988 2185 2026 regul.
2196 1989 2234 2019 de

1233 2030 1443 2062 translatione
1453 2053 1462 2068 ‚
1483 2032 1515 2062 &
1526 2032 1708 2063 reductione
1720 2031 1988 2063 Monaiieriorum
2000 2030 2235 2063 SanCtimonia-

1235 2073 1311 2104 lium
1324 2083 1412 2105 extra
1421 2074 1541 2106 inoenia
1552 2077 1589 2106 ad
1598 2086 1701 2112 nova,
1721 2076 1770 2106 vel
1794 2074 1924 2115 antiqua
1935 2074 2130 2106 Monasleria
2151 2074 2236 2105 intra

1234 2118 1346 2153 urbes,
1367 2118 1415 2149 vel
1427 2118 1747 2159 oppidafrequentia,
1769 2128 1832 2149 non
1846 2118 2028 2158 pertinetad
2047 2118 2235 2158 Episcopum

1235 2161 1255 2191 si
1267 2160 1461 2193 Monasteria
1480 2161 1538 2193 sint
1558 2172 1720 2203 exempta,
1742 2162 1790 2192 sed
1810 2164 1847 2192 ad
1858 2172 1968 2193 eorum
1977 2161 2179 2202 Superiores,
2199 2168 2235 2192 ut

1235 2204 1381 2236 indicant
1398 2205 1491 2236 verba
1505 2205 1578 2242 illa,
1598 2210 1635 2238 CT
1650 2206 1710 2237 alii
1728 2208 1922 2246 Superiores:
1946 2204 1985 2236 Et
1996 2205 2065 2243 Sac.
2087 2204 2232 2245 Congre-

1234 2247 1322 2288 gatio
1341 2248 1531 2280 declaravit.

1277 2290 1555 2330 Vigesimussextus
1575 2292 1615 2323 est
1627 2292 1658 2324 in
1678 2300 1745 2332 cap.
1766 2301 1795 2329 7.
1808 2290 1843 2331 se
1866 2303 1923 2323 1071.
1934 2300 1984 2331 25.
2004 2290 2040 2323 de
2059 2292 2160 2330 Regul.
2172 2301 2236 2332 quo

1234 2335 1418 2365 decernitur
1427 2357 1437 2371 ,
1459 2344 1493 2373 ut
1506 2334 1525 2365 si
1536 2336 1570 2366 in
1582 2334 1779 2366 Monaslerio
1790 2335 2042 2368 nullaMonialis
2061 2336 2234 2375 reperiatur

1233 2378 1441 2416 qualitatibus
1463 2378 1620 2418 requisitis
1640 2381 1679 2409 ad
1695 2378 1754 2409 lioc
1767 2400 1776 2413 ‚
1797 2388 1831 2408 ut
1841 2377 1931 2417 possit
1943 2378 2019 2417 eligi
2041 2378 2072 2409 in
2092 2377 2234 2408 Abbatis-

1234 2421 1314 2455 lain,
1336 2431 1371 2451 ex
1385 2421 1592 2460 alioeiusdem
1604 2420 1738 2451 Ordinis
1750 2420 1924 2460 eiigiposfit
1935 2443 1943 2451 .
1967 2419 2087 2452 Verum
2099 2421 2232 2452 facultas

1234 2463 1386 2504 Episcopo
1397 2463 1550 2494 attributa
1570 2463 1725 2495 educendi
1744 2463 1922 2495 Monialem
1933 2474 1968 2494 ex
1982 2463 2179 2495 Monasterio
2199 2475 2237 2495 eit

1232 2506 1464 2546 causasuperius
1484 2507 1657 2546 proposita,
1682 2507 1802 2538 sublata
1820 2505 1881 2537 fuit
1900 2517 1951 2547 per
1961 2506 2084 2538 Bullam
2094 2508 2123 2539 S.
2136 2507 2180 2538 Pii
2192 2507 2232 2538 V.

1235 2550 1352 2580 editam
1364 2549 1449 2589 super
1462 2550 1594 2581 clauslra
1615 2549 1810 2581 Monialiurn
1825 2560 1834 2584 ,·
1855 2560 1890 2581 nt
1909 2550 2058 2581 idemmet
2070 2550 2099 2581 S.
2113 2550 2182 2581 Pius
2193 2551 2232 2581 V.

1235 2592 1485 2624 constitutionis
1500 2593 1580 2624 lator
1590 2593 1763 2624 declaravit
1774 2615 1784 2629 ‚
1794 2591 1893 2632 Quod
1907 2604 2012 2625 autem
2023 2594 2187 2635 subjicitur
2199 2594 2233 2625 in

1232 2638 1343 2667 eodem
1355 2645 1450 2676 cap.7.
1461 2633 1580 2675 verſsSi
1591 2635 1642 2668 hoc
1653 2639 1748 2667 caiam
1767 2638 1778 2667 i
1785 2637 1985 2668 ncommodum
1995 2659 2005 2673 ‚
2028 2646 2063 2668 ut
2074 2637 2235 2671 AbbatilTa

1233 2679 1310 2719 eligi
1323 2679 1412 2718 possit
1426 2690 1498 2710 cum
1507 2679 1715 2719 qualitatibus
1728 2679 1773 2710 ibi
1793 2680 1976 2720 praescriptis
1987 2680 2139 2720 Episcopo
2149 2703 2158 2717 ‚
2180 2681 2228 2711 vel

1234 2722 1298 2753 alio
1308 2722 1473 2761 Superiore
1494 2723 1732 2757 consentiente,
1753 2723 1836 2754 liunc
1853 2723 1944 2754 habet
1956 2723 2091 2759 sensum,
2114 2733 2147 2754 ut
2160 2723 2228 2760 Epi-

1232 2765 1450 2805 scopiquidem
1465 2766 1497 2797 in
1508 2766 1713 2797 Monastetiis
1725 2766 1776 2796 sibi
1787 2766 1927 2805 subicOcis
1938 2765 2063 2797 tantum
2074 2787 2083 2801 ‚
2107 2766 2139 2796 in
2161 2766 2229 2796 aliis

1231 2809 1306 2840 vero
1317 2808 1480 2849 superioris
1491 2809 1656 2840 consensus
1667 2809 1809 2848 exigatur
1821 2832 1828 2840 .
1843 2810 1881 2841 Et
1892 2811 2036 2841 eumdem
2048 2809 2164 2840 sensum
2177 2811 2228 2839 ha-

1231 2852 1305 2883 bent
1317 2854 1410 2883 verba
1419 2875 1428 2888 ,
1450 2863 1518 2892 qua·
1528 2863 1689 2892 ponuntur
1699 2855 1731 2883 in
1742 2851 2047 2892 fin.d.cap.7.vcrs.'Si
2059 2856 2128 2884 vero
2139 2874 2147 2887 ‚
2171 2862 2227 2882 uec

1232 2906 1297 2926 non
1308 2896 1400 2927 verba
1409 2905 1475 2935 cap.
1485 2906 1530 2927 10.
1542 2895 1670 2933 eiusdem
1679 2893 1762 2934 [effla
1771 2904 1796 2934 ς.
1813 2895 1848 2927 de
1861 2898 1963 2934 Regiis.
1975 2895 2088 2936 quibus
2101 2895 2226 2935 jubetur
2246 2899 2282 2927 61

1232 2950 1265 2970 ut
1278 2949 1386 2979 prester
1397 2939 1596 2970 ordinarium
1608 2938 1825 2970 Consesl‘orem
1838 2961 1847 2974 ,
1870 2939 1948 2970 alius
1960 2939 2228 2970 exrraordinarius

1233 2984 1269 3014 ab
1282 2982 1431 3023 Episcopo
1441 3005 1450 3018 ,
1473 2984 1504 3013 Sc
1516 2982 1584 3013 aliis
1595 2982 1812 3022 Superioribus
1826 2982 1870 3012 bis
1882 2992 1934 3012 aut
1947 2991 1993 3012 ter
2005 2981 2037 3012 in
2056 2991 2140 3012 auno
2151 2981 2227 3012 offe*

1232 3036 1317 3057 ratur
1329 3049 1336 3056 .
1359 3026 1434 3057 Η.ιέ
1444 3026 1530 3058 enim
1542 3025 1673 3056 facultas
1686 3026 1719 3056 in
1730 3024 1931 3056 Monasleriis
1951 3024 2146 3056 Monialium
2168 3024 2230 3056 Re-
2278 3054 2283 3060 ,

1231 3070 1390 3108 gularibus
1401 3069 1604 3110 subjeistarum
1618 3079 1682 3099 non
1701 3069 1837 3108 pertinet
1848 3071 1882 3099 ad
1904 3068 2085 3107 Episcopum
2097 3090 2106 3103 ,
2128 3068 2175 3098 sed
2188 3069 2225 3099 ad

1233 3113 1400 3151 superiores
1414 3112 1588 3150 Regulares
1599 3113 1762 3142 dumtaxat
1773 3133 1782 3147 ‚
1803 3121 1836 3141 ut
1857 3112 1925 3142 Sac.
1937 3109 2156 3150 congregatio
2168 3111 2226 3141 res-

1232 3155 1342 3195 pondit
1355 3157 1392 3187 ab
1405 3154 1797 3194 ArchiepiscopoJanuensi
1818 3153 1960 3184 consulta
1972 3176 1978 3184 .
2001 3154 2106 3184 Hodie
2118 3163 2225 3185 tamen

1233 3200 1265 3229 in
1285 3199 1344 3229 hoc
1365 3199 1475 3231 servari
1495 3199 1630 3232 debent,
1652 3208 1720 3236 qux
1739 3197 1975 3237 pini-scribuntur
1993 3196 2026 3228 in
2046 3196 2220 3228 Constitut.

1230 3242 1361 3279 Gregor.
1373 3242 1442 3273 XV.
1453 3241 1488 3272 de
1498 3249 1630 3281 exempt.
1643 3242 1792 3278 privileg.

1292 3284 1613 3324 Vigcsimusseptimus
1633 3283 1673 3313 est
1695 3284 1726 3313 in
1748 3282 1946 3313 Morinum-is:
1959 3306 1967 3319 ,
1989 3294 2055 3323 qui:
2078 3283 2228 3321 generali-
2246 3285 2285 3313 62⁷

1232 3328 1286 3357 bus
1298 3328 1451 3367 capitibus
1461 3350 1470 3363 ‚
1493 3337 1546 3365 aut
1559 3326 1715 3369 Episcopis
1728 3336 1793 3356 uon
1804 3326 1926 3358 subsunt
1939 3349 1948 3363 ,
1961 3338 2016 3357 nec
2029 3326 2096 3358 suos
2109 3326 2219 3357 liabent

1234 3370 1404 3408 Regulares
1416 3370 1593 3401 ordinarios
1607 3369 1790 3400 Visitatous
1802 3381 1811 3398 .·
1833 3370 1936 3400 namsi
1959 3369 2039 3400 infra
2051 3379 2167 3400 annum
2188 3368 2221 3398 in

1231 3412 1526 3451 congregationem
1538 3413 1595 3443 sese
1607 3412 1745 3451 redigere
1759 3413 1965 3449 neglexerint,
1978 3414 2049 3444 licet
2062 3412 2222 3450 Metropo—

1232 3456 1333 3488 litano
1344 3478 1353 3492 ,
1375 3457 1408 3487 in
1418 3459 1506 3499 cujus
1517 3455 1679 3497 provincia
1689 3455 1832 3495 praedisslza
1843 3457 2027 3488 monasteria
2039 3456 2107 3487 sunt
2119 3475 2128 3488 ‚
2143 3463 2223 3485 tame

2092 3505 2185 3536 quam

2258 2294 2297 2323 60
