2397 3664
273 20 378 64 6201

217 109 411 153 Capitulum
422 124 460 145 ex
472 112 503 146 S.
517 111 791 152 congregationis
800 112 968 149 sententia,
977 113 1092 152 quibus
1103 112 1227 144 casibus

215 156 314 196 potest
341 157 422 189 dimi
430 157 536 189 (soi-ias
549 157 725 186 concedere
747 156 757 191 ’,
779 155 878 195 potest
893 155 1229 193 ordinuminterstiti‘a

217 199 382 233 remittere
394 223 404 238 ‚
429 207 496 233 n'on
507 200 585 231 item
595 196 740 238 Capituli
752 198 916 236 Vicarius,
937 198 996 231 nisi
1016 209 1056 231 ex
1075 200 1227 231 mandato

168 265 172 270 .
218 241 346 282 speciali
363 267 371 275 .
778 254 783 256 ⁴
1090 268 1093 270 >
1204 241 1215 256 ⁵

153 286 194 315 62
258 284 319 317 Sed
331 287 350 318 h
359 287 388 321 ic
403 285 515 326 incipit
526 283 685 317 dubitatio
695 306 705 321 ,
727 295 768 316 an
779 284 933 326 Episcopo
943 286 1092 318 existente
1103 285 1226 317 haereti-

220 337 264 360 co
275 327 409 363 facultas
421 328 620 361 concedendi
630 327 820 360 dimissorias
834 330 918 369 juxta
928 329 1066 370 diffic'ap.
1083 328 1225 370 10.seffi7.

222 371 383 412 pertineat
414 374 451 404 ad
485 371 674 412 Capitulum
701 369 905 408 Catliedralis
931 373 1075 407 Ecclefiae
1095 384 1104 409 3
1135 374 1226 404 Anve

221 424 263 447 eo
275 416 367 452 casu,
390 426 455 456 quo
477 414 665 455 Capitulum
677 417 852 448 concedere
871 417 968 457 potest
978 415 1183 452 dimissorias,
1199 416 1225 447 si

220 456 352 491 Carioni
362 459 394 490 ci
406 468 529 499 propter
541 457 666 490 liaereses
677 457 802 498 dispersi
814 460 886 496 finr,
896 461 928 491 δι
940 467 1099 501 nequeant
1110 462 1226 491 conve*—

219 501 290 533 nire
304 524 314 538 ,
326 510 381 535 aut
392 501 560 533 conveniri
570 501 633 532 fine
645 500 832 534 difficultate
843 525 853 539 ,
873 502 1005 535 sufficiat
1015 504 1128 535 habere
1140 503 1225 534 litte-

174 581 180 584 *
223 554 273 575 ras
294 545 484 579 dimissorias
507 545 544 576 ab
561 545 629 576 ur'io
641 544 749 585 aliquo
767 556 805 577 ex
824 545 1003 578 Canonicis
1023 546 1224 579 Catliedralis

219 588 435 625 Ecclesice,aut
447 587 584 620 omnino
595 587 658 620 sine
670 588 852 621 dimissoriis
863 590 948 621 adire
958 600 1015 631 pro
1025 589 1224 630 suscipiendis

169 651 174 655 ·
220 632 400 669 Ordinibus
414 632 605 665 viciniorem
614 631 798 672 Episcopum
811 656 818 664 .
841 632 904 664 Die
915 644 959 672 ¹4·
977 633 1119 674 Januarii
1134 636 1223 672 1588.

221 675 520 716 Sac.Congregatio
531 675 757 709 Cardinalium
768 675 916 708 Concilii
927 676 1111 708 Tridentini
1125 678 1224 708 Inter-

184 725 195 735 *
220 730 343 762 pretum
354 743 362 752 .
385 719 433 752 Ad
447 720 582 760 primum
595 718 718 751 censuit
732 722 768 750 ad
779 718 967 759 Capitulum
979 720 1134 761 pertinere
1146 720 1166 751 si
1186 720 1224 751 E-

218 764 361 805 piscopus
376 763 410 795 sit
424 761 554 794 notorie
567 762 731 794 haereticus
744 785 750 794 .
774 763 821 793 Ad
834 763 1001 795 secundam
1013 786 1023 800 ‚
1044 766 1078 796 ὃ(
1088 764 1222 805 primam

217 818 283 849 eius
295 817 416 848 partem
428 806 566 838 sufficere
579 807 691 837 liabere
703 805 892 838 dimissorias
903 808 918 837 :i
940 807 1148 839 residentibus
1160 806 1223 839 Ca-

217 851 427 893 pitularibus,
451 850 551 882 etiam
570 849 591 880 si
611 859 695 879 unus
714 850 877 881 dumtaxat
887 850 1056 887 resideret3
1077 852 1156 892 quia
1177 852 1221 893 jus

220 894 366 935 Capituli
377 894 476 925 etiam
491 893 602 924 inuno
612 891 814 923 conservatur
825 915 835 929 ,
846 893 932 933 gloff.
944 895 1056 934 penult-
1066 897 1099 925 in
1109 895 1222 926 c.Gra-

216 948 283 970 tum
293 961 303 975 2
317 937 370 969 ubi
383 938 463 969 Abb.
473 948 502 967 n.
515 947 545 972 9,
555 934 592 966 de
603 933 742 974 postulati
756 937 965 968 Praelator.Ad
977 937 1144 970 secundam
1157 948 1222 978 par-

218 992 282 1017 tem
295 1004 304 1017 ,
328 991 429 1021 neque
441 980 621 1011 adeundum
634 977 825 1011 viciniorem
839 979 1138 1022 Episcopummeque
1149 981 1222 1013 Me-

217 1021 452 1064 tropolitanum
465 1045 474 1057 ‚
498 1022 545 1056 sed
559 1023 734 1056 adeundam
747 1021 859 1054 Sedem
880 1024 1094 1063 Apostolicam
1108 1049 1116 1056 .

259 1067 374 1107 Excipe
386 1065 474 1098 sexto
490 1088 499 1101 ‚
518 1064 536 1096 a
549 1063 813 1105 praedidsategula
831 1077 884 1102 ea,
906 1077 974 1107 quae
995 1067 1066 1099 sunt
1087 1068 1221 1101 Ordinis

214 1110 403 1152 Episcopalis
414 1132 424 1146 ,
445 1119 514 1150 φιτ
529 1118 656 1156 mortuo
670 1108 820 1149 Episcopo
844 1113 880 1141 ad
894 1110 1081 1151 Capitulum
1093 1123 1158 1143 non
1170 1115 1222 1144 de-

214 1156 388 1186 volvuntur
400 1176 410 1189 ‚
431 1153 478 1184 sed
499 1152 672 1183 secundum
695 1152 817 1192 aliquos
839 1155 875 1184 ad
898 1154 1077 1194 proximum
1088 1155 1223 1196 superio-

214 1209 281 1231 rem
292 1220 301 1234 ³
324 1195 447 1229 scilicet
461 1195 741 1236 Arcliiepiscopurn
753 1218 762 1231 ,
785 1197 831 1228 vel
854 1196 1088 1235 patriarcham,
1110 1199 1221 1240 quivel

211 1254 249 1275 ea
260 1241 404 1280 expediet
427 1251 478 1280 per
492 1238 620 1280 seipsum
634 1261 643 1275 ,
668 1239 713 1273 vel
739 1239 943 1273 Visitatorem
957 1242 1128 1274 constituet
1140 1265 1148 1279 ‚
1169 1254 1222 1284 per

212 1295 308 1327 quem
320 1284 538 1325 expediantur,
551 1292 616 1322 cap.
629 1282 770 1318 Obitnm,
781 1282 817 1315 ἃ
826 1295 891 1325 ΜΡ.
905 1286 1085 1329 Catinensis
1097 1291 1114 1318 6
1123 1296 1133 1318 1
1142 1286 1221 1327 Aust.

214 1331 247 1362 ὃ(
260 1330 316 1359 lioc
331 1328 441 1359 residet
455 1328 565 1371 innoc,
579 1323 627 1359 hic
637 1337 718 1358 num.
731 1327 819 1367 2.qui
831 1338 937 1361 tamen
948 1329 1086 1361 remittit
1099 1330 1142 1361 ad
1152 1340 1221 1371 cap.

213 1371 272 1405 Ad
284 1369 461 1403 abolendam
470 1369 555 1412 infra*
566 1369 601 1400 de
613 1367 714 1401 haered.
727 1369 845 1403 Verum
859 1373 945 1412 gloss‘.
959 1374 1012 1404 ult.
1021 1372 1161 1409 hic‚dicit
1172 1385 1222 1410 ea,

212 1426 283 1456 ,qux
294 1414 502 1450 ministerium
516 1413 768 1446 consecrationis
778 1415 961 1452 diffiderunt,
977 1419 1012 1448 ad
1034 1416 1222 1458 Capitulum

211 1458 360 1494 devolvi,
384 1469 449 1491 noti
461 1457 590 1498 quidem
610 1465 644 1488 ut
665 1457 719 1489 illa
736 1468 881 1490 exerceat
904 1470 956 1500 per
976 1460 1125 1500 seipsum,
1145 1461 1222 1502 quia

212 1513 272 1536 nec
284 1512 335 1543 per
346 1501 505 1534 minorem
517 1500 657 1541 expediri
670 1501 794 1540 possunt
807 1525 815 1538 ,
826 1512 890 1543 cap.
907 1504 1000 1541 Aqua
1013 1501 1099 1544 infra'
1110 1502 1147 1536 de
1156 1516 1222 1537 con—

203 1546 320 1588 secrat.
335 1544 450 1584 Ecclefi
465 1545 515 1577 vel
527 1545 636 1576 Altar.
661 1554 725 1584 cap,
747 1546 872 1588 Quinto
884 1545 980 1587 supra
1002 1546 1039 1578 de
1055 1547 1220 1588 consuetud.

210 1589 270 1622 Sed
293 1592 328 1620 ad
350 1590 404 1620 illa
414 1588 608 1628 expedienda
621 1587 753 1619 vocabit
765 1599 859 1629 quein
877 1591 1023 1622 maluerit
1046 1601 1080 1621 ex
1103 1592 1220 1623 vicinis

211 1633 372 1673 Episcopis
384 1643 456 1663 cum
466 1632 597 1665 cautelae
612 1630 712 1662 studio
729 1653 739 1667 ‚
765 1632 794 1663 id
808 1632 867 1669 est,
879 1643 952 1665 cum
963 1634 1188 1675 protestatione
1212 1657 1220 1671 ‚

210 1678 296 1718 quod
309 1686 361 1716 pet
373 1675 432 1706 lioc
446 1675 524 1707 niliil
537 1675 614 1716 jutis
630 1674 680 1707 illi
692 1674 843 1716 Episcopo
856 1677 1040 1717 acquiratur
1051 1682 1222 1718 ,capsan-

212 1717 309 1761 tifices
323 1741 332 1756 ,
345 1721 377 1751 &
390 1719 434 1751 ibi
445 1718 534 1759 gloss.
545 1719 600 1749 ult.
616 1727 708 1756 7‚q.1.
719 1718 758 1750 Et
770 1719 829 1750 lioc
842 1719 962 1752 dictum
975 1721 1078 1761 glossae
1090 1723 1220 1762 probare

210 1764 361 1795 videntur
373 1762 519 1794 Hostien.
531 1771 608 1793 num.
622 1772 651 1800 4.
665 1762 1164 1803 Joan.Andr.num.10.Butr.num.
1173 1776 1219 1806 14.

214 1811 246 1841 ἃ
259 1808 374 1838 dicunt
385 1805 444 1838 else
456 1806 560 1839 vetius
574 1804 823 1839 Caranummn
834 1808 1025 1850 z.oppofit.&
1039 1809 1117 1840 Abb.
1130 1821 1177 1844 nu.
1194 1808 1219 1850 ς’.

211 1853 245 1883 &
256 1850 340 1882 clare
355 1850 505 1891 probatur
517 1851 549 1880 in
559 1860 583 1881 c.
595 1847 674 1882 Citm
686 1850 785 1881 nuilus
795 1849 831 1881 de
839 1852 962 1891 tempor.
975 1853 1221 1884 orain.lil7.6.ubi

209 1894 385 1934 expressum
407 1893 448 1924 est
469 1892 657 1933 Capitulum
676 1893 755 1925 Sede
777 1904 911 1925 vacante
932 1896 1013 1936 poffe
1032 1898 1106 1927 dare
1124 1896 1221 1927 licen-

213 1939 293 1975 tiam
314 1937 504 1969 ordinandi.
527 1936 613 1967 Facit
633 1945 708 1968 text.
729 1939 762 1968 in
779 1936 1060 1979 cuffiSufraganeis
1081 1938 1118 1970 de
1138 1940 1219 1971 elea.

211 1981 394 2013 ubieleetus
407 1980 439 2014 in
452 1979 728 2020 Areliiepiscopuui
741 2003 750 2016 ,
770 1982 802 2013 δέ
824 1982 1051 2018 confirmatus,
1072 1981 1220 2023 licetpal-

214 2025 296 2058 lium
307 2034 372 2054 non
386 2024 560 2064 receperit,
583 2023 680 2063 potest
693 2024 781 2057 suum
792 2024 1031 2066 Suffraganeum
1053 2037 1118 2057 non
1129 2027 1219 2065 perse

216 2067 317 2108 ipsum
329 2090 338 2103 ,
361 2068 410 2098 sed
424 2078 475 2107 per
487 2067 565 2098 alios
575 2066 795 2107 Suffraganeos
807 2069 992 2101 consecrare
1003 2092 1012 2105 ,
1034 2068 1108 2101 licet
1124 2071 1219 2102 licen-

211 2113 290 2143 tiam
303 2114 376 2142 dare
388 2121 453 2142 non
468 2110 557 2151 pollit
569 2133 578 2147 ‚
601 2120 633 2141 ut
646 2110 764 2142 subditi
777 2111 822 2142 sui
834 2114 872 2143 ab
885 2113 948 2144 alio
959 2112 1112 2153 Episcopo
1132 2113 1219 2144 ordi-

210 2154 457 2191 nenttii·‚lecund
466 2164 520 2185 um
531 2155 610 2185 ΑΜ),
624 2152 784 2193 ubisnpra',
798 2157 829 2186 ἃ
841 2156 886 2187 ita
898 2156 931 2188 in
941 2156 1001 2188 hoc
1014 2158 1060 2199 jus
1072 2156 1219 2196 pinguius

211 2199 305 2233 habet
323 2197 513 2238 Capitulum
523 2219 533 2232 ,
543 2199 637 2237 quam
649 2198 855 2230 confirmatus
866 2221 874 2234 ‚
898 2209 931 2230 ut
946 2200 980 2230 in
993 2198 1049 2231 dx„
1062 2199 1140 2231 Cum
1155 2202 1220 2232 nul—

144 2248 183 2284 65
203 2242 249 2275 lus
260 2265 267 2273 .
294 2242 379 2274 Item
391 2240 469 2272 facit
482 2241 568 2280 gloss.
581 2241 671 2271 ult-in
681 2240 949 2282 nonestussupra'
958 2241 994 2273 dc
1004 2242 1218 2283 offissordc'nar.

213 2290 289 2318 dum
301 2285 403 2316 asserit
416 2284 624 2317 collationem
636 2283 796 2315 Ordinum
807 2307 816 2321 ,
828 2286 859 2316 δέ
872 2285 1148 2317 Sacramentorum
1160 2288 1218 2319 else

212 2332 250 2362 de
264 2331 332 2369 lege
343 2327 571 2371 jurisdictionis
582 2350 589 2357 .
604 2326 640 2358 Et
653 2328 796 2367 quamvis
823 2329 990 2361 innocent.
1003 2329 1048 2360 ibi
1059 2329 1145 2361 dicat
1156 2330 1216 2362 lioc

211 2373 311 2405 videti
325 2370 470 2404 mirabile
482 2370 621 2406 dieium3
635 2370 665 2401 id
680 2381 784 2403 tainen
798 2374 907 2411 probat
927 2381 990 2412 cap.
1005 2372 1218 2406 late-fdicinam

217 2421 265 2449 16.
277 2426 304 2453 q.
324 2425 347 2447 i.
359 2414 531 2448 secundum
544 2414 633 2454 Joan.
646 2414 742 2445 Andr.
755 2413 868 2446 ibidem
878 2426 958 2447 num.
977 2425 1023 2448 11.
1036 2415 1105 2448 Nec
1118 2418 1217 2456 placet

213 2458 372 2493 distinctio
385 2481 394 2495 ‚
418 2468 513 2499 quam
527 2458 577 2489 liic
592 2457 770 2497 facitJoan.
782 2461 818 2489 de
831 2458 921 2490 lmol.
932 2470 979 2491 nu.
995 2469 1021 2500 3.
1032 2458 1151 2500 ingloff.
1159 2460 1217 2505 fin.

213 2502 297 2543 vers.
312 2505 400 2535 Potes
409 2503 518 2533 dicere:
534 2502 683 2535 videlieet
696 2504 779 2542 quod
792 2501 977 2543 Capitulum
996 2503 1074 2534 Sede
1085 2514 1217 2536 vacante

214 2547 306 2589 possit
321 2556 373 2586 per
388 2546 486 2576 alium
497 2545 642 2585 expedire
655 2556 690 2576 ea
701 2568 709 2580 2
722 2545 870 2585 quaesunt
884 2545 1017 2577 Ordinis
1029 2545 1218 2587 Episcopalis

213 2590 397 2629 negligente
410 2588 575 2628 Superiore
586 2611 595 2624 ‚
607 2589 682 2620 alias
695 2589 799 2619 secus:
814 2599 900 2630 quon
911 2589 972 2621 iam
985 2590 1046 2621 liaec
1058 2589 1218 2622 distinctio

218 2636 285 2677 jure
300 2643 364 2664 non
376 2634 549 2673 probatur,
561 2634 592 2663 ὃ(
606 2633 730 2663 videtur
742 2642 858 2663 contra
878 2633 1055 2673 proedifflim
1068 2633 1219 2666 Decreta—

217 2679 277 2709 lein
290 2699 299 2713 ,
322 2686 389 2708 cnm
401 2677 499 2707 nullus
509 2697 518 2711 ,
529 2686 596 2716 quae
611 2676 669 2708 ltoc
684 2678 729 2716 jus
743 2676 851 2708 tribuit
875 2676 1027 2716 Capitulo
1039 2677 1218 2718 principali-

217 2730 264 2752 ter
275 2730 358 2756 ‚non
371 2730 477 2751 autem
490 2719 554 2759 jure
568 2719 719 2751 devoluto
731 2720 771 2750 ob
784 2720 1011 2760 negligentiam
1023 2720 1199 2760 Superioris
1209 2745 1217 2752 .

217 2763 295 2796 Aiiae
308 2764 509 2803 exceptiones
522 2763 559 2793 ad
570 2764 712 2803 regulam
723 2762 960 2803 suprascriptam
979 2764 1218 2804 liaberipoffunt

216 2817 252 2838 ex
265 2806 354 2846 Joan.
368 2808 467 2838 Audi·-
476 2809 509 2837 in
520 2816 588 2846 cap.
600 2803 824 2845 tmic.i71fnzlwc
834 2805 1121 2839 titilib.6.Materia
1132 2808 1218 2839 cuim

217 2859 288 2889 eget
301 2851 516 2881 declaratione
530 2871 538 2885 ‚
559 2853 589 2881 ὣς
602 2851 701 2880 multa
714 2849 784 2882 sunt
796 2872 805 2885 ‚
826 2860 894 2890 qum
909 2850 941 2881 in
955 2849 1139 2891 Capitulum
1150 2861 1218 2885 non

219 2892 381 2925 tianseunt
395 2914 403 2927 ,
426 2903 457 2923 ut
473 2893 516 2924 ibi
529 2903 680 2932 pereum,
700 2896 731 2924 ὅ(
746 2892 839 2925 fusius
853 2904 904 2933 per
916 2893 1004 2933 Joan.
1016 2894 1217 2926 franciscum

218 2936 373 2970 Pavinum
385 2934 475 2974 insito
485 2937 574 2966 trabs.
586 2936 622 2967 de
631 2935 807 2976 potestant?
817 2938 963 2977 offic.c.zp.
976 2936 1053 2968 Sede
1062 2949 1132 2970 vac,

262 2979 361 3012 (ᾄττει
372 2988 423 3008 um
435 2978 489 3008 etsi
502 2980 567 3019 jure
580 2980 742 3013 ,communi
756 2980 892 3020 inspeclo
911 2991 1042 3013 vacante
1057 2980 1218 3021 Episcopa-

221 3034 255 3055 tu
268 3021 453 3062 Capitulum
468 3032 532 3051 non
545 3020 678 3054 arctetur
692 3025 727 3055 ad
748 3024 1004 3055 constituendum
1025 3024 1187 3055 vicarium
1208 3047 1217 3061 ‚

225 3068 274 3099 sed
288 3065 377 3106 poslit
392 3064 641 3105 Jui'isdicliouem
654 3068 688 3097 ad
705 3066 730 3098 se
742 3068 923 3099 devolutam
935 3077 985 3106 per
998 3066 1123 3106 seipsum
1134 3078 1218 3098 exer-

223 3119 338 3145 ctie‚iit
356 3118 445 3140 notat
459 3108 536 3138 Abb.
550 3110 581 3137 in
592 3120 616 3137 c.
630 3108 842 3149 lrrefragabslz
852 3122 880 3140 n.
893 3109 1016 3150 2.fi‹pm⁴
1027 3112 1062 3147 dc
1072 3111 1146 3151 offic.
1159 3113 1219 3143 Or-

224 3155 329 3186 dmar.
340 3155 370 3184 ὅ(
385 3151 481 3183 felin.
492 3162 525 3181 in
536 3162 560 3181 c.
576 3154 654 3183 Cum
665 3155 735 3182 olem
747 3154 913 3193 71.⁴).i1·isra'
931 3152 1029 3185 eodem
1041 3177 1048 3186 ,

265 3196 368 3228 Hodie
398 3205 504 3227 tamen
528 3193 639 3225 servari
662 3196 750 3226 debet
772 3207 816 3237 jus
839 3197 1041 3229 novissimum
1071 3195 1219 3229 Concilii

226 3238 409 3271 Triieniini
421 3250 453 3268 m
465 3246 529 3276 sap.
549 3234 663 3276 ¹⁶·fiff·
677 3248 725 3275 24.
737 3249 800 3277 quo
815 3239 962 3272 statutum
974 3240 1012 3271 eu
1025 3263 1034 3276 ,
1046 3250 1080 3272 ut
1090 3240 1220 3278 Capitu-

227 3284 290 3313 lum
303 3291 447 3313 tt·nc.itur
460 3280 620 3312 infixioeto
631 3280 696 3310 dics
706 3281 767 3320 poll
778 3292 912 3314 mortem
926 3283 943 3313 12
952 3283 1064 3323 piscopi
1088 3282 1219 3314 officia<

157 2986 199 3014 66

227 3327 287 3356 lem
301 3347 309 3359 ,
333 3330 380 3355 lcu
395 3326 557 3357 Vicariuui
570 3323 778 3358 coulliruerc⁷
800 3326 844 3354 vc}
859 3326 1040 3357 cxilleniem
1052 3327 1220 3359 coufirma-

226 3379 258 3400 re
270 3390 278 3403 ‚
299 3368 470 3406 quisaltcui
485 3368 594 3407 injure
606 3366 779 3400 Canonico
792 3367 825 3400 lit
839 3366 958 3398 Doctor
972 3391 980 3404 ,
1002 3370 1048 3401 vel
1061 3369 1219 3401 Licentia-

226 3421 296 3445 tus,
320 3413 364 3441 vel
388 3412 459 3440 ult-¹5
477 3421 631 3450 quantum
652 3411 716 3441 sieri
739 3411 852 3450 poterit
874 3410 1004 3442 idoneus
1024 3435 1031 3442 .
1063 3412 1219 3454 Alioquin

229 3453 561 3491 adMetiopolitantuu
573 3454 736 3494 deputatio
757 3453 936 3496 hujusmodi
955 3455 1156 3488 devolvatur.
1177 3455 1217 3488 Ec

698 19 873 93 Profp:¹
881 12 1107 88 fag-'tiam
1136 16 1190 72 iu'
1207 13 1430 75 Primum
1440 10 1887 81 ‘Libriu'nDecren

1263 112 1284 143 si
1297 113 1432 146 Ecclelia
1442 114 1505 155 ipsa
1515 114 1768 155 Metropolitana
1777 111 1843 147 fuei
1851 127 1873 148 it
1881 139 1891 153 ,
1914 110 2178 162 fflanssqUioi‘ein
2188 114 2271 154 διιῖἷ-

1263 154 1449 203 fraganeum
1462 158 1512 194 3&
1526 157 1700 197 siexempta
1710 180 1720 194 ‚
1732 161 1769 189 ad
1782 160 2040 201 propinquiorem
2051 164 2237 207 Episcopum
2247 166 2265 196 .’

1302 198 1406 231 Circa
1435 200 1495 231 lioc
1523 202 1688 233 decretum
1721 202 2037 236 animadvertendum
2065 208 2106 238 est
2135 208 2237 248 primo
2255 231 2266 245 ,
2286 209 2326 240 68

1262 245 1345 282 quod
1359 243 1414 274 etsi
1426 245 1493 285 jure
1502 244 1669 274 communi
1684 243 1870 285 Capitulum
1881 246 1959 279 Sede
1966 255 2104 281 vacante
2114 252 2271 291 deputate

1262 285 1352 325 possit
1371 288 1453 318 duos
1473 285 1655 323 officiales,
1679 287 1729 319 seu
1750 289 1915 326 Vicarios,
1938 300 1972 321 ut
1980 292 2094 332 probat
2104 302 2181 325 text.
2190 297 2225 327 in
2233 307 2269 328 c:

1261 331 1340 360 unic.
1353 329 1398 361 ibi
1411 340 1508 361 uuum
1520 352 1529 366 ‚
1552 331 1599 361 vel
1611 332 1689 362 duos
1701 353 1711 368 ,
1722 330 1758 362 d'e
1767 334 1807 365 Cl
1813 335 1882 365 erit.
1894 334 2153 372 aegrotan.lib;6.&
2163 346 2214 377 per
2225 339 2261 369 il-

1262 372 1327 402 lum
1338 382 1461 404 textum
1473 374 1577 405 firmat
1586 373 1791 414 Joan.Franc.
1802 375 1909 409 Pavin.
1921 375 2090 410 dicztrafi.
2101 378 2137 410 de
2146 380 2271 421 offic-(5¹>

1260 414 1363 462 potest.
1374 418 1480 457 Capit.
1491 415 1571 448 Sede
1579 428 1622 448 va
1628 427 1694 448 can.
1705 427 1834 458 par-,24
1849 430 1928 452 tom.
1940 424 1968 451 6.
1980 431 2088 453 tamen
2098 423 2164 464 post
2173 421 2261 455 Con-

1261 459 1374 506 cilium
1385 460 1430 492 ita
1440 462 1568 492 demum
1578 460 1756 501 poffitduos
1772 462 1963 495 constituere
1973 487 1983 500 ‚
2005 465 2026 496 fi
2047 465 2093 497 ita
2104 465 2131 497 se
2142 467 2255 498 habeat

1261 503 1524 536 immemorabilis
1534 503 1729 535 consuetudo
1739 527 1749 541 ‚
1772 516 1805 537 ut
1818 506 1876 538 fuit
1887 507 1992 548 saepiris
2014 507 2204 541 resolutum:
2225 511 2260 541 &

1260 546 1293 577 in
1304 547 1403 586 specie
1415 557 1488 578 cum
1498 545 1686 588 Capitulum
1706 547 1919 582 Tarentinum
1939 551 2123 583 consuetum
2144 552 2161 583 a
2179 563 2260 584 tem-

1259 600 1332 630 pore
1345 590 1590 622 immemorabili
1601 591 1678 623 Sede
1690 602 1824 625 vacante
1834 597 1912 624 duos
1922 595 2036 635 eligere
2056 595 2192 636 petiisset
2204 599 2258 628 de-

1259 635 1373 665 clarari
1383 656 1393 671 ‚
1415 635 1569 675 numquid
1591 634 1655 674 post
1673 634 1862 668 Concilium
1874 636 1956 668 idem
1967 638 1996 669 ei
2010 639 2119 671 liceret
2132 651 2139 670 ε
2161 639 2257 671 Sacra

1260 676 1482 718 congregatio
1493 677 1637 710 Concilii
1651 679 1772 712 censuit
1783 690 1883 711 unum
1894 680 2021 713 tantum
2032 682 2197 714 Vicarium
2208 683 2260 714 eli.

1259 721 1291 760 gi
1304 721 1405 761 porse,
1425 731 1462 752 ex
1472 732 1537 762 quo
1552 721 1814 764 Conciliumsesfi
1828 735 1879 762 24.
1891 733 1956 765 cap.
1974 728 2019 756 16.
2032 725 2174 767 injungit
2196 725 2261 758 Ca-

1259 765 1358 804 pitulo
1369 786 1379 800 ,
1390 773 1424 794 ut
1435 767 1562 804 deputet
1573 764 1651 796 Sede
1673 766 1806 797 vacante
1827 766 2052 799 oeconomum
2070 776 2168 800 unum
2179 792 2188 805 ,
2210 769 2260 801 vel

1259 810 1380 849 plures,
1400 809 1431 838 &
1453 807 1550 847 eligat
1570 807 1768 845 Officiakm,
1787 809 2029 842 seuVicarium.
2052 811 2259 843 &itaubifa·

1258 852 1303 883 cit
1322 851 1520 882 mentionem
1541 853 1580 882 de
1601 851 1726 883 Vicatii
1749 852 1906 884 elefflone
1916 875 1926 889 ,
1947 864 2013 885 non
2033 855 2146 894 repetit
2168 856 2256 886 illam

1258 894 1431 927 dictionem
1451 917 1461 930 ,
1481 894 1581 935 plures
1599 917 1608 925 .
1630 895 1860 927 Verumtamen
1880 895 1954 927 cum
1977 898 2129 938 allegetur
2149 898 2260 929 imme-

1258 938 1422 970 morabilis
1433 960 1442 974 ,
1453 940 1610 978 agendum
1623 948 1696 969 cum
1706 938 1907 970 Saneltiflimo
1917 962 1926 976 ‚
1939 951 1978 971 an
1989 951 2057 972 eam
2069 941 2147 972 velit
2160 941 2258 972 subla-

1257 992 1322 1014 tam
1343 1005 1351 1012 .
1372 980 1587 1013 §anistissimus
1599 981 1757 1022 respondit
1777 983 2040 1015 consuetudinem
2053 984 2256 1016 immemora-

1259 1026 1354 1057 bilem
1364 1048 1373 1062 ‚
1386 1025 1404 1056 si
1419 1024 1559 1065 legitime
1572 1026 1721 1065 probetur
1731 1047 1741 1062 ,
1753 1036 1819 1057 non
1831 1027 1889 1058 else
1900 1027 2052 1059 sublatam
2061 1028 2077 1058 a
2087 1026 2255 1065 Concilio,

1259 1068 1394 1110 ideoque
1408 1069 1656 1109 permittendum
1666 1069 1725 1099 else
1735 1091 1744 1104 ‚
1757 1079 1790 1100 ut
1803 1071 1887 1111 juxta
1898 1081 1967 1101 eam
1978 1074 2043 1102 duo
2062 1071 2184 1103 Vicarii
2197 1072 2255 1103 eli-

1259 1122 1393 1152 gantur,
1416 1123 1489 1143 cum
1501 1112 1563 1143 illis
1579 1122 1684 1143 tamen
1705 1113 1913 1152 qualitatibus
1923 1136 1932 1149 ⁷
1953 1125 2031 1154 quas
2053 1114 2152 1155 ipsum
2172 1113 2260 1146 Con-

1259 1156 1370 1187 cilium
1383 1156 1534 1195 requirit:
1560 1154 1658 1186 Unde
1676 1155 1776 1196 postea
1796 1157 1831 1187 in
1850 1157 1941 1188 causa
1952 1157 2179 1189 panormitana
2189 1168 2258 1198 pro·—

1260 1200 1359 1240 posito
1370 1199 1485 1230 dubio:
1512 1199 1561 1230 An
1574 1198 1760 1239 Capitulum
1770 1199 1846 1231 Sede
1857 1210 1988 1232 vacante
2008 1204 2086 1233 duos
2106 1202 2255 1234 vicarios

1259 1243 1451 1274 constituere
1463 1243 1554 1283 poffit
1566 1265 1575 1278 ‚
1588 1253 1620 1273 ut
1633 1244 1764 1273 alternis
1775 1243 1930 1275 mensibus
1947 1245 2127 1276 Vicatiatus
2147 1256 2256 1277 mune-

1259 1297 1291 1317 re
1304 1286 1500 1326 fungantur,
1522 1285 1688 1326 praesertim
1701 1286 1720 1316 si
1733 1287 1778 1317 ita
1789 1287 1828 1317 ab
1849 1288 2093 1320 immemorabili
2115 1299 2255 1329 tempore

1259 1329 1477 1360 consueverit:
1500 1330 1550 1360 die
1563 1329 1855 1370 20.Junii1589.8.
1873 1329 2095 1372 Congregatio
2105 1332 2226 1364 censuit
2247 1354 2258 1368 ‚

1259 1373 1281 1404 si
1295 1372 1435 1413 legitime
1447 1372 1595 1412 probetur
1607 1372 1802 1407 consuetudo
1813 1374 2077 1405 immemorabilis
2096 1374 2258 1413 deligendi

1260 1416 1437 1460 hujusmodi
1449 1415 1595 1446 Vicarios
1606 1437 1615 1451 ‚
1635 1417 1715 1455 porse
1728 1416 1839 1458 utique
1849 1416 2034 1458 Capitulum
2046 1419 2079 1448 in
2099 1428 2136 1449 ea
2157 1417 2256 1459 perse·
2271 1420 2275 1423 '

1261 1471 1366 1492 verare
1378 1482 1388 1496 ‚
1411 1469 1484 1490 cum
1506 1468 1612 1490 tamen
1629 1458 1752 1499 praediti
1767 1459 1825 1492 sint
1847 1461 1911 1493 illis
1923 1461 2133 1503 qualitatibus
2145 1483 2154 1498 ‚
2175 1471 2253 1503 quas

1259 1503 1488 1535 Tridentinum
1500 1501 1688 1533 Concilium
1696 1503 1829 1543 requirit
1849 1514 1919 1545 cap.
1935 1503 2055 1546 16sssi’ff.
2076 1515 2125 1544 24.

1306 1547 1633 1578 Animadvertendum
1645 1546 1802 1583 secundo,
1822 1547 1987 1581 Vicarituu
1999 1548 2079 1587 poil'e
2089 1550 2126 1579 ad
2149 1557 2262 1579 nutum
2282 1551 2323 1586 69

1259 1589 1402 1631 Capituli
1417 1590 1575 1625 amoveri,
1597 1593 1629 1620 6:
1644 1592 1681 1621 ad
1702 1600 1823 1629 tempus
1842 1592 1992 1622 constitui
2015 1603 2051 1623 ex
2065 1592 2156 1633 ipsius
2168 1591 2264 1623 Con-⁴

1259 1634 1456 1675 gregationis
1469 1633 1645 1664 sententia:
1668 1644 1741 1664 nam
1754 1633 1916 1670 consulta,
1938 1645 1976 1665 an
1987 1634 2174 1676 Capitulum
2193 1635 2260 1675 pos-

1260 1678 1295 1709 sit
1309 1681 1345 1709 ad
1367 1677 1434 1719 ejus
1454 1676 1582 1708 libitum
1603 1687 1751 1709 revocare
1764 1677 1927 1709 Vicarium
1939 1678 2011 1710 alias
2035 1681 2072 1710 ab
2092 1678 2157 1719 ipso
2179 1679 2258 1710 Sede

1259 1731 1393 1753 vacante
1407 1720 1541 1752 electum
1551 1742 1561 1756 ,
1572 1722 1603 1751 ὅ(
1617 1721 1842 1752 confirmatum
1854 1733 1864 1750 .·
1877 1721 2032 1762 respondit
2053 1723 2153 1763 posse,
2181 1724 2257 1753 dum

1259 1765 1345 1796 intra
1355 1764 1428 1804 osto
1439 1764 1505 1795 dies
1518 1765 1615 1795 alium
1626 1766 1814 1795 constituat.
1837 1764 1886 1795 De
1909 1765 1974 1803 jure
1993 1766 2161 1797 communi
2181 1765 2272 1796 fimi-⁴
2283 1774 2326 1804 70

1260 1810 1332 1840 liter
1344 1807 1491 1839 Vicarius
1503 1810 1593 1838 datus
1606 1818 1657 1847 per
1678 1806 1862 1848 Capitulum
1883 1808 1961 1839 Sede
1980 1819 2114 1840 vacante
2131 1811 2167 1840 ad
2189 1819 2259 1840 cer-

1259 1863 1327 1885 tum
1340 1861 1461 1891 tempus
1472 1873 1482 1886 ‚
1493 1850 1587 1885 etiarn
1600 1860 1673 1882 ante
1683 1861 1802 1891 tempus
1816 1851 1958 1885 revocari
1969 1851 2085 1891 potest:
2108 1853 2140 1883 &
2154 1851 2200 1883 ita
2209 1852 2257 1892 Jo.

1258 1897 1357 1927 Andr.
1368 1899 1401 1926 in
1412 1906 1435 1926 r.
1458 1895 1531 1925 Tua
1544 1892 1580 1925 de
1590 1894 1666 1934 offic.
1679 1897 1781 1925 [ἦσαν.
1794 1895 1889 1925 refert
1908 1895 1935 1926 se
1948 1894 2056 1926 Paduae
2068 1895 2259 1926 consuluisse

1259 1950 1310 1979 per
1322 1937 1410 1980 ofin·
1421 1937 1457 1969 de
1467 1947 1582 1978 pre-cur.
1594 1943 1631 1969 <5
1641 1938 1664 1969 l.
1673 1938 1823 1969 Iudicium
1828 1938 1876 1978 Jbl
1881 1940 1965 1969 vitur
1975 1960 1985 1973 ‚
1993 1936 2027 1980 ff.
2039 1937 2199 1981 DeJudic.
2210 1938 2261 1969 Ita

1258 1983 1356 2014 etiam
1364 1982 1392 2013 se
1402 1981 1582 2013 consultum
1595 1981 1702 2012 vidisse
1714 1991 1766 2020 pei·
1777 1981 1898 2012 Anton.
1919 1985 1956 2012 de
1971 1981 2104 2013 Rosellis
2124 1981 2157 2013 in
2167 1981 2260 2012 causa

1258 2025 1425 2057 Tarvisina
1437 2024 1600 2056 attestatur
1611 2024 1700 2064 Joan.
1711 2024 1844 2056 Francis.
1857 2024 1953 2056 l’avin
1964 2026 1992 2056 d.
2005 2035 2033 2063 q.
2045 2037 2074 2057 2.
2084 2031 2148 2063 n.7.'
2159 2023 2260 2066 Qiod

1259 2070 1402 2110 procedit
1414 2068 1533 2100 etiamsi
1548 2069 1673 2110 jurasset
1686 2078 1750 2099 non
1762 2079 1921 2100 revocare:
1933 2069 2009 2110 quia
2021 2068 2096 2100 licet
2108 2078 2261 2100 revocan-
2281 2077 2320 2106 71

1258 2113 1378 2144 tessine
1390 2112 1481 2143 causa
1493 2112 1552 2143 sitit
1564 2112 1700 2153 perjuri,
1721 2122 1829 2144 tamen
1841 2122 1929 2143 tenet
1949 2112 2114 2144 revocatio
2125 2121 2178 2151 pet
2188 2111 2260 2153 jura

1258 2157 1474 2197 praeallegata,
1495 2155 1669 2187 secundum
1680 2166 1732 2186 eos
1744 2178 1751 2186 .
1775 2155 2003 2187 Verumtamen
2021 2156 2090 2187 Sac.
2113 2155 2258 2196 Congre-

1258 2200 1347 2240 gatio
1360 2199 1584 2240 Episcoporum
1598 2202 1607 2239 (
1621 2209 1655 2230 ut
1666 2198 1822 2230 credimus
1833 2221 1842 2235 ,
1864 2209 1920 2239 pro
1942 2201 2028 2231 bono
2049 2198 2262 2231 Ecclesiarum

1257 2243 1411 2283 regimine
1434 2243 1445 2282 )
1469 2242 1609 2274 decrevit
1631 2241 1818 2283 Capitulum
1834 2253 1901 2274 non
1923 2243 2003 2282 posse
2026 2243 2142 2283 eligere
2164 2241 2259 2274 Vica-

1258 2288 1340 2318 rium
1362 2289 1398 2319 ad
1419 2296 1541 2327 tempus
1559 2286 1830 2322 determinatum,
1851 2286 1900 2318 sed
1920 2287 2031 2318 debere
2051 2296 2124 2318 eum
2141 2285 2258 2325 eligere

1258 2341 1313 2370 pro
1325 2340 1396 2361 toto
1408 2340 1548 2370 tempore
1562 2329 1739 2361 vacationis
1751 2351 1760 2365 ,
1782 2339 1840 2361 nec
1853 2329 1935 2372 poffe
1945 2340 2017 2361 eum
2037 2338 2186 2360 revocare
2197 2327 2254 2359 nisi

1257 2384 1292 2405 ex
1305 2372 1420 2405 causazi
1431 2373 1527 2404 Sacra
1535 2372 1799 2413 Congregatione
1811 2373 2057 2412 approbandat&
2065 2370 2257 2414 jurisditftio-

1257 2427 1331 2448 nem
1342 2417 1371 2448 ei
1383 2426 1487 2456 totuin
1499 2415 1642 2447 conferre
1655 2415 1757 2447 teneri
1768 2425 1833 2446 non
1846 2414 2041 2447 cuinulative
2055 2437 2064 2451 ‚
2085 2416 2135 2446 sed
2156 2414 2258 2455 priva-

1257 2460 1334 2491 tive.
1348 2459 1505 2491 Similiter
1519 2458 1696 2499 responsum
1708 2458 1748 2489 est
1762 2458 1777 2488 a
1789 2458 1885 2489 Sacra
1898 2457 2162 2500 Congregatione
2173 2457 2263 2489 Con·
2282 2466 2323 2497 72

1257 2503 1324 2533 cilii
1336 2502 1369 2533 in
1385 2502 1448 2541 ipsa
1460 2502 1582 2533 Vicarii
1595 2501 1802 2543 deputatione
1815 2501 2002 2541 Capitulum
2015 2502 2095 2542 posse
2105 2501 2259 2542 praefinire

1257 2556 1378 2586 tempus
1388 2567 1398 2582 ,
1421 2555 1486 2586 quo
1496 2545 1597 2586 elapso
1608 2556 1674 2588 ejus
1685 2543 1857 2586 jurisdictio
1866 2545 1995 2585 expiret.
2008 2545 2080 2577 Hoc
2093 2544 2190 2585 ipsum
2201 2554 2256 2584 po-

1257 2598 1337 2621 terat
1357 2592 1395 2620 de
1416 2589 1482 2631 jure
1503 2589 1689 2624 communi,
1708 2598 1771 2628 arg.
1784 2598 1849 2628 cap.
1862 2590 1910 2619 De
1928 2588 2124 2630 causisfiapra'
2134 2588 2171 2619 de
2180 2587 2254 2629 offic.

1257 2633 1365 2670 Delsg.
1377 2634 1409 2664 &
1422 2642 1489 2663 not.
1501 2631 1591 2672 Joan.
1605 2632 1705 2665 Andr.
1716 2635 1747 2662 in
1759 2630 1790 2664 d.
1803 2643 1829 2664 c.
1841 2634 1912 2663 Tim
1924 2655 1934 2668 ,
1956 2634 1989 2664 ὃ(
2001 2631 2108 2663 Paviu.
2120 2633 2173 2664 loc.
2185 2633 2237 2662 cit.

1299 2676 1629 2708 Animadvertendum
1649 2675 1746 2707 tertio
1769 2697 1778 2711 ,
1799 2676 2050 2717 jurisdictionem
2069 2684 2202 2707 vacante
2222 2674 2259 2706 E·
2280 2683 2322 2715 73

1258 2719 1416 2759 piscopatu
1429 2718 1648 2759 principaliter
1660 2718 1789 2751 residere
1810 2729 1902 2760 penes
1922 2718 2127 2759 Capitulum,
2150 2728 2184 2749 ut
2204 2728 2257 2758 per

1257 2763 1364 2794 l'avin.
1385 2762 1434 2794 ubi
1449 2761 1543 2802 fitpni
1556 2785 1563 2794 .
1585 2762 1777 2794 Exercitium
1799 2762 1872 2793 vero
1884 2773 1975 2801 penes
1996 2762 2160 2793 Vicatium
2173 2762 2210 2791 ab
2220 2771 2260 2791 eo
2280 2770 2319 2800 74

1256 2808 1460 2846 deputatum.
1485 2805 1582 2836 Unde
1594 2806 1715 2837 censuit
1727 2806 1756 2837 S.
1779 2805 2000 2846 Congregatio
2021 2804 2165 2837 Concilii
2185 2804 2254 2834 sub—

1257 2849 1453 2883 stitutionem
1465 2848 1643 2880 faciendam
1655 2850 1959 2891 propter-absentiam
1971 2848 2104 2884 Vicarii,
2118 2849 2164 2879 vel
2179 2847 2254 2878 alio-

1257 2902 1326 2924 rum
1346 2891 1545 2924 Officialium
1566 2892 1700 2933 (perstare
1725 2895 1760 2924 ad
1785 2893 1863 2933 ipsos
1874 2892 2036 2923 Officiales
2047 2914 2056 2927 ‚
2078 2894 2109 2923 &
2128 2901 2194 2922 non
2218 2892 2254 2922 ad

1256 2935 1443 2976 Capitulum
1461 2959 1468 2967 .
1490 2936 1570 2967 Item
1592 2935 1783 2976 Capitulum
1803 2937 1918 2976 absque
1938 2935 2070 2966 Vicario
2091 2945 2158 2966 non
2178 2934 2258 2974 posse
2279 2942 2317 2972 75

1258 2980 1459 3011 Vilitatorem
1470 2979 1584 3019 eligere
1598 2981 1635 3010 ad
1650 2980 1835 3011 visitandam
1845 2978 2006 3010 dioecesim
2017 3000 2026 3014 ,
2050 2978 2143 3009 refert
2164 2978 2251 3009 deci-

1257 3023 1322 3054 sum
1332 3021 1441 3053 Nicol.
1453 3023 1546 3054 Garz.
1557 3022 1594 3053 de
1605 3022 1697 3063 benefi
1708 3031 1773 3063 par.
1788 3032 1812 3061 ς.
1823 3032 1890 3063 cap.
1901 3031 1931 3059 7.
1942 3034 1989 3052 nu.
2003 3033 2017 3052 2
2027 3032 2053 3062 3.
2064 3020 2211 3053 declarat.
2224 3030 2253 3057 7.

1256 3066 1355 3106 Quid
1368 3075 1445 3097 nota
1456 3076 1580 3106 propter
1591 3077 1627 3097 ea
1639 3089 1647 3102 ,
1658 3076 1725 3106 qua:
1736 3065 1819 3097 dista
1829 3066 1899 3097 sunt
1908 3064 1992 3104 supra
2003 3076 2081 3096 num.
2108 3073 2154 3104 50.
2166 3064 2249 3095 Orta
2270 3067 2310 3102 76

1257 3120 1365 3141 tamen
1376 3110 1578 3140 dubitatione
1589 3131 1597 3145 ,
1622 3120 1661 3140 an
1672 3108 1860 3150 Capitulum
1874 3108 1963 3148 possit
1984 3108 2099 3149 eligere
2121 3108 2255 3139 arbitros

1258 3157 1294 3184 ad
1306 3153 1561 3192 cognoscendum
1571 3155 1608 3183 de
1619 3152 1716 3183 caulis
1737 3152 1944 3192 suspicionum
1956 3174 1965 3187 ,
1984 3153 2054 3192 'quit'
2071 3161 2185 3183 conti-a
2197 3151 2250 3181 Vi-

1258 3196 1379 3227 catium
1391 3197 1428 3227 ab
1439 3207 1477 3226 eo
1488 3196 1565 3227 Sede
1578 3206 1709 3226 vacante
1720 3198 1902 3235 deputatum
1916 3204 2136 3236 proponuntur
2148 3206 2157 3231 3
2180 3193 2253 3224 Res-

1257 3239 1386 3279 ponsum
1398 3238 1439 3270 est
1451 3261 1459 3274 ,
1471 3249 1535 3269 non
1548 3238 1628 3278 posse
1639 3237 1825 3278 Capitulum
1835 3238 1948 3277 eligere
1961 3238 2156 3274 arbiti·os‚sed
2171 3237 2251 3277 polse

1257 3282 1445 3322 perseipsum
1456 3281 1644 3321 cognoscere
1662 3285 1699 3314 de
1719 3281 1816 3313 causis
1828 3281 2037 3320 suspicionum
2049 3304 2056 3311 .

1300 3326 1625 3357 Animadvertendum
1655 3325 1772 3357 ultimo
1801 3347 1810 3360 ‚
1854 3325 2089 3365 dispositionem
2109 3321 2251 3355 Concilii
2273 3330 2311 3359 77

1256 3367 1483 3400 Tridentiuim
1493 3368 1565 3399 diff.
1578 3377 1641 3407 cap.
1659 3373 1703 3399 16.
1716 3370 1882 3408 procedere
1904 3368 1938 3399 in
1956 3367 2107 3408 Capitulo
2125 3365 2241 3399 Cathe-

1257 3411 1351 3442 dralis
1369 3433 1378 3446 ‚
1402 3414 1434 3442 ὅς
1456 3412 1714 3451 Metropolitanae
1736 3411 1878 3442 Eccleliae
1897 3413 2061 3443 dumtaxat
2081 3433 2092 3447 ,
2115 3419 2149 3441 ut
2168 3417 2252 3448 putet

1258 3464 1293 3486 cx
1307 3454 1401 3486 illlius
1414 3465 1565 3489 contextu
1575 3476 1584 3490 2
1605 3458 1638 3487 ἃ
1648 3455 1820 3487 declaravit
1832 3454 1862 3486 S.
1873 3453 2095 3496 Congregatio
2113 3451 2249 3527 εὲμίὶὶειη

2153 3505 2212 3526 on—

2319 344 2335 361 *s*
