2397 3664
701 19 789 87 De
810 27 942 74 aetat.
965 5 1288 84 &.quaiit.÷e·.
1320 8 1447 68 Eam
1482 22 1559 68 te·-
1600 6 1603 9 ’

147 108 306 142 'mnne
315 111 449 153 debete,
471 112 500 145 id
508 110 551 145 est
559 118 632 146 ante
639 111 727 145 illius
739 110 979 144 revocationem
989 130 999 145 2
1010 109 1044 140 δε
1055 106 1148 138 Paro-

147 151 277 199 *1⁶¹¹J2fi?
293 153 519 188 collationem:
537 154 622 187 &sie
642 155 783 198 judicem
802 151 1021 196 appellationis
1039 150 1151 182 debere

151 193 252 225 -illicb
263 205 346 227 inter
354 197 563 237 posthabitum
574 221 585 235 ,
603 200 638 230 δε
655 196 850 239 ΡτεεεΙεέὶιιτη
860 196 1021 230 instituere
1031 200 1152 225 novum

147 246 293 269 -examen
303 239 425 280 ,primo
432 243 536 282 quoad
545 241 709 273 scientiam
721 263 732 277 ‚
751 241 866 273 deinde
875 239 978 280 quoad
990 237 1066 269 alias
1073 245 1151 277 qua-

161 278 269 312 litates
278 303 288 316 ‚
299 282 389 324 juxta
397 284 545 316 ordinem
551 284 632 331 juris
643 305 653 320 ‚
673 285 712 315 de
721 286 830 323 quoin
839 281 870 313 d.
881 290 946 322 cap.
957 283 996 312 Si
1006 275 1150 325 [απὸ-Λᾶ

158 321 328 357 eleas-M.
338 327 372 358 &
382 325 430 358 ita
439 337 475 358 ex
486 326 574 358 libris
581 326 716 367 publicis
725 325 864 366 S.Cong.
876 324 976 365 reperi
986 323 1150 355 multoties

152 364 366 401 -observatum
374 368 485 408 fuisse„
493 369 527 400 &
536 379 610 400 meo
619 378 759 409 tempore
769 367 969 400 observatum
980 365 1042 397 vidi
1055 387 1063 396 .
1075 387 1079 389 -

204 408 245 440 Et
265 410 299 441 in
315 411 413 452 specie
436 421 576 451 tempore
604 410 790 444 Cardinalis
822 409 945 443 Alciati
967 407 1062 450 paulo
1083 406 1147 455 Rost,

152 452 414 495 :publicationem
423 449 674 486 Cdnffitutionis
684 453 768 486 S.Pii
777 454 816 485 V.
828 463 962 486 vacante
972 450 1150 484 Parochiali

155 493 297 526 Ecclesia
304 496 332 527 S.
345 495 629 529 Nicolai'civitatis
640 497 850 529 Interamnen.
862 496 968 538 positis
979 495 1017 527 ab
1027 493 1151 534 Episco-

152 545 199 576 ’ρο
209 537 317 570 edistis
328 539 498 571 concursus
506 561 517 576 ‚
527 539 556 571 se
570 539 793 580 inscripserunt
802 538 944 572 examini
955 538 1149 569 Alemannus

161 578 307 612 Cleri-:us
337 581 510 613 Interamn.
528 582 563 615 &
580 581 734 615 Leontius
752 582 891 624 ejusdem
917 579 1077 613 civitatis.
1109 577 1148 609 Et

156 632 231 654 cum
242 624 279 654 ab
290 624 564 657 examinatoribus
573 624 679 658 fuisset
699 626 886 666 approbatus
897 646 907 661 ‚
929 626 962 656 &
972 621 1148 664 praepositus

156 665 376 702 Alenrannus,
394 674 498 707 'atque
513 668 626 700 deinde
645 667 661 699 a
678 668 759 701 Sede
779 667 960 710 Apostolica
979 664 1116 707 provisus
1137 674 1147 700 ·‚

155 706 310 739 Leontius
322 711 358 741 ad
368 709 499 743 Sacram
510 710 802 752 Congregationem
813 710 991 752 appellavit,
1001 709 1110 740 dicens
1120 707 1149 738 se

152 749 220 782 esse
231 755 396 791 gravatum
407 763 569 794 tamquam
580 755 679 796 inagis
702 755 870 791 idoneum,
888 764 929 786 eo
938 751 1024 794 quod
1034 750 1095 792 ipse
1105 749 1150 782 es-

154 793 198 825 set
211 792 400 838 Presbyteri
413 798 543 834 decem,
562 799 596 829 δε
614 798 756 838 quinque
777 796 892 834 annis,
911 798 946 829 &
966 793 1149 828 versatusin

155 845 232 868 cura
252 839 431 872 animarum
441 850 453 876 ,·
476 840 667 873 adversarius
676 839 752 872 vero
770 839 1041 882 numquamillam
1062 845 1150 868 exer-

152 879 285 912 cuisset:
308 882 463 923 petiitque
483 893 605 915 novum
623 883 815 915 concursum
836 906 847 920 ‚
865 892 900 914 ut
921 892 974 923 per
993 891 1064 913 eum
1087 878 1150 926 pos-

155 921 200 953 set
219 923 330 957 doceri
348 929 387 958 de
409 925 622 958 irrationabili
640 925 765 968 judicio
780 949 789 958 .
811 926 910 958 Sacra
927 924 1149 964 congregatio

157 964 305 999 Concilii
316 968 438 1001 censuit
447 978 484 1000 ex
497 969 586 1001 Bulla
596 969 626 1000 Sa
638 968 685 1001 Pii
699 969 734 1003 V.
759 969 882 1001 licuisse
894 967 1032 1000 Leontio
1053 965 1150 1006 appel-

158 1009 222 1053 lare
233 1012 271 1042 ad
283 1010 394 1043 Sedern
403 1010 616 1052 Apostolicam
625 1035 634 1048 ‚
649 1015 681 1044 δε
692 1011 1035 1045 ἀὶᾶιιιῐιΑΙειῐιεηῃυιη
1047 1012 1084 1040 ad
1096 1018 1151 1039 no·

153 1061 230 1083 vum
248 1064 380 1085 examen
397 1058 592 1094 provocare,·
615 1057 649 1087 ὃ(
667 1054 741 1086 cum
752 1065 836 1086 nunc
849 1055 943 1086 ambo
957 1052 1068 1084 Romae
1089 1051 1150 1082 sint

94 1103 133 1135 37
153 1095 356 1128 examinandi
376 1107 486 1128 coram
515 1096 683 1130 Tribunali
713 1097 909 1129 illustrissimi
929 1095 1052 1127 Vicarii
1076 1117 1086 1130 ‚
1116 1096 1149 1126 ὃς

154 1137 271 1183 deinde
292 1141 329 1170 ad
350 1139 380 1170 S.
402 1139 700 1181 congregationem
712 1140 910 1172 referendum
923 1161 932 1176 ‚
953 1139 1023 1179 quis
1035 1148 1146 1169 eorum

150 1181 252 1254 Zingis
276 1182 408 1214 idoneus
427 1183 463 1214 sit
482 1185 520 1215 ad
540 1193 622 1216 onus
642 1182 792 1225 praedic‘tae
803 1182 996 1214 parochialis
1016 1181 1146 1213 subeun-

178 1232 231 1255 um
241 1246 249 1256 .
406 1232 409 1233 ⁷

184 1266 351 1300 Similiter
371 1268 404 1301 in
423 1270 515 1302 causa
532 1268 660 1302 Vicenfi
682 1271 845 1303 decretum
863 1268 925 1305 est,
945 1279 980 1300 ut
995 1267 1149 1312 juxtalir-

152 1319 234 1343 teras
245 1312 370 1352 scriptas
382 1313 534 1355 Episcopo
545 1313 672 1346 Vicenfi
683 1312 859 1355 praeeleohis
871 1312 1012 1344 Romam
1021 1311 1128 1342 veniat
1136 1333 1146 1347 ‚

153 1355 356 1396 &postquam
367 1356 487 1388 venerit
499 1379 509 1393 ,
536 1355 657 1389 iterum
669 1366 800 1398 uterque
822 1355 1039 1391 examinetur,
1060 1356 1092 1385 &
1105 1354 1149 1385 vi-

151 1399 263 1430 deatur
273 1421 282 1434 ‚
292 1399 362 1440 quis
374 1399 409 1431 sit
420 1400 522 1440 magis
532 1399 665 1432 idoneus
674 1424 681 1431 .
695 1400 822 1432 Litterae
832 1399 945 1440 scripte
955 1399 1081 1430 fuerunt
1093 1397 1146 1428 sub

150 1440 201 1472 die
214 1445 263 1473 28.
274 1442 462 1482 Septembris
476 1450 566 1480 1570.
590 1442 708 1474 Rursus
719 1443 860 1483 exposuit
873 1442 1024 1473 Ascanius
1035 1441 1143 1471 Sacer-

152 1486 209 1515 dos
219 1483 354 1516 Clusina:
373 1486 532 1522 diaecesis,
552 1485 677 1526 peraeto
696 1486 851 1517 concursu
872 1488 909 1517 ad
931 1484 1148 1516 parochialem

151 1526 183 1558 S.
204 1528 331 1569 'Angeli
350 1528 377 1560 se
399 1531 616 1560 examinatum
639 1530 676 1560 ab
696 1529 964 1561 examinatoribus
984 1526 1149 1569 Synodali-

152 1571 208 1601 bus
221 1593 231 1607 ‚
252 1573 284 1603 &
302 1572 445 1612 quamvis
467 1573 567 1612 magis
588 1572 738 1603 idoneum
753 1594 762 1609 ,
792 1573 1011 1613 reprobatum,
1035 1581 1070 1602 ac
1092 1570 1149 1601 sibi

152 1614 348 1655 praepositum
367 1617 537 1656 quemdam
546 1613 716 1646 Civolum:
739 1626 776 1647 ex
796 1625 861 1657 quo
881 1615 1016 1646 sentiens
1037 1612 1066 1645 se
1077 1623 1146 1653 gra-

153 1667 281 1694 vatum,
303 1658 469 1698 appellavit
491 1661 526 1689 :id
548 1657 806 1694 Sanffiffimunu
831 1658 965 1699 ideoque
986 1656 1076 1698 petiit
1089 1666 1148 1688 no—

151 1709 227 1731 vum
237 1701 425 1732 concursum
438 1702 471 1732 in
484 1700 574 1732 Urbe
585 1723 594 1736 ‚
620 1711 653 1732 ut
673 1701 712 1732 sic
723 1704 852 1733 doceret
874 1704 911 1733 de
934 1699 1148 1732 irrationabili

152 1743 296 1784 judicio,
318 1754 424 1783 petens
446 1744 576 1776 interim
597 1744 736 1784 suspendi
767 1744 977 1785 provisionem
1000 1743 1145 1775 Datarii.

153 1785 217 1817 Die
230 1798 257 1817 ε.
273 1787 385 1818 Martii
400 1790 489 1824 1580.
502 1787 589 1818 Sacr.
599 1787 820 1827 Congregatio
831 1788 951 1819 censuit
970 1788 1150 1818 vocandum

154 1829 363 1861 adversarium
383 1829 520 1862 Romam
533 1840 587 1871 pto
599 1841 684 1862 novo
694 1831 851 1863 concursu
870 1829 1018 1862 faciendo
1038 1839 1146 1860 coram

156 1872 364 1904 Illulirissimo
376 1873 526 1909 Vicario,
548 1873 597 1905 sed
609 1884 673 1905 non
685 1872 758 1905 ideo
775 1876 990 1906 mandandum
1009 1871 1149 1913 suspendi

150 1916 362 1957 provisionem
375 1915 518 1947 Daiarii.
540 1917 645 1956 Atque
656 1917 701 1948 ita
712 1917 829 1958 scriptae
845 1916 973 1949 suerunt
985 1916 1096 1948 litterae
1110 1917 1146 1946 ad

157 1958 344 1999 Episcopum
375 1957 541 1991 Clusinum
570 1959 760 2001 infrascripti
790 1960 910 1993 tenoris
930 1982 940 1996 ‚
967 1959 1116 1990 videlicet
1139 1970 1145 1988 :

154 1999 349 2044 {llustriffime‘
358 2000 545 2034 Cardinales
553 2005 815 2042 interpretationis
832 2006 920 2035 Sacr.
930 2002 1061 2035 concilii
1074 2003 1150 2034 Tri-

153 2044 271 2076 denum·
280 2045 444 2088 praepofiti‚
465 2047 657 2083 cognitisque
678 2048 710 2077 in
729 2045 782 2079 hoc,
799 2045 901 2078 libello
922 2045 1055 2085 Ascanii
1076 2046 1149 2079 Bel-

154 2090 250 2119 trami
259 2091 376 2119 nomine
384 2097 458 2128 expo
459 2089 519 2130 fita
523 2087 608 2128 sunt,
618 2088 815 2129 amplitudini
824 2099 877 2120 tuae
883 2088 1074 2130 scribendum
1084 2099 1150 2120 cen-

148 2130 273 2172 suerunt
282 2154 292 2168 ,
303 2141 334 2162 ut
344 2143 379 2162 ea
391 2134 533 2162 intimari
545 2141 625 2163 curet
634 2135 662 2163 C
662 2135 673 2163 ι’
680 2133 744 2163 volo
754 2130 791 2164 de
800 2136 828 2165 C
829 2134 940 2168 iwlis,
961 2130 1149 2168 eumdemque

152 2177 246 2206 citari
256 2173 360 2212 iubeat
372 2177 498 2207 Romam
507 2173 773 2215 adfiible'ciendum
779 2174 814 2215 se
831 2187 867 2206 no
873 2187 907 2207 vo
918 2178 1058 2206 examini
1066 2178 1147 2206 inter

153 2218 268 2258 ipsum,
291 2216 328 2249 &²
344 2216 510 2257 Ascanium
527 2216 698 2257 pradistum
714 2217 874 2258 faciendo:
897 2221 948 2254 lta
959 2221 1054 2257 igitur
1066 2219 1146 2249 Am-

89 2265 127 2303 38
148 2260 264 2302 plaudo
273 2270 326 2292 tua
348 2260 461 2297 faciet,
482 2257 545 2292 &a
566 2260 605 2292 Et
623 2261 793 2301 quiaidem
803 2260 937 2293 Civolns
951 2260 1144 2293 derrec‘kabat

152 2312 271 2336 novum
290 2314 421 2336 examen
433 2315 444 2339 ,-
464 2303 517 2335 die
539 2314 587 2336 21.
604 2303 680 2343 Julii
695 2307 782 2343 1580.
803 2304 899 2337 Sacra
924 2303 1147 2345 congregatio

154 2347 276 2379 censuit
299 2347 542 2387 praecipiendum
566 2347 628 2380 esse
649 2347 781 2379 Vicario
799 2346 932 2379 Clusino
953 2358 1004 2387 per
1025 2348 1146 2379 litteras

153 2389 446 2430 Congregationis,
468 2400 501 2421 ut
522 2390 617 2421 citari
630 2389 747 2422 faceret
769 2391 951 2431 praedictum
970 2390 1149 2428 Civolum,

153 2443 188 2464 ut
199 2432 284 2464 intra
291 2432 481 2472 quindecim
494 2434 562 2464 dies
575 2432 685 2464 Rome
699 2443 895 2474 compareret
905 2456 916 2470 ,
934 2435 967 2466 δέ
979 2433 1147 2475 subjicerer

153 2473 182 2507 se
203 2474 343 2506 examini
361 2483 469 2506 coram
488 2474 838 2509 IllustrisIimoVicario
859 2476 984 2512 Urbis,*
1004 2476 1148 2518 alioquin

156 2518 376 2555 admitteretur
388 2516 450 2550 sine
479 2517 541 2549 alia
550 2517 704 2552 dilatione
723 2519 884 2559 praedickus
903 2519 1056 2552 Ascanius
1068 2523 1105 2552 ad
1117 2531 1146 2551 e-

154 2568 286 2594 xamen.
453 2579 457 2583 ›

196 2603 360 2645 Amplius,
379 2602 453 2635 cum
473 2603 507 2635 in
536 2603 691 2636 concursu
720 2603 822 2637 Plebis
841 2603 872 2635 S.
883 2605 1022 2637 Natoliae
1032 2605 1147 2638 Came—

157 2647 262 2679 rinen.
273 2646 415 2679 dioecesis
427 2645 619 2678 Dominicus
640 2646 837 2678 Sebastianus
848 2646 1010 2690 Presbyter
1019 2650 1057 2680 ab
1076 2649 1150 2690 Epi-

153 2692 246 2731 scopo
256 2689 432 2731 praeelecitus
444 2689 562 2726 fuisset,
573 2692 605 2720 ὃς
618 2688 770 2721 Pacificas
782 2690 895 2721 Vitalis
905 2690 1052 2723 Clericus
1067 2691 1147 2732 post-

150 2735 278 2767 habitus
291 2736 327 2765 ad
350 2732 585 2765 Sanctissimum
607 2733 803 2773 appellasset,
824 2734 856 2764 &
876 2743 1008 2774 uterque
1027 2744 1148 2767 novum

154 2786 286 2809 examen
297 2777 329 2808 in
341 2775 431 2808 Urbe
441 2775 582 2808 subiisset
596 2787 602 2806 :
625 2777 654 2807 S.
666 2775 1037 2816 Congregatio'tempore
1046 2776 1144 2809 Card.

155 2821 303 2861 Arigonii
315 2820 422 2854 audita
432 2820 586 2851 relatione
598 2818 820 2851 CardNicarii
828 2841 838 2854 ,
848 2818 904 2859 qui
913 2829 1000 2850 novo
1010 2830 1145 2852 concur-

154 2863 233 2895 snex
245 2863 380 2904 eiusdem
397 2862 668 2903 congregationis
688 2862 843 2893 sententia
862 2862 945 2893 inter
955 2861 1056 2894 dicius
1065 2866 1145 2895 duos

155 2916 378 2938 concurrentes
399 2906 432 2937 in
454 2905 543 2937 Urbe
562 2906 690 2940 habito,
723 2905 934 2936 Dominicum
956 2905 1054 2945 inagis
1075 2906 1144 2937 ido-

155 2958 252 2980 neum
271 2949 444 2989 judicavit:
470 2950 633 2980 mandavit
653 2948 868 2980 Parochialem
888 2947 942 2988 ipsi
962 2947 1144 2982 Dominico

102 2999 109 3003 ’
156 2992 349 3032 adjudicari,
378 2994 472 3032 atque
500 2993 621 3024 litteras
650 3001 843 3033 opportunas
862 2991 919 3022 hac
940 2992 979 3023 de
999 3001 1032 3024 re
1052 3002 1140 3033 expe-

155 3035 217 3066 diri
229 3056 238 3064 .
565 3049 583 3070 .-

196 3075 355 3109 Caeterum
365 3077 418 3109 etsi
432 3080 468 3110 ad
488 3078 700 3110 obtinendum
716 3087 838 3109 novum
856 3087 987 3109 examen
1005 3077 1039 3108 in
1060 3077 1144 3119 judi-

155 3120 209 3152 cio
229 3120 444 3159 appellationis
452 3131 519 3153 non
531 3121 566 3153 sit
578 3122 700 3153 necesse
711 3144 721 3157 ,
742 3130 777 3152 ur
787 3120 874 3161 prius
885 3120 1005 3152 constet
1016 3123 1054 3151 de
1065 3121 1141 3152 irra-

157 3163 305 3195 tionabili
325 3163 465 3204 judicio,
494 3174 528 3195 ut
548 3175 584 3196 ex
604 3164 756 3205 praedici-is
776 3165 901 3205 liquet;
934 3164 1141 3195 nihilominus

154 3207 185 3238 S.
196 3206 418 3245 congregatio
435 3207 597 3239 consuevit
617 3218 736 3240 novum
755 3217 887 3239 examen
907 3209 1074 3239 decernere
1085 3209 1140 3238 da—

157 3261 191 3281 to
212 3249 319 3290 aliquo
339 3247 425 3279 fumo
454 3249 762 3287 irrationabilitatis,
790 3253 822 3282 &
845 3250 933 3282 mal-e
952 3249 1138 3290 praeeiecno-

156 3294 204 3324 nis
226 3291 388 3332 Episcopi,
419 3301 452 3322 ut
471 3291 544 3323 satis
562 3294 727 3334 colligitur
746 3304 783 3325 ex
794 3293 953 3326 decisione
977 3292 1138 3324 pistorien.

156 3340 190 3367 ὕ(
200 3346 237 3366 ex
251 3335 320 3367 aliis
332 3333 467 3375 superius
477 3336 582 3367 relatis
592 3359 600 3367 .
611 3337 668 3368 Sed
682 3337 847 3377 exprcssius
858 3337 916 3368 hoc
929 3336 1007 3369 dixit
1019 3336 1053 3367 in
1065 3346 1139 3367 cau—

154 3379 185 3410 sa
191 3379 375 3410 feretrana:
399 3377 485 3409 Nam
495 3377 603 3409 Petrus
613 3379 754 3411 Guceius
766 3390 798 3411 in
809 3380 964 3411 concursu
976 3378 1141 3411 Parochia-

156 3422 196 3453 lis
205 3421 347 3454 Ecclesia·
358 3422 395 3452 ab
406 3420 682 3453 Examinatorious
694 3423 856 3463 aequalitcr
869 3424 1056 3465 approbatus
1065 3421 1138 3456 cum

238 3464 342 3506 Prosp.
361 3467 498 3504 Fagnan.
518 3466 551 3496 in
569 3466 596 3497 J.
616 3464 690 3499 Lab·
705 3466 868 3509 Decretal.

97 409 137 447 36

2023 28 2125 76 405

1187 103 1278 144 Joan.
1299 103 1380 140 Petr.
1398 103 1618 145 ·Migliorino·‚
1637 103 1687 135 sed
1706 101 1792 136 idem
1821 100 2184 144 postpositus‚.appel1:i·

1188 147 1255 184 vit‚
1276 157 1458 188 novumque
1468 147 1502 179 in
1523 146 1614 179 Urbe
1634 144 1955 186 concursumpetiit,
1975 154 2014 176 eo
2029 147 2115 186 quod
2135 145 2178 186 ip-

1185 189 1215 221 se
1236 188 1455 222 esseehoeioi·
1478 190 1512 222 in
1534 189 1731 230 Theologia‚
1765 187 1971 220 Adversarius
1991 187 2066 219 vero
2086 188 2185 220 mini-

1185 232 1257 269 ιῃές
1288 234 1322 265 &
1339 233 1646 276 quia-Migliorinus
1666 242 1734 264 erat
1754 230 1922 263 familiaris
1954 229 2116 271 Episcopi3
2134 232 2185 264 ’δε

1186 275 1273 308 inter
1290 282 1428 318 quatuor
1458 276 1696 309 Examinatores
1706 286 1720 312 ,’
1746 275 1801 315 qui
1826 270 2038 307 interfuerunt
2057 274 2182 306 exami-

1184 318 1239 354 ni,
1261 319 1339 351 alter
1357 318 1436 351 item
1452 327 1563 351 eorum
1581 329 1649 350 erat
1667 317 1813 358 Episcopi
1825 317 2027 358 ¹familiaris,¹
2041 319 2120 349 alter
2131 317 2181 350 as-

1184 360 1322 402 sumptus
1333 364 1370 393 ad
1382 361 1522 393 officium
1534 361 1702 393 secretarii
1710 362 1786 394 ⁴loeo
1804 359 1897 402 ipsiu‘s
1908 359 2093 400 Migliorini
2106 371 2117 396 ;
2138 361 2181 392 al-

1184 413 1232 435 ter
1242 404 1370 436 demum
1381 404 1471 436 valde
1482 405 1646 436 confidens
1658 415 1665 435 :
1680 404 1839 444 iidemque
1851 403 2091 437 Examinatorm
2101 414 2182 436 con-

1184 446 1332 487 traipsius
1352 446 1563 488 responsiones
1574 447 1868 487 argumentatisunt
1879 457 1891 483 ‚·
1902 447 2114 488 responsiones
2126 457 2180 480 ve·
2228 457 2245 474 s

1184 488 1221 521 ro
1239 490 1418 522 Adversarii
1439 490 1551 531 absque
1570 490 1765 530 oppositione
1789 489 1918 522 fuerunt
1937 490 2090 522 admiffaec
2107 489 2177 523 *Die*

1185 543 1239 565 zi.
1260 532 1420 565 Februarii
1445 536 1537 564 1612.
1558 533 1642 565 Sacr.
1663 531 1884 573 congregatio
1903 533 2025 565 censuit
2044 542 2180 565 concur⁴

1184 575 1251 607 sum
1274 586 1393 614 novum
1416 576 1450 607 in
1470 575 1563 607 Urbe
1583 575 1641 608 esse
1662 575 1910 611 instituendum,
1934 577 1989 608 ubi
2008 586 2118 608 orator
2137 578 2177 609 de

1184 618 1318 650 veritate
1339 629 1540 651 narratorum
1567 619 1690 651 dederit
1713 618 1834 649 fumum
1846 640 1856 654 ‚
1889 619 1919 649 id
1939 618 1982 650 cst
2010 620 2176 661 postquam

1187 671 1239 701 per
1263 662 1477 693 attestationes
1508 661 1782 704 exrrajudiciales‚
1801 661 1850 692 vel
1867 661 1930 699 alia
1949 661 2102 695 informia
2121 664 2180 694 do-

1184 714 1336 736 cumenta
1354 707 1393 736 de
1422 705 1600 759 hujusmodi
1630 704 1806 745 suspicione
1816 726 1827 740 ‚
1857 705 1890 735 &
1919 705 2105 744 gravamine
2128 704 2184 737 ali-

1183 749 1312 788 qualem
1333 747 1444 780 fecerit
1464 749 1586 790 fidem,
1608 757 1642 779 ut
1660 747 1700 780 sic
1742 746 1934 787 probabilis,
1965 748 1998 778 δε
2028 747 2182 780 sufficiens

1184 790 1276 823 causa
1285 801 1357 823 eum
1367 791 1490 823 excuset
1508 791 1525 822 ξι
1536 792 1697 823 calumnia
1705 813 1715 827 ‚
1726 799 1792 830 cap.
1807 800 1834 822 1.
1842 787 1947 831 infine
1957 812 1966 826 ‚
1987 788 2024 821 de
2033 791 2117 822 elea.
2128 790 2183 824 lib.

1184 830 1312 874 6.‘gloss.
1322 835 1355 866 in
1365 843 1431 875 cap.
1441 834 1568 876 Sijorte'«
1576 837 1609 867 in
1618 845 1682 866 ver.
1695 835 1820 866 initium
1829 855 1840 870 ‚
1849 831 1987 875 verſsVel
1996 832 2045 865 dic
2055 843 2160 872 quarto
2171 856 2184 871 ‚

1183 878 1245 908 eod.
1257 880 1308 910 tit.
1321 875 1358 909 &
1367 875 1421 909 lib.

1228 918 1377 952 Ulterius
1398 916 1580 961 QUAERO
1601 943 1610 957 ‚
1642 931 1678 953 ex
1698 920 1813 961 quibus
1832 920 2081 960 deprehendatur
2101 919 2184 962 judi·
2206 929 2247 961 40

1186 963 1274 995 cium
1285 963 1428 1005 Episcopi
1439 964 1528 996 fuisse
1551 964 1772 996 irrationabile
1792 963 1827 995 in
1838 963 2054 1004 prceelec'tione
2071 963 2182 996 mimis

1186 1007 1294 1039 idonei
1317 1007 1400 1039 inter
1413 1008 1514 1048 plures
1525 1017 1751 1040 concurrentes
1763 1029 1773 1044 ,
1796 1008 1834 1040 ad
1846 1005 2064 1040 Parochialem
2071 1006 2186 1039 Ecclee

1187 1050 1263 1082 siam
1275 1073 1282 1081 .
1895 1059 1897 1061 ’
2112 1065 2115 1068 ·
2133 1072 2134 1075 ,
2164 1061 2181 1075 η’

1229 1094 1325 1125 Anno
1339 1097 1429 1126 1603.
1441 1095 1543 1126 mense
1555 1093 1688 1135 Augusti
1699 1093 1826 1126 vacavit
1838 1092 2031 1126 parochialis
2039 1093 2180 1127 Ecclesia
2196 1102 2236 1134 41

1185 1136 1216 1167 S.
1236 1135 1319 1168 Petri
1329 1136 1448 1169 Casalis
1460 1136 1608 1170 Plebania
1626 1146 1828 1177 nuncupata,
1846 1135 2181 1169 Pistorien.dioecefis.

1185 1178 1351 1220 Episcopus
1372 1179 1476 1212 statim
1495 1181 1623 1212 vocavit
1644 1191 1695 1220 per
1706 1178 1844 1211 edietum
1863 1190 1972 1211 omnes
1993 1190 2177 1219 camparere

1185 1223 1328 1254 volentes
1338 1233 1413 1255 cum
1430 1223 1570 1255 termino
1589 1225 1700 1255 decem
1719 1223 1842 1254 dierum
1854 1245 1861 1253 .
1882 1221 1992 1262 Qiem
2014 1223 2047 1254 iii
2068 1223 2183 1256 ultima

1184 1266 1235 1297 die
1247 1266 1379 1297 termini
1393 1269 1430 1298 ad
1441 1266 1528 1298 diem
1547 1266 1728 1307 sequentem
1747 1266 1953 1306 prorogavit:
1974 1267 2005 1297 &
2028 1265 2131 1308 postea
2139 1276 2180 1298 eo

1183 1309 1235 1340 die
1247 1309 1390 1350 sequenti
1411 1310 1546 1342 secunda
1564 1310 1634 1341 vice
1646 1308 1828 1351 prorogavit
1848 1309 2022 1341 terminum
2041 1311 2078 1340 ad
2102 1309 2182 1341 alios

1183 1354 1292 1384 decem
1304 1353 1370 1384 dies
1382 1376 1389 1382 .
1416 1354 1502 1384 Intra
1511 1353 1685 1384 terminum
1702 1354 1740 1384 ad
1757 1351 1949 1384 concursum
1960 1351 2078 1393 'praeter
2100 1352 2181 1384 alios

1184 1405 1429 1435 comparuerunt
1438 1395 1578 1427 Thomas
1588 1394 1741 1427 Cellesius
1751 1417 1761 1431 ,
1783 1396 1816 1426 &
1827 1394 1938 1426 Fabius
1948 1396 1987 1426 de
1996 1395 2182 1427 Verdechiis

1183 1440 1221 1470 de
1233 1439 1432 1470 Mammiano
1444 1461 1453 1475 ,
1473 1448 1606 1480 uterque
1619 1438 1812 1470 pistoriensis
1821 1437 1965 1470 dioecesis
1979 1461 1988 1470 .

1227 1481 1272 1513 Ex
1284 1482 1426 1522 quinque
1438 1482 1718 1513 Examinatoribus
1727 1480 1937 1524 Synodalibus
1948 1503 1958 1518 ,
1978 1481 2013 1514 in
2033 1481 2092 1513 hoc
2104 1491 2180 1514 con-

1183 1524 1275 1555 cursu
1284 1534 1346 1556 tres
1361 1525 1495 1556 adhibiti
1517 1525 1587 1556 sunt
1600 1525 1637 1556 ab
1656 1522 1806 1566 Episcopo
1819 1546 1829 1561 ,
1849 1523 1968 1556 relictis
1988 1525 2183 1567 Honuphrio

1182 1565 1320 1600 Cellefio
1332 1568 1379 1600 uti
1390 1568 1627 1608 consanguineo
1646 1567 1777 1599 Thomae
1790 1590 1800 1604 ‚
1819 1566 1983 1600 &cosmo
2002 1568 2180 1601 Braccioli-

1183 1621 1227 1641 no
1237 1636 1244 1642 .
1276 1610 1405 1644 PeraClo
1421 1613 1574 1652 ‚examine
1585 1634 1595 1648 ‚
1627 1611 1859 1644 examinatores
1887 1610 2034 1651 suffragia
2063 1611 2182 1645 secreta

1182 1655 1345 1691 tulerunt,
1367 1654 1551 1696 &inspeetis
1562 1654 1662 1690 fabis,
1682 1654 1794 1686 Fabius
1811 1654 1959 1686 inventus
1970 1654 2012 1686 est
2031 1656 2188 1696 approba-v

1182 1707 1233 1729 tus
1251 1699 1288 1729 ab
1307 1698 1455 1729 omnibus
1476 1697 1754 1729 Examinatoribus
1774 1707 1827 1738 per
1849 1707 1911 1729 tres
1935 1696 2020 1729 fabas
2040 1698 2146 1739 nigras
2168 1710 2176 1729 ε

1182 1739 1322 1772 Thomas
1343 1740 1446 1772 veroa
1466 1742 1589 1773 duobus
1606 1751 1657 1781 per
1676 1742 1754 1772 duas
1776 1740 1902 1781 nigras,
1923 1750 1996 1772 cum
2019 1741 2119 1773 altera
2135 1740 2180 1773 es-

1182 1783 1226 1815 set
1237 1784 1307 1815 alba
1324 1783 1489 1824 Episcopus
1501 1784 1631 1815 Fabium
1641 1783 1820 1825 digniorem
1827 1783 2050 1824 pronuntiavit
2062 1807 2072 1821 ‚
2084 1784 2176 1826 eique

1182 1826 1399 1858 parochialem
1407 1827 1547 1858 contulit
1558 1850 1566 1858 .
1587 1826 1726 1858 Thomas
1736 1827 1774 1858 ab
1784 1827 1841 1858 hac
1853 1827 2118 1868 pronuntiatione
2138 1829 2178 1860 ad

1183 1870 1472 1911 Metropolitanum
1492 1870 1680 1911 appellavit,
1710 1870 1743 1902 δε
1763 1869 1953 1902 sententiam
1973 1869 2182 1904 favorabilem

1182 1914 1325 1945 obtinuit
1335 1936 1345 1950 ,
1356 1913 1372 1943 a
1383 1923 1443 1954 qua
1453 1914 1476 1945 ‘F
1479 1914 1568 1945 abins
1579 1913 1755 1954 appellavit,
1767 1915 1799 1945 &
1809 1913 1934 1945 causam
1943 1913 1977 1946 in
1988 1912 2077 1945 Rota
2089 1925 2180 1946 com-

1184 1957 1271 1988 mitti
1283 1957 1444 1988 obtinuit.
1466 1956 1525 1989 Sed
1544 1956 1626 1988 hunc
1650 1956 1780 1997 supplici
1802 1956 1911 1988 libello
1920 1955 2121 1989 sanctissimo
2132 1957 2174 1990 D.

1183 1998 1227 2048 N.
1244 2011 1264 2049 ².
1281 1999 1407 2032 Thoma
1417 1999 1578 2041 porrecto,
1598 1999 1690 2033 causa
1707 1999 1871 2032 commiffa
1893 1999 1935 2032 est
1953 2000 1984 2034 S.
1995 1999 2180 2043 congrega-

1184 2052 1266 2075 tioni
1278 2068 1285 2075 .

1226 2086 1365 2119 Thomas
1385 2087 1551 2128 praetendit
1569 2087 1724 2129 judicium
1736 2086 2097 2128 EpiscopiPistorienfis,
2118 2088 2174 2130 qui
2194 2099 2236 2132 42,

1184 2129 1232 2161 illi
1242 2130 1376 2171 praetulit
1387 2131 1517 2171 Fabium
1525 2153 1536 2167 ‚
1557 2130 1646 2164 fuisse
1657 2130 1875 2162 irrationabile
1885 2141 1923 2162 ex
1932 2130 2053 2173 duplici
2062 2132 2177 2173 capite.

1183 2172 1289 2205 Primo
1299 2174 1375 2214 quia
1386 2196 1395 2211 ‚
1406 2184 1440 2206 ut
1453 2174 1497 2206 ait
1509 2197 1519 2211 ‚
1540 2174 1684 2215 pluribus
1693 2174 1900 2214 qualitatibus
1915 2173 2092 2206 adversario
2103 2185 2178 2216 prae-

1183 2217 1314 2248 stantior
1326 2216 1368 2248 est
1379 2241 1387 2248 .
1411 2217 1559 2250 Secundo
1566 2217 1642 2258 quia
1652 2216 1819 2258 Episcopus
1839 2217 1962 2258 speciali
1975 2216 2087 2249 affeetu
2098 2228 2173 2260 erga

1184 2260 1311 2291 Fabium
1323 2269 1428 2292 motus
1440 2259 1482 2292 est
1502 2263 1538 2293 ad
1553 2260 1757 2292 'udicandum
1778 2259 1870 2294 illum
1892 2260 1993 2301 magis
2006 2260 2179 2299 idoneum,

1182 2301 1471 2344 conferendamque
1482 2303 1537 2346 ipsi
1546 2271 1763 2336 i‘arochialeiu
1772 2326 1780 2334 .

1223 2345 1342 2388 Qioad
1353 2346 1489 2387 primum
1501 2369 1510 2383 ,
1521 2346 1543 2378 si
1554 2346 1623 2379 alia:
1633 2346 1804 2388 qualitates
1815 2369 1825 2383 ,
1847 2356 1977 2386 excepta
1987 2347 2156 2387 prudentia
2165 2369 2176 2384 ,

1183 2389 1344 2430 utriusque
1357 2389 1441 2421 inter
1452 2389 1481 2422 se
1491 2389 1718 2425 conferantur,
1741 2399 1805 2421 non
1825 2399 1940 2429 magna
1958 2389 2042 2421 inter
2061 2400 2115 2421 eos
2125 2400 2182 2422 re-·

1181 2433 1318 2474 perietur
1327 2431 1506 2465 differentia
1516 2456 1523 2464 .
1535 2432 1621 2464 Nam
1632 2432 1665 2463 in
1675 2432 1860 2472 quibusdam
1872 2431 1942 2463 sunt
1953 2431 2015 2464 fere
2026 2434 2173 2473 aequales,

1182 2477 1217 2508 in
1226 2475 1411 2517 quibusdam
1425 2476 1503 2508 alter
1513 2485 1598 2507 nunc
1609 2474 1730 2516 superat
1740 2475 1874 2507 alterurn
1885 2497 1895 2510 ,
1913 2474 1998 2506 nuric
2010 2474 2171 2516 superatur

1182 2520 1220 2552 ab
1232 2520 1348 2551 altero.
1360 2518 1445 2550 Nam
1455 2520 1559 2559 quoad
1571 2527 1696 2550 aetatem
1706 2518 1775 2550 sunt
1787 2516 1883 2549 fei-me
1896 2528 1993 2558 pares,
2004 2517 2079 2550 cum
2088 2518 2175 2551 Tho-

1182 2573 1248 2595 mas
1259 2562 1295 2594 sit
1306 2561 1405 2593 aetatis
1426 2571 1583 2593 annorum
1603 2561 1736 2602 triginta
1747 2583 1757 2597 ,
1787 2563 1821 2593 ὃ(
1832 2560 1942 2593 fabius
1953 2570 2109 2594 annorum
2120 2561 2177 2596 tri-

1182 2606 1273 2647 ginta
1282 2607 1417 2636 duorum
1427 2627 1435 2635 .
1794 2614 1800 2620 ·

1223 2648 1342 2690 Qioad
1362 2646 1521 2688 originem
1532 2657 1661 2690 quoque
1679 2656 1811 2688 uterque
1823 2647 1864 2681 est
1880 2647 2077 2680 dioecesanus
2087 2659 2102 2686 ‚-
2121 2648 2172 2681 sed

1182 2691 1320 2723 Thomas
1331 2701 1366 2722 ex
1379 2689 1523 2723 Civitate
1535 2713 1544 2727 ,
1565 2690 1720 2723 Fabius'ex
1728 2691 1854 2723 dioecesi
1866 2714 1874 2723 .

1222 2734 1340 2777 Qioad
1352 2735 1484 2773 gradum
1495 2756 1506 2770 ,
1515 2733 1656 2766 Thomas
1667 2733 1709 2765 est
1719 2734 1744 2774 J.
1754 2733 1800 2766 U.
1812 2733 1933 2766 1)οᾶοε
1942 2757 1952 2771 ‚
1964 2735 1997 2766 &
2008 2733 2050 2766 sic
2060 2732 2168 2766 Cano·
2188 2745 2231 2777 43

1181 2776 1280 2813 nilla,
1299 2776 1408 2808 fabius
1429 2776 1504 2808 vero
1522 2776 1723 2817 Theologus.
1743 2777 1780 2808 In
1795 2777 1872 2810 locis
1883 2786 1990 2809 autem
2009 2778 2049 2809 de
2068 2776 2170 2809 liaeresi

1180 2831 1247 2852 non
1258 2818 1397 2860 suspeffis
1408 2818 1581 2852 Canonista
1599 2819 1804 2861 praeferendus
1820 2820 1863 2852 est
1871 2820 2059 2861 Th-eologo‚
2081 2819 2171 2852 Host.

1179 2873 1273 2903 quem
1283 2863 1374 2903 Joan.
1384 2863 1484 2894 Andr.
1494 2863 1574 2895 Abb.
1593 2865 1627 2895 δι
1637 2863 1742 2895 caeteri
1754 2862 1909 2896 Doctores
1920 2864 2091 2904 sequuntur
2101 2886 2112 2899 ,
2134 2864 2168 2895 in

1179 2918 1214 2937 ca
1216 2915 1245 2947 p.
1261 2916 1284 2937 1.
1297 2905 1334 2936 de
1343 2908 1371 2936 C
1371 2904 1490 2946 onsang.
1502 2906 1540 2938 <ff
1549 2906 1697 2948 affinitat.
1710 2906 1808 2938 Felin.
1817 2909 1850 2939 in
1857 2916 1925 2948 cap.
1936 2907 2050 2939 Clerici
2061 2929 2070 2943 ‚
2089 2917 2169 2939 num.

1183 2958 1210 2988 5.
1222 2947 1366 2991 dtJudic.

1221 2991 1338 3033 Qioad
1349 2992 1571 3024 conditionem
1581 2992 1779 3033 personarum
1790 3015 1800 3029 ‚
1819 2992 1958 3025 Thomas
1968 2993 2009 3031 est
2021 2992 2139 3025 nobilis
2151 3014 2160 3028 ‚
2182 3003 2225 3034 44

1178 3034 1287 3066 Fabius
1299 3035 1372 3066 vero
1384 3045 1449 3066 non
1470 3036 1547 3066 item
1560 3046 1572 3070 ,=
1593 3035 1708 3067 nobilis
1728 3045 1833 3068 autem
1844 3037 1964 3068 caeteris
1973 3037 2107 3077 -paribus
2119 3035 2160 3066 est

1177 3078 1313 3117 ignobili
1324 3077 1528 3118 praeferendus
1540 3101 1549 3114 ‚
1559 3078 1715 3110 Lamberr.
1726 3079 1790 3120 post
1798 3079 1876 3112 alios
1885 3075 2164 3120 dejurepaerdibiz.

1175 3130 1204 3161 p.
1218 3131 1248 3162 3.
1259 3133 1291 3152 m
1304 3130 1331 3159 5.
1343 3131 1439 3161 princ.
1451 3130 1513 3152 art.
1528 3131 1554 3161 3.
1566 3133 1594 3152 η.
1610 3131 1635 3152 1.

1218 3164 1336 3205 Qioad
1347 3163 1503 3195 Ordinem
1514 3186 1523 3199 ,
1535 3163 1649 3196 Thom.
1661 3164 1702 3196 est
1712 3166 1902 3198 constitutus
1914 3163 2038 3197 tantum
2047 3164 2081 3195 in
2091 3173 2166 3205 qua-

1175 3216 1248 3238 tuor
1259 3207 1424 3238 ordinibus
1443 3207 1643 3243 munoribus,-
1666 3208 1780 3240 Fabius
1798 3208 1872 3240 vero
1884 3208 2100 3242 estSacerdos,
2124 3208 2158 3238 &

1176 3250 1310 3281 versatus
1321 3249 1354 3280 in
1364 3249 1519 3281 exercitio
1529 3260 1604 3291 cure
1612 3251 1787 3283 animarum
1799 3275 1806 3282 .
1818 3252 1877 3282 Sed
1888 3260 1993 3282 tamen
2004 3259 2078 3281 cum
2088 3249 2164 3281 aliis

1173 3292 1334 3333 quaesitum
1346 3292 1441 3324 fuerit
1452 3315 1461 3328 ,
1482 3303 1522 3324 an
1532 3303 1568 3324 ex
1579 3295 1717 3333 pluribus
1729 3317 1739 3330 ‚
1749 3304 1883 3335 quorum
1893 3292 1992 3334 aliqui
2004 3293 2039 3324 in
2048 3292 2160 3324 ordine

1174 3335 1407 3377 l’resbyteratus
1417 3336 1683 3373 constitutisunt,
1707 3337 1880 3377 aliquinon
1889 3335 1982 3372 sunt,
2001 3337 2034 3367 &
2054 3344 2164 3367 omnes

1175 3381 1212 3410 ab
1224 3378 1963 3415 Examinatoribusrenuntiatifueruntidonei,
1983 3377 2075 3419 poffit
2096 3378 2165 3418 Epi-

1173 3421 1281 3463 scopus
1302 3422 1470 3454 secundum
1480 3421 1724 3463 {dispositionem
1741 3430 1808 3462 cap.
1822 3420 1941 3463 18.scff.
1953 3431 2003 3462 24.
2023 3420 2163 3462 praeferre

1774 3475 1790 3495 c
1839 3474 1854 3505 3
2031 3474 2120 3499 eum,
