2397 3664
320 89 390 153 58·

245 169 453 210 quascumque
461 163 647 208 opiniones,
670 162 764 195 modo
775 161 831 193 illa·
842 160 898 190 sint
909 160 1098 200 probabiles,
1118 169 1230 200 quam-

243 213 291 243 vis
299 210 444 252 oppositae
454 207 513 241 sint
523 207 741 249 probabiliores
751 224 761 238 ,
783 213 816 234 ut
824 203 942 235 constat
955 213 990 234 ex
1000 202 1093 234 dietis
1103 204 1135 233 in
1150 211 1173 233 t.
1182 213 1228 240 qu.

243 266 291 286 nu.
305 262 351 293 55.
361 252 483 295 Ergo&
495 252 529 284 in
539 250 705 282 moralibus
721 248 804 277 idem
813 246 883 277 licet
891 244 1001 287 absque
1011 246 1149 286 periculo
1160 255 1230 286 pec-

243 299 327 331 cati,
347 296 421 328 crim
436 297 474 327 de
483 293 630 325 similibus
649 292 733 324 idem
743 288 779 321 sit
799 289 968 330 judicium,
989 300 1014 321 c.
1026 289 1112 320 Inter
1128 296 1230 334 corpo-

244 342 327 372 ralia
335 338 372 371 de
389 338 501 370 transl.
511 338 539 368 E
539 335 611 376 pise.
685 368 686 372 Ἰ

286 382 461 415 Moventur
473 377 604 423 quinto,
623 376 698 417 qula
711 377 855 417 quamvis
866 375 950 415 sequi
972 373 1230 416 probabiliorem,

245 437 281 458 ac
292 425 442 457 tutiorem
453 423 487 453 sit
497 419 623 461 majoris
642 418 861 460 perfeetionis3
881 427 987 449 tamen
996 417 1092 449 nemo
1106 427 1231 449 tenetur

246 469 344 502 adid,
367 468 450 508 quod
463 462 626 505 perfectius
634 461 694 500 est;
717 461 766 495 sed
784 460 911 496 sufficit,
931 470 966 492 ut
976 460 1116 502 sequatur
1134 459 1232 502 perfe-

246 511 334 543 &um
343 520 398 545 ,ac
408 516 529 541 tutum,
549 503 682 538 amiud
694 515 705 536 1
716 514 741 536 1.
751 514 811 543 q.1.
822 505 1018 544 c.lntegritas
1030 513 1075 543 32.
1088 513 1114 542 q.
1130 513 1154 534 1.
1164 511 1228 542 cap.

247 553 388 598 Qifitit
398 572 408 586 ‚
423 552 456 582 &
468 550 509 582 ibi
520 549 560 590 gl.
570 551 602 580 in
612 547 693 588 verfi
702 548 824 579 Nolitis
839 556 885 588 33·
894 556 921 585 q.
933 554 959 587 5.
969 557 1062 588 opera
1070 549 1155 578 enim
1166 557 1232 578 ma-

248 596 322 638 joris
332 593 531 636 perfectionis
548 602 613 624 non
624 591 693 624 sunt
714 592 856 633 praecepti
867 611 878 625 ,
899 589 949 621 sed
958 589 1079 622 consilii
1089 588 1231 623 tantum,

268 640 328 670 uod
339 647 403 669 non
412 636 452 669 est
460 636 683 678 obligatorium
692 654 702 669 ‚
718 637 743 666 e.
753 634 897 680 Quisquis
901 635 1054 673 preceptis
1068 642 1114 673 14·
1124 641 1150 670 q.
1164 642 1188 663 1.
1197 634 1231 664 &

278 683 346 712 lem.
358 681 463 711 Exivi
472 699 482 714 ,
500 681 527 716 §.
537 677 617 714 ciam
627 679 721 718 igitur
730 679 763 709 in
771 678 880 717 primis
888 675 926 708 de
935 674 1092 708 verborum
1096 676 1180 718 figm'
1180 672 1205 715 fi
1206 686 1230 706 c.

244 724 414 761 secundum
433 723 507 754 illud
519 721 634 753 Matth.
650 731 696 757 19.
709 730 757 752 21.
767 722 806 752 Si
815 721 864 751 vis
882 717 1030 763 perfectus
1037 717 1090 759 esse
1100 738 1111 752 ‚
1132 716 1231 752 vade,

245 766 344 800 vende
353 777 410 806 quae
419 762 507 797 habes
515 785 526 800 ,
547 763 585 797 ά
593 763 633 795 da
641 772 697 803 pau
700 761 818 803 peribus
826 782 836 797 2
857 763 890 795 &
899 762 1033 794 declarat
1051 761 1079 792 S.
1089 760 1231 792 Thomas

245 814 279 845 in
293 819 318 841 1.
331 821 357 842 2.
366 819 411 848 qu.
426 811 493 841 108.
504 817 565 839 ar-t.
576 818 605 848 4.
617 806 674 838 Sed
681 808 737 847 qui
746 805 881 847 sequitur
889 806 1074 845 opinionem
1090 804 1231 843 probabi-

245 855 325 888 lem,
346 851 455 885 reliEka
478 850 693 892 probabiliori,
718 848 852 890 sequitui·
873 850 957 889 quod
975 847 1015 878 est
1031 845 1201 887 pei-fectum
1221 867 1232 881 ,

245 908 282 930 ac
303 905 427 932 tutum3
450 895 599 936 judicium
615 894 702 924 enim
725 892 879 933 probabile
890 901 954 921 non
975 889 1085 921 definit
1094 889 1150 921 esse
1171 889 1232 921 tale

244 951 282 974 ex
304 950 342 971 eo
351 960 361 973 ‚
383 937 468 980 quod
490 938 684 969 contrarium
701 934 738 967 sit
757 934 942 975 probabilius
952 953 962 967 ,
983 942 1040 963 nec
1057 934 1109 963 via
1132 941 1184 975 per
1204 932 1232 963 se

246 981 400 1025 perfecta,
422 991 456 1012 ac
468 989 534 1012 tuta
545 981 660 1010 dicitur
674 978 729 1009 else
740 975 939 1017 imperfecta,
963 977 995 1007 &
1016 974 1183 1015 periculosa
1195 985 1232 1007 ex

245 1037 303 1059 eo,
323 1024 407 1069 quod
417 1024 477 1055 alia
486 1022 520 1053 sit
532 1023 668 1062 planior,
691 1030 726 1051 ac
736 1020 887 1054 securior,
906 1016 971 1049 imo
981 1020 1239 1058 comparativum·

246 1068 452 1112 praesupponit
463 1064 630 1107 positivum
639 1083 648 1097 ,
671 1063 727 1101 leg.
739 1059 799 1095 Ubi
814 1071 912 1093 autem
923 1072 981 1093 non
998 1069 1132 1100 oportet,
1146 1059 1185 1102 ff.
1196 1060 1233 1091 de

246 1109 329 1145 verb.
339 1108 478 1149 oblig.Jo.
490 1108 585 1139 Andr.
597 1108 629 1137 in
638 1117 662 1137 c.
673 1103 753 1138 Ciem
763 1105 906 1138 dilet‘lus,
930 1115 994 1136 ver.
1006 1105 1174 1142 Digniores
1195 1101 1232 1134 de

245 1154 328 1189 elea.
340 1155 372 1185 &
382 1151 587 1192 comparativi
599 1158 709 1180 natura
719 1148 760 1179 est
769 1149 941 1188 relinquere
963 1146 1099 1179 formam
1109 1147 1232 1187 positivi

244 1201 277 1231 in
287 1205 425 1229 extremo
434 1214 444 1228 ‚
465 1193 486 1225 l.
496 1191 577 1225 Citm
587 1190 669 1231 filius
677 1211 688 1226 ,
708 1193 733 1228 §.
744 1188 824 1223 Ciam
832 1198 920 1231 pater
929 1210 940 1226 ,
952 1188 991 1232 ff.
1001 1188 1038 1221 de
1048 1190 1103 1229 leg.
1115 1203 1140 1223 2.
1151 1189 1233 1230 Ergo

247 1239 372 1272 licitum
389 1237 429 1269 est
440 1236 525 1278 sequi
545 1234 730 1281 opinionem
739 1234 927 1276 probabilem
935 1253 946 1271 ²
965 1233 1073 1269 omissa
1091 1233 1233 1275 probabi-

244 1283 337 1317 liori,
359 1291 395 1313 ac
405 1279 535 1312 tutiori.

288 1325 464 1357 Moventur
481 1321 564 1355 sexto
574 1342 584 1357 ‚
603 1323 678 1363 qula
696 1322 888 1354 intolerabile
897 1331 977 1353 onus
998 1321 1068 1352 esset
1079 1341 1088 1355 ,
1110 1322 1143 1352 &
1154 1319 1231 1350 mul-

243 1371 285 1402 tis
298 1368 445 1408 scrupulis
453 1367 625 1398 obnoxium
635 1386 645 1400 ‚
669 1365 688 1396 si
699 1366 732 1397 in
749 1367 837 1397 omni
848 1365 978 1396 materia
997 1373 1173 1396 teneremur
1185 1365 1231 1393 in-

242 1412 393 1453 vestigare
413 1412 579 1451 opiniones
601 1411 700 1448 magis
722 1409 891 1449 probabiles
913 1419 920 1438 x
944 1406 1078 1439 Ecclesia
1100 1416 1204 1437 autem
1222 1426 1231 1439 ,

242 1455 318 1487 cum
329 1454 364 1485 fir
376 1453 426 1494 pia
438 1463 535 1484 mater
543 1473 552 1487 ‚
575 1462 638 1483 non
648 1453 738 1483 debet
748 1451 842 1482 alicui
852 1452 995 1491 laqueum
1006 1450 1132 1491 injicere
1140 1469 1150 1483 ‚
1168 1456 1230 1487 cap.

245 1500 299 1531 De
308 1497 415 1529 viduis
423 1517 434 1531 ,
451 1496 476 1527 il
487 1507 513 1527 2.
526 1504 574 1533 27.
584 1504 610 1533 q.
627 1504 650 1526 1.
663 1505 718 1526 nec
728 1504 918 1536 quemquam
927 1494 1072 1525 oneribus
1083 1494 1232 1532 importa-

244 1541 359 1574 bilibus
371 1540 495 1581 alligare
504 1559 515 1574 ,
524 1538 711 1576 c-Alligant‚
722 1535 958 1578 26.quaest.ult.&
969 1545 1080 1567 norant
1088 1536 1230 1576 Jo-Andr.

241 1587 277 1618 δέ
287 1585 405 1616 Anton.
416 1584 452 1614 de
464 1582 546 1614 Butr.
556 1583 587 1613 in
598 1592 622 1613 c.
633 1582 780 1614 Dolentes
790 1583 871 1612 circa
892 1578 943 1617 fin.
955 1578 992 1611 de
1001 1576 1106 1611 celebr.
1118 1576 1231 1618 Mista-

241 1639 310 1659 rum
320 1649 328 1656 .
339 1627 427 1659 Adde
436 1646 446 1660 s
454 1625 653 1667 quodJugum
665 1627 692 1656 C
692 1622 782 1665 hristi
783 1623 881 1664 suave
891 1621 950 1663 est,
973 1621 1010 1655 ὠ·
1019 1633 1091 1653 onus
1099 1622 1167 1653 leve
1178 1641 1187 1654 ,
1198 1630 1231 1652 ut

241 1672 355 1713 legitur
365 1668 481 1700 Martii.
489 1677 500 1698 1
511 1665 576 1700 L&
586 1666 747 1700 Mandata
755 1665 936 1705 eiusgravia
945 1663 1230 1706 nonsunt,Jo.Epist.

245 1724 272 1746 1.
283 1723 337 1751 c.5.
347 1710 384 1744 ὠ·
393 1714 512 1745 Ducam
520 1720 549 1742 te
558 1711 745 1752 persemitas
753 1711 901 1747 equitatis
910 1730 920 1743 ,
931 1719 1002 1746 quas
1010 1707 1078 1740 ciam
1087 1706 1231 1747 ingreſjus

235 1757 350 1801 fueris,
359 1766 418 1789 non
425 1751 618 1786 arctabuntur
626 1752 737 1793 gressus
746 1755 812 1786 tui,
824 1751 945 1783 Prover.
957 1763 985 1790 4.
994 1752 1035 1782 At
1046 1751 1065 1783 si
1077 1752 1165 1782 nobis
1177 1760 1231 1780 ne-

240 1798 401 1832 cessarium
411 1798 481 1828 eiset
491 1799 523 1828 in
535 1797 643 1829 nostris
661 1795 781 1828 ac'tibus
792 1795 907 1835 semper
929 1795 1110 1825 adinvenire
1123 1797 1230 1833 proba-

241 1845 363 1874 biliores
386 1841 552 1872 sententias
563 1850 618 1880 pro
628 1840 731 1880 regula
743 1839 915 1871 nostrarum
925 1839 1144 1878 operationum
1153 1856 1161 1869 ‚
1185 1836 1230 1877 ju-

240 1896 317 1927 gum
325 1884 440 1917 Christi
450 1884 545 1914 nimis
552 1892 646 1924 grave
655 1883 833 1913 redderetur
843 1901 852 1915 ,
870 1882 901 1912 δε
912 1882 1080 1912 admodum
1092 1878 1231 1911 difficilia

241 1929 343 1962 forent
355 1928 438 1958 illius
449 1927 617 1960 mandata,
639 1934 731 1965 atque
743 1925 775 1955 in
794 1924 845 1955 via
854 1923 1016 1963 Euangelii
1038 1922 1172 1954 multum
1182 1932 1229 1952 ar—

241 1972 401 2004 &arentur
410 1969 521 2010 gressus
532 1968 627 2001 nostri
637 1990 644 1998 .
668 1966 835 1999 Praesertim
845 1966 919 1998 vero
929 1986 938 2001 ,
959 1966 1033 2007 quia
1042 1967 1090 1998 lex
1113 1963 1229 1997 Christi

240 2017 366 2046 videtui·
375 2013 431 2045 effe
443 2013 488 2043 lex
500 2012 649 2043 libertatis
658 2031 668 2045 ‚
681 2010 847 2042 secundum
858 2010 931 2041 illud
942 2009 1079 2050 Apostoli
1089 2010 1127 2040 ad
1137 2008 1230 2039 Gala-

240 2067 288 2090 tas
297 2057 451 2099 ÷·31]am
462 2066 518 2086 non
528 2057 626 2092 sumus
637 2052 699 2092 filii
707 2053 823 2086 ansillae
831 2051 903 2094 ‚sed
913 2053 1011 2084 liberae
1020 2073 1030 2087 ,
1040 2062 1094 2090 qua
1104 2048 1231 2083 liberta-

241 2110 272 2133 te
281 2101 410 2132 vocavit
418 2109 468 2129 nos
478 2100 629 2130 Dominus
637 2118 648 2133 ,
666 2099 699 2133 ὅ(
708 2096 808 2138 Jacob.
823 2106 847 2127 1.
860 2104 907 2135 25.
916 2096 980 2141 ρξε’
995 2095 1186 2136 perspexerit
1196 2095 1230 2125 in

241 2145 336 2182 legem
343 2140 507 2185 perfeflam
529 2138 683 2172 libertatis
691 2163 698 2171 .
721 2138 858 2171 Servitus
875 2148 979 2170 autem
990 2137 1134 2178 perquam
1154 2138 1232 2168 dura

244 2187 315 2219 esset
322 2206 332 2220 ‚
353 2186 374 2217 si
384 2194 534 2226 praecepto
543 2183 802 2224 adstringeremur
810 2183 848 2213 ad
857 2181 1105 2221 investigandum
1116 2178 1232 2219 semper

245 2228 411 2262 sententias
421 2227 520 2269 magis
532 2227 702 2268 probabiles
712 2246 721 2260 ,
731 2235 764 2258 ut
772 2234 865 2266 opera
875 2223 975 2255 nostra
983 2223 1077 2254 essent
1085 2221 1170 2253 resta
1180 2243 1188 2251 .

286 2273 460 2304 Moventur
471 2270 619 2311 septimo,
640 2271 714 2311 quia
724 2268 925 2300 fundamenta
934 2266 1061 2300 omnia,
1077 2274 1233 2306 quotquot

243 2316 281 2349 ab
291 2316 549 2355 impugnantibus
559 2313 647 2345 usum
658 2312 910 2353 probabilitatum
920 2309 1088 2341 afferuntur
1096 2328 1106 2342 ‚
1124 2309 1162 2339 ad
1172 2308 1231 2339 hoc

243 2368 342 2391 unum
361 2359 500 2389 tamdem
511 2356 619 2388 reduci
637 2357 783 2390 videntur
791 2363 951 2394 tamquam
973 2354 1010 2383 ad
1021 2351 1108 2383 suum
1118 2353 1233 2391 princi⁴

246 2404 342 2443 pium,
353 2399 464 2438 nempe
473 2401 512 2432 ad
520 2399 724 2431 formidinem
735 2418 743 2432 ‚
752 2407 819 2438 quae
831 2396 1038 2437 probabilitati
1050 2394 1233 2434 inseparabi-

246 2445 316 2476 liter
326 2453 447 2474 annexa
457 2443 513 2473 est.
529 2441 575 2472 Ex
586 2442 644 2473 hac
653 2443 740 2473 enim
751 2438 919 2472 formidine
927 2448 1076 2479 tanquam
1086 2447 1122 2468 ex
1130 2438 1234 2468 radice

246 2490 401 2520 deducunt
412 2506 421 2520 ‚
442 2485 593 2526 judiciuin
604 2485 758 2525 probabile
767 2504 777 2517 ‚
796 2482 845 2514 seu
855 2484 938 2523 quod
949 2483 1033 2513 idem
1044 2481 1084 2512 est
1094 2500 1103 2515 ,
1124 2479 1235 2520 opina-

247 2533 427 2563 tivum‚non
438 2528 546 2559 babere
557 2529 778 2559 certitudinem
790 2526 939 2556 moralem
949 2523 1118 2555 secundtim
1125 2531 1236 2554 omnes

250 2573 426 2614 requisitam
434 2573 471 2603 ad
480 2570 562 2602 recte
570 2572 760 2610 operandum
770 2580 779 2606 3
795 2568 874 2609 quin
885 2566 987 2608 potius
995 2567 1051 2598 effe
1061 2568 1214 2597 incertum
1224 2585 1236 2600 ,

250 2617 393 2648 variabile
404 2636 414 2650 ,
430 2616 464 2648 &
480 2613 651 2656 expositum
673 2612 811 2654 periculo
820 2611 934 2642 divinae
944 2609 1083 2646 offensae3
1103 2608 1235 2648 ideoque

252 2669 317 2690 non
327 2659 380 2689 esse
390 2658 527 2698 regulam
534 2658 682 2697 operandi
692 2654 786 2688 reike,
794 2656 826 2686 &
837 2663 908 2685 cum
921 2652 1099 2693 prudentia.
1109 2650 1236 2691 Qam-

252 2702 358 2732 obrem
376 2701 396 2732 si
418 2701 586 2732 destruatur
596 2699 655 2730 hoc
666 2697 905 2730 fundamentum
917 2695 1092 2726 formidinis
1102 2714 1112 2728 ‚
1134 2703 1237 2725 totum

252 2744 418 2775 aediiicium
425 2742 589 2776 exadverso
596 2740 805 2774 construstum
815 2748 958 2771 corruere
968 2737 1081 2769 necess'e
1093 2736 1132 2769 est
1140 2757 1150 2771 ,
1172 2744 1235 2775 cap.

252 2785 332 2820 Ciam
344 2787 450 2818 Paulus
463 2795 486 2816 i.
498 2797 523 2827 11-
532 2796 541 2817 i
549 2808 556 2816 .
566 2787 720 2818 c.chem
730 2785 765 2814 de
770 2780 904 2827 presbyt.
914 2792 971 2812 non
981 2779 1060 2820 baPt.
1070 2779 1238 2811 Conantur

257 2839 362 2861 autem
386 2838 624 2869 propugnatores
647 2828 895 2870 probabilitatum
917 2825 974 2856 hoc
998 2822 1237 2855 fundamentum

257 2880 392 2906 evertere
411 2872 571 2911 multiplici
590 2874 727 2903 ratione.

301 2914 404 2946 Prima
414 2915 494 2944 ratio
501 2914 540 2945 est
549 2935 558 2947 ,
577 2917 652 2956 quia
665 2914 720 2955 Job
728 2912 932 2954 proculdubio
946 2909 1048 2941 tesius
1058 2908 1116 2940 fuit
1133 2910 1166 2939 in
1178 2907 1238 2939 suis

257 2957 507 2999 operationibus:
519 2966 589 2987 nam
597 2960 633 2988 de
642 2957 706 2998 ipso
714 2955 886 3001 legiturJob
901 2963 925 2985 ι.
938 2955 1017 2985 Erat
1026 2963 1080 2984 vir
1089 2952 1144 2983 ille
1159 2951 1238 2994 fimw

259 3002 333 3042 plex
341 3021 351 3035 ,
362 3001 399 3031 (θ’
406 2999 500 3030 relius
509 3019 519 3033 ,
528 3010 561 3029 ac
569 3001 674 3031 timens
684 3002 781 3032 Deum
790 3019 800 3033 ,
810 3004 848 3031 (θ’
856 2996 995 3029 recedens
1003 2997 1024 3027 α’
1033 2996 1114 3028 malo
1125 3005 1136 3030 ;
1148 2996 1180 3026 δι
1192 3003 1238 3025 ta-

262 3043 335 3076 rnen
343 3044 379 3074 de
389 3043 448 3073 illis
460 3042 586 3073 habebat
596 3041 795 3074 formidinem
804 3062 814 3076 ‚
831 3041 929 3081 ajebat
937 3042 1023 3071 enim
1033 3051 1057 3071 c.
1068 3049 1098 3079 4.
1108 3035 1239 3070 Verebar

260 3089 362 3118 omnia
369 3093 456 3126 opera
464 3095 529 3116 mea
539 3104 548 3118 ‚
564 3084 662 3125 sciens
671 3089 738 3122 quia
747 3095 777 3116 tu
789 3096 846 3115 non
854 3085 956 3124 parcis
966 3082 1168 3120 delinquenti.
1183 3080 1239 3111 Er*

263 3141 304 3172 go
321 3131 415 3170 potest
422 3130 498 3169 quis⁴
509 3128 618 3158 habere
629 3126 827 3159 formidinem
847 3130 883 3159 de
894 3126 1082 3157 rectitudine
1103 3123 1159 3157 suae
1167 3133 1239 3164 ope-

264 3172 395 3204 rationis
404 3191 415 3206 ,
434 3174 466 3202 &
479 3170 565 3201 simul
576 3172 696 3209 operari
704 3179 739 3200 ex
749 3170 939 3202 conscientia
948 3169 1033 3200 recia
1043 3190 1050 3197 .

307 3216 447 3246 Secunda
456 3213 537 3244 ratio
546 3233 556 3247 ‚
573 3214 647 3253 quia
657 3212 782 3244 eatenus
792 3215 920 3245 dubium
938 3212 1103 3253 positivum
1124 3211 1158 3242 &
1179 3209 1241 3241 for-

263 3260 342 3289 male
352 3266 499 3298 repugnat
509 3255 705 3287 conscientia:
713 3255 800 3285 resta*
809 3275 818 3289 ‚
838 3255 989 3296 quatenus
1000 3264 1093 3296 agens
1104 3263 1176 3285 cum
1186 3253 1241 3283 tali

266 3302 315 3332 du
330 3301 362 3330 io
369 3310 402 3331 ex
409 3302 494 3340 ponit
505 3300 532 3330 se
542 3298 679 3340 periculo
689 3299 800 3328 divinae
808 3298 925 3329 oflensa·
935 3319 945 3333 ‚
967 3305 1030 3338 cap.
1040 3296 1097 3328 Ad
1116 3295 1241 3327 audien-

266 3345 344 3376 tiam
354 3363 363 3377 ,
374 3353 437 3372 ver.
450 3345 509 3374 Pro
516 3354 548 3375 eo
556 3340 592 3372 de
601 3339 706 3372 homic.
715 3339 808 3370 S.Th.
821 3339 947 3375 quodlib.
959 3346 987 3372 8.
996 3349 1110 3380 art-13.
1121 3339 1178 3370 Sed
1188 3339 1242 3378 qui

265 3395 408 3427 operatur
418 3395 489 3415 cum
506 3385 671 3416 formidine
681 3404 690 3416 ,
715 3392 777 3414 non
794 3385 919 3422 exponit
931 3388 956 3413 le
974 3383 1146 3425 hujusmodi
1165 3383 1242 3422 peri-

268 3430 339 3461 culo
347 3449 356 3461 ‚
367 3437 397 3458 ut
408 3437 489 3471 patet
501 3438 536 3457 cx
547 3429 637 3458 dictis
649 3426 709 3466 sup.
721 3437 768 3456 nu.
779 3435 825 3465 52·
835 3425 917 3467 firgo
925 3425 1061 3459 formido
1081 3435 1145 3458 non
1155 3434 1244 3466 repu-

269 3481 344 3513 gnat
360 3469 539 3503 rectitudini
550 3469 745 3502 conscientiae
756 3490 764 3498 .

584 78 765 151 Prosp·
783 76 1017 148 Fagnan.
1034 75 1092 133 iii
1112 72 1357 133 Primum
1374 72 1603 132 Librum
1628 70 1907 132 Decretal.

1311 159 1420 190 'sertia
1430 161 1511 190 ratio
1520 178 1530 192 ‚
1540 162 1613 199 quia
1624 158 1644 190 si
1656 159 1830 191 intellectus
1842 167 1905 188 non
1915 158 1958 190 est
1966 156 2123 193 moraliter
2130 159 2252 195 dubius,

1268 203 1309 234 est
1320 201 1478 234 moraliter
1486 210 1605 236 certus,
1621 211 1684 243 arg.
1696 212 1720 233 c.
1732 200 1936 242 Hospitiolum
1947 199 2044 242 infin.
2053 204 2086 235 δε
2096 204 2138 235 ibi
2147 205 2186 244 gl.
2198 214 2250 236 un.

1268 248 1302 277 in
1309 247 1406 284 princ.
1416 252 1463 284 32·
1474 241 1544 285 dist.
1554 241 1592 276 (3‘
1600 243 1622 276 l.
1635 255 1661 276 2·
1659 242 1744 318 βάκ
1751 242 1798 276 his
1807 265 1816 279 ,
1825 243 2003 286 quisuntsul
2011 263 2022 279 .
2032 244 2083 275 vel
2090 246 2181 278 alien.
2193 246 2250 285 jur.

1270 288 1328 319 Sed
1338 288 1464 328 quando
1474 286 1649 319 intelletihts
1680 288 1750 319 abet
1762 287 1910 319 'udicium
1930 286 2085 328 probabile
2095 307 2105 322 ‚
2128 288 2177 320 seu
2185 291 2253 330 opi-

1270 330 1415 362 nativum
1423 331 1461 361 de
1470 329 1576 370 aliquo
1583 340 1675 371 opere
1685 351 1695 365 ,
1716 331 1799 371 quod
1811 329 1846 361 sit
1857 329 1995 365 licitum,
2014 325 2080 360 hon
2092 329 2131 360 est
2152 341 2252 363 mora-

1271 375 1339 405 liter
1348 373 1461 404 dubius
1470 392 1480 407 ,
1503 381 1537 404 ut
1547 382 1634 404 notar
1646 372 1727 404 Bai-t.
1736 374 1769 404 in
1779 373 1801 404 l.
1812 371 2008 404 Admonendi
2018 383 2048 403 n.
2062 374 2109 403 18.
2112 369 2152 414 ff
2163 372 2253 412 deiu—

1269 415 1402 454 rejuran.
1413 415 1496 456 Ergo
1502 417 1627 455 quando
1637 415 1727 448 habet
1739 414 1888 455 judicium
1905 415 2059 457 probabile
2069 435 2079 449 ‚
2100 415 2140 446 est
2149 425 2252 448 niora-

1270 460 1339 490 liter
1359 467 1461 490 certus
1471 468 1480 495 5
1501 459 1534 490 &
1555 457 1777 497 consequenter
1792 458 1944 498 judicium
1964 460 2163 500 opinativum
2173 478 2182 493 ,
2203 457 2254 491 seu

1272 501 1446 545 probabile,
1466 502 1505 533 de
1521 500 1609 542 cujus
1618 501 1745 535 essentia
1761 500 1802 533 est
1812 499 1965 536 formido,
1986 501 2096 535 sufficit
2111 503 2150 533 ad
2160 500 2253 533 resti-

1271 545 1414 577 tudinem
1433 545 1624 585 operationis
1634 568 1642 577 .

1313 587 1440 629 Qiarta
1449 589 1549 622 ratio,
1569 587 1677 628 quiais
1687 607 1697 622 ‚
1717 588 1772 629 qui
1780 585 1915 627 sequitur
1934 585 2093 620 distamen
2103 587 2254 622 rationis,

1272 640 1338 663 tuta
1349 630 1540 662 conscientia
1551 639 1713 671 operatur,
1734 628 1809 661 cum
1824 631 1910 661 enim
1919 629 2116 665 lex'aeterna‚
2137 640 2205 671 qua:
2213 629 2254 662 est

1273 674 1371 714 prima
1380 675 1484 715 regula
1494 683 1617 705 morum
1627 694 1637 707 ‚
1659 675 1767 714 ignota
1776 673 1864 703 nobis
1875 671 1910 704 sit
1918 691 1928 706 2
1949 672 2009 704 fuit
2024 676 2133 705 datum
2143 675 2230 705 nobis
2238 671 2256 705 εὶ

1272 716 1344 748 Deo
1355 726 1540 758 praeceptum
1550 716 1688 748 naturale
1705 715 1848 756 sequendi
1857 713 2017 747 dictamen
2033 718 2164 748 rationis
2175 726 2258 748 tain-

1271 769 1367 800 quam
1376 759 1542 791 secundam
1550 760 1689 800 regulam
1699 758 1788 790 nobis
1800 767 1906 789 notam
1914 777 1925 792 ‚
1944 767 2006 798 qua
2015 760 2170 790 mediante
2180 768 2257 790 con-

1272 802 1476 834 formatemur
1485 802 1545 842 legi
1553 812 1673 834 aeternae
1683 822 1693 837 ,
1710 801 1738 833 S.
1750 800 1812 832 Th.
1825 802 1857 832 in
1871 810 1896 832 1.
1906 811 1934 831 2.
1944 809 1971 839 q.
1985 809 2033 836 19.
2042 803 2131 833 artic.
2140 813 2170 842 4.
2180 801 2218 835 Θ
2227 809 2255 840 5.

1272 843 1465 877 conscientia
1474 847 1561 876 enim
1570 846 1684 877 dicitur
1696 844 1816 886 spiritus
1833 842 1991 875 coi-reciet
1999 863 2009 878 ‚
2030 844 2064 876 δε
2073 845 2257 885 paedagogus

1273 890 1385 920 animae
1394 908 1404 922 ,
1426 889 1456 920 id
1472 887 1512 918 est
1522 908 1532 922 ,
1553 886 1710 920 dietamen
1722 888 1852 919 rationis
1860 907 1870 922 ,
1892 895 1926 918 ut
1947 896 1986 918 ex
1992 885 2132 927 Origene
2154 889 2257 928 inquit

1273 933 1358 963 idem
1369 930 1463 964 S.Th.
1475 934 1507 964 in
1514 938 1576 970 pa.
1587 940 1613 969 q.
1623 940 1674 968 79.
1683 939 1744 962 art.
1760 939 1804 971 13.
1816 929 1873 962 Sed
1884 929 2010 971 sequens
2018 929 2176 961 dietamen
2187 939 2258 970 pro-

1273 974 1371 1006 babile
1379 995 1389 1009 ,
1410 974 1462 1005 cui
1482 973 1724 1014 inseparabiliter
1739 973 1815 1005 inest
1830 972 1966 1005 formido
1975 993 1985 1007 ,
2006 971 2142 1014 sequitur
2157 971 2258 1004 dista-

1273 1027 1346 1049 men
1367 1018 1498 1048 rationis
1508 1037 1518 1052 ,
1538 1019 1613 1057 quia
1633 1015 1770 1049 formido
1791 1018 1827 1048 de
1848 1016 1989 1057 opposito
2010 1026 2073 1047 non
2094 1016 2225 1056 impedit
2245 1035 2257 1050 ,

1272 1060 1350 1101 quin
1367 1059 1543 1092 intellestus
1553 1059 1759 1092 determinate
1774 1058 1870 1091 distet
1882 1059 1941 1091 hoc
1958 1068 2036 1099 opus
2045 1059 2101 1090 esse
2116 1057 2258 1093 rectum,

1274 1113 1308 1134 ut
1315 1103 1434 1135 constat
1444 1113 1479 1134 ex
1488 1102 1581 1135 dietis
1597 1102 1684 1144 supra
1692 1105 1761 1135 eod.
1771 1115 1800 1134 n.
1811 1111 1857 1142 52.
1868 1102 1949 1143 Ergo
1964 1101 2092 1143 sequens
2102 1101 2257 1144 judicium

1275 1147 1429 1186 probabile
1438 1167 1448 1180 ,
1470 1145 1638 1180 formidine
1656 1146 1830 1189 hujusmodi
1840 1155 1904 1177 non
1919 1144 2057 1178 obstante
2066 1165 2077 1180 ‚
2098 1154 2165 1176 tuta
2181 1154 2258 1176 con·

1274 1189 1402 1221 scientia
1416 1198 1560 1230 operatur
1570 1211 1578 1219 .

1316 1231 1442 1276 Qiinta
1451 1234 1550 1267 ratio,
1571 1234 1645 1273 quia
1662 1233 1681 1264 si
1693 1234 1731 1265 ab
1748 1232 1891 1264 humanis
1900 1230 2020 1264 aditibus
2032 1240 2188 1272 oporteret
2205 1240 2259 1262 ex-

1273 1275 1395 1307 cludere
1410 1285 1538 1306 omnem
1549 1275 1751 1308 formidinem
1766 1278 1803 1308 de
1822 1275 1957 1317 ipsorum
1974 1274 2181 1308 testitudine,
2204 1274 2257 1305 vix

1273 1318 1344 1350 effer
1353 1338 1364 1353 ,
1385 1318 1439 1359 qui
1449 1327 1515 1349 tuta
1524 1319 1714 1350 conscientia
1734 1320 1826 1360 posset
1835 1320 1955 1360 operari
1976 1329 1984 1349 :
2006 1327 2080 1349 nam
2088 1317 2259 1358 cogitatio-

1274 1371 1329 1392 nes
1338 1361 1503 1392 bominum
1516 1361 1528 1391 s
1527 1371 1583 1393 unt
1591 1363 1733 1393 obnoxiae
1743 1361 1906 1394 formidini
1916 1382 1926 1396 ‚
1948 1371 1982 1393 ut
1991 1363 2093 1402 inquit
2113 1359 2187 1402 glos.
2197 1358 2259 1391 Ni-

1273 1404 1354 1436 colai
1362 1405 1399 1436 de
1410 1403 1487 1445 Lyra
1496 1402 1589 1444 stiper
1596 1415 1620 1436 c.
1632 1415 1660 1442 9.
1670 1408 1832 1447 Sapientiae
1843 1427 1851 1436 .
1874 1404 1956 1448 Ergo
1965 1404 2102 1436 formido
2111 1413 2176 1435 non
2185 1412 2260 1444 prx-

1271 1447 1390 1493 judicat
1406 1447 1605 1480 conscientiae
1621 1448 1728 1480 retitae.

1314 1490 1445 1524 Sexta&
1457 1491 1605 1532 postrema
1616 1493 1697 1523 ratio
1706 1491 1835 1525 sumitur
1845 1493 1883 1525 ab
1892 1491 2056 1533 exemplis:
2067 1499 2142 1521 nam
2152 1487 2258 1531 praefe-

1272 1533 1341 1566 <itus
1362 1534 1500 1566 militum
1522 1535 1681 1566 multoties
1702 1546 1774 1567 cum
1790 1537 1952 1576 prudentia
1975 1534 2113 1576 praelium
2136 1541 2256 1567 tentat,

1271 1580 1416 1617 quamvis
1425 1576 1573 1610 formidet
1584 1576 1611 1609 se
1622 1579 1701 1620 posse
1710 1579 1747 1610 ab
1756 1579 1839 1610 hoste
1850 1579 1865 1609 s
1862 1589 1880 1610 u
1884 1580 1983 1620 petati
1992 1597 2002 1612 ,
2010 1577 2049 1609 eb
2056 1575 2141 1618 quod
2148 1576 2261 1607 dubius

1273 1620 1308 1651 fit
1318 1620 1388 1651 belli
1397 1630 1526 1654 eventus
1535 1641 1544 1655 ‚
1568 1630 1601 1652 ut
1610 1630 1699 1653 notat
1708 1621 1790 1653 Paris
1805 1626 1821 1653 a
1832 1621 1929 1653 Puteo
1938 1619 1975 1653 de
1982 1631 2015 1652 re
2022 1621 2154 1652 militar.
2160 1616 2218 1650 lib.
2228 1621 2260 1649 6.

1271 1671 1335 1704 cap.
1349 1673 1396 1703 31.
1408 1675 1455 1694 nu.
1470 1673 1516 1694 ιι.
1526 1666 1609 1705 inger
1630 1665 1754 1696 trabi-at.
1764 1675 1868 1697 comm.
1879 1674 1950 1696 tom.
1966 1673 2011 1696 12.
2023 1662 2083 1706 fol.
2098 1671 2167 1702 141·
2178 1661 2260 1693 Item

1273 1706 1433 1738 Mercator
1444 1706 1516 1747 saepe
1525 1709 1602 1739 emit
1611 1717 1728 1739 merces
1738 1728 1748 1742 ‚
1770 1710 1803 1741 &
1815 1711 1980 1748 prudenter
2000 1706 2066 1747 agit
2076 1707 2174 1736 etiam
2182 1714 2259 1736 cuin

1272 1749 1442 1781 formidine
1451 1752 1557 1781 damni
1568 1760 1604 1781 ex
1613 1751 1667 1782 tali
1677 1750 1852 1785 commem,
1863 1747 1974 1793 utff-de
1981 1748 2124 1789 periculo,
2136 1748 2173 1779 (ῥ’
2180 1757 2260 1779 com·

1271 1792 1356 1824 modo
1367 1795 1413 1824 rei
1422 1792 1551 1825 vendttae
1561 1814 1572 1828 ,
1593 1792 1630 1825 Θ
1639 1792 1676 1826 de
1685 1796 1804 1826 nautico
1815 1793 1934 1837 foenore
1942 1792 2025 1833 quast
2038 1799 2093 1831 per
2113 1799 2168 1822 tot.
2180 1790 2261 1822 Item

1273 1835 1418 1867 Medicus
1429 1837 1540 1876 praebet
1549 1846 1666 1878 aegroto
1683 1839 1969 1870 medicamentum,
1989 1834 2134 1876 quamvis
2152 1832 2260 1865 formi-

1271 1880 1324 1909 det
1334 1889 1398 1910 non
1417 1878 1632 1920 profuturum,
1653 1889 1688 1911 ut
1705 1889 1830 1912 notatur
1839 1889 1892 1920 per
1913 1880 2136 1910 Innocentium
2145 1878 2179 1907 in
2195 1884 2259 1914 cap.

1272 1922 1345 1953 Tua
1355 1933 1407 1952 nos
1416 1933 1445 1953 n.
1452 1931 1463 1953 1
1470 1944 1477 1952 .
1488 1925 1524 1954 de
1531 1920 1671 1954 homicid.
1683 1922 1752 1954 imo
1763 1922 1882 1954 Medici
1892 1923 1951 1954 hoc
1962 1921 1977 1952 s
1974 1920 2068 1963 aepius
2078 1919 2217 1952 faciunt,
2226 1927 2260 1951 ut

1271 1965 1307 1996 de
1319 1963 1378 1995 suis
1387 1965 1560 2005 pharmacis
1568 1967 1816 2005 experimentum
1825 1973 1952 2006 capiant
1961 1986 1968 1994 .
1992 1965 2072 1994 Item
2080 1963 2263 1995 Advocatus

1271 2006 1355 2039 reete
1364 2009 1691 2048 patrocinaturclienti
1702 2019 1774 2041 cum
1784 2008 1954 2040 formidine
1963 2005 2200 2040 succumbendi,
2220 2003 2261 2036 eo

1271 2049 1356 2091 quod
1366 2051 1514 2091 ambigua
1523 2051 1582 2082 sint
1593 2050 1674 2083 facita
1683 2051 1844 2083 causarum
1853 2072 1862 2086 ‚
1883 2052 1904 2083 l.
1915 2050 2080 2082 Advocati
2088 2050 2122 2079 in
2129 2049 2224 2088 princ.
2236 2058 2261 2079 c.

1272 2095 1322 2126 De
1331 2093 1507 2124 Advocatis
1516 2092 1639 2135 diverso
1639 2094 1666 2136 J
1669 2093 1746 2126 udic.
1755 2096 1810 2133 leg·
1822 2092 1915 2139 Qud
1922 2091 2046 2125 debetur
2053 2112 2063 2127 ‚
2071 2088 2110 2134 ff.
2122 2090 2159 2123 de
2167 2091 2261 2132 pecul.

1273 2136 1342 2167 Nec
1354 2136 1468 2167 temere
1478 2138 1594 2168 dicitur
1604 2137 1725 2178 litigare
1735 2157 1746 2171 ‚
1759 2140 1815 2178 qui
1827 2136 2030 2169 formidinem
2043 2135 2133 2166 haber
2142 2136 2179 2165 de
2197 2133 2262 2165 litis

1273 2188 1388 2210 eventu
1398 2197 1408 2212 ‚
1417 2178 1457 2218 gl.
1465 2187 1490 2208 1.
1503 2180 1535 2209 in
1545 2179 1599 2210 LE
1603 2189 1651 2209 um
1660 2189 1743 2216 quem
1752 2176 2070 2219 temere‚ff3deJudic.
2081 2177 2262 2217 ItemJudex

1274 2220 1347 2262 juste
1368 2222 1559 2262 condemnat
1567 2230 1653 2251 reum
1661 2241 1671 2255 ‚
1693 2231 1750 2252 nec
1771 2220 1956 2251 convictum
1965 2239 1975 2254 ,
1997 2229 2054 2250 nec
2072 2218 2241 2250 confeisuin
2251 2238 2262 2253 ,

1276 2274 1368 2306 poena
1375 2264 1621 2295 extraordinaria
1629 2284 1639 2297 ‚
1658 2264 1785 2304 quando
1793 2272 1903 2294 contra
1911 2262 2010 2303 ipsum
2020 2271 2131 2302 urgent
2143 2261 2263 2293 indicia

1275 2308 1413 2338 violenta
1421 2327 1431 2341 ‚
1440 2306 1614 2338 Grammat.
1622 2305 1736 2345 dec-42.
1744 2306 1840 2347 Julius
1849 2304 1961 2337 Clarus
1972 2307 2004 2336 in
2015 2303 2106 2347 §·fi'¹·
2115 2302 2261 2345 quaſsae.

1273 2348 1362 2390 prope
1378 2347 1490 2390 finem3
1511 2351 1544 2381 &
1565 2359 1671 2380 tamen
1682 2351 1720 2380 de
1736 2349 1853 2380 delitsto
1861 2358 1913 2390 per
1934 2348 2029 2380 talem
2044 2357 2130 2379 reum
2142 2356 2263 2388 patrato

1272 2394 1367 2435 Judex
1376 2402 1440 2423 non
1457 2392 1547 2424 habet
1568 2393 1624 2425 nisi
1641 2392 1860 2433 cognitionem
1879 2392 2070 2433 probabilem
2080 2410 2090 2425 ,
2110 2392 2149 2422 de
2170 2400 2210 2422 cu
2214 2390 2262 2431 jus

1275 2438 1397 2468 ratione
1408 2434 1574 2467 intrinseca
1584 2435 1624 2466 est
1634 2434 1770 2466 formido
1777 2457 1785 2465 .
1809 2435 1891 2476 Ergo
1899 2435 1969 2466 talis
1977 2433 2113 2466 formido
2127 2443 2192 2466 non
2201 2435 2263 2465 im-

1277 2480 1383 2520 pendit
1391 2498 1400 2512 ,
1407 2488 1472 2519 quo
1482 2477 1585 2509 minus
1593 2479 1735 2518 operatio
1744 2478 1780 2509 sit
1790 2477 1864 2518 justa
1871 2498 1881 2512 ‚
1902 2480 1936 2509 &
1947 2477 2031 2509 retsta
2040 2498 2047 2507 .

1321 2520 1481 2553 octavum
1499 2523 1530 2553 δε
1542 2521 1687 2552 ultimum
1708 2520 1946 2552 fundamentum
1956 2531 2012 2561 pro
2032 2520 2090 2553 hac
2110 2519 2265 2552 sententia

1277 2566 1388 2596 deduci
1410 2563 1504 2605 potest
1513 2573 1548 2594 ex
1558 2575 1583 2595 c.
1593 2565 1717 2596 Literas
1737 2562 1775 2596 de
1782 2562 1878 2605 restit.
1882 2562 1962 2604 spol.
1973 2565 2026 2595 ubi
2043 2564 2152 2596 Innoc.
2164 2563 2219 2595 111.
2228 2564 2263 2594 in

1277 2608 1411 2639 articulo
1421 2606 1622 2638 restitutionis
1632 2607 1736 2638 uxoris
1745 2627 1754 2641 ,
1775 2617 1842 2648 quse
1850 2607 1866 2638 a
1877 2607 1946 2639 viro
1955 2608 2065 2647 absque
2074 2606 2194 2648 judicio
2203 2605 2262 2636 Ec-

1277 2650 1373 2682 clesiae
1385 2650 1551 2681 diverterat
1562 2659 1684 2691 propter
1692 2650 1851 2682 occultum
1860 2652 2119 2691 impedimentum
2129 2668 2138 2682 >
2153 2657 2262 2679 recen—

1279 2693 1321 2724 set
1329 2692 1462 2724 diversas
1482 2692 1663 2728 sententias,
1685 2695 1717 2724 δι
1729 2693 1871 2725 adductis
1889 2703 1944 2734 pro
1954 2701 2137 2732 unaquaque
2154 2692 2261 2732 proba-

1279 2736 1391 2768 bilibus
1412 2737 1583 2767 rationibus
1593 2756 1603 2770 ,
1625 2736 1712 2777 eligit
1734 2735 1918 2768 sententiam
1933 2735 2172 2775 distinguentem
2193 2743 2262 2765 tan-

1277 2789 1373 2820 quam
1390 2781 1560 2815 veriorem3
1579 2780 1613 2811 &
1631 2788 1736 2811 tamen
1744 2780 1878 2810 declarat
1902 2788 1953 2819 per
1964 2777 2023 2809 hoc
2047 2778 2074 2809 se
2084 2778 2201 2808 nullam
2223 2779 2261 2808 de

1280 2820 1433 2863 praedietis
1443 2821 1602 2853 sententiis
1611 2823 1771 2863 reprobare
1780 2841 1790 2855 ,
1809 2831 1865 2853 nec
1875 2823 2022 2862 cuiquam
2030 2821 2153 2852 illarum
2163 2830 2200 2851 ex
2210 2820 2262 2851 sua

1280 2865 1473 2906 responsione
1488 2866 1613 2906 aliquod
1623 2864 1835 2907 praejudicium
1852 2873 2017 2906 generate.
2041 2863 2086 2895 Ex
2100 2873 2165 2904 quo
2184 2872 2262 2894 con-

1280 2917 1367 2939 textu
1376 2907 1532 2948 colligitur
1543 2927 1553 2941 ,
1562 2909 1607 2949 ‚in
1618 2909 1721 2939 uno&
1731 2909 1844 2939 eodem
1857 2908 1990 2939 articulo
1998 2907 2076 2947 posse
2096 2915 2263 2938 concurre-

1280 2961 1312 2982 re
1322 2952 1420 2992 plures
1430 2952 1594 2991 opiniones
1603 2969 1613 2984 ,
1634 2959 1767 2990 quarum
1777 2960 1838 2982 una
1847 2950 1883 2982 fit
1904 2949 2068 2991 probabilis
2077 2969 2087 2984 ,
2107 2951 2140 2981 &
2151 2950 2210 2980 alia
2226 2948 2263 2980 lit

1281 2994 1486 3035 probabilior,
1508 2992 1558 3023 seu
1568 2995 1686 3027 verior,
1707 2993 1935 3025 &eiselicitum
1951 2993 2032 3034 sequi
2043 2994 2140 3024 etiam
2158 2992 2262 3024 minus

1282 3037 1470 3077 probabilem
1482 3056 1490 3070 ,
1512 3035 1586 3068 cum
1595 3035 1738 3067 l’ontifex
1747 3038 1789 3068 ibi
1799 3037 1932 3068 declaret
1942 3035 2065 3067 seillam
2086 3045 2150 3066 non
2159 3045 2263 3076 repro·

1282 3081 1351 3111 bare
1361 3099 1371 3113 ‚
1393 3089 1449 3110 nec
1470 3078 1499 3110 ei
1510 3079 1721 3120 praejudicium
1742 3080 1867 3120 aliquod
1884 3089 2030 3120 generare
2051 3088 2087 3110 ex
2110 3078 2262 3109 electione

1283 3121 1495 3164 probabilioris
1506 3143 1513 3151 .
1535 3122 1632 3153 Unde
1643 3122 1718 3153 sicut
1730 3125 1762 3153 in
1773 3123 1827 3154 illo
1835 3123 1905 3153 casu
1921 3122 2001 3163 Papa
2011 3121 2177 3153 declaravit
2189 3123 2262 3152 libc-

1282 3176 1352 3197 rum
1360 3165 1414 3196 esse
1423 3167 1592 3205 unicuique
1609 3164 1992 3207 amplectiquamcumque
2010 3175 2045 3196 ex
2061 3164 2261 3205 opinionibus

1283 3208 1489 3249 probabilibus
1498 3227 1508 3242 ‚
1529 3208 1571 3239 eti
1583 3218 1626 3239 im
1647 3208 1814 3249 posthabita
1825 3211 1956 3242 veriori,
1979 3209 2028 3240 seu
2050 3209 2243 3248 probabiliori
2254 3217 2262 3242 3

1284 3254 1328 3282 ita
1338 3253 1370 3282 ἃ
1381 3252 1413 3281 in
1424 3252 1492 3281 aliis
1502 3251 1618 3282 casibus
1628 3252 1685 3282 lioc
1707 3252 1795 3283 debet
1805 3251 2005 3283 similitereise
2019 3253 2148 3283 liberum
2158 3271 2167 3284 ‚
2189 3252 2263 3290 quia

1283 3295 1452 3325 declaratio
1460 3292 1546 3332 Papa:
1555 3314 1565 3328 ,
1586 3303 1730 3335 quamVis
1738 3296 1822 3325 edita
1834 3297 1865 3326 in
1874 3296 1979 3335 aliquo
1989 3292 2109 3335 speciali
2118 3300 2187 3325 calu
2197 3312 2205 3326 ‚
2218 3291 2262 3323 fa-

1284 3339 1327 3368 cit
1341 3337 1384 3377 jus
1393 3347 1560 3368 commune
1567 3358 1575 3366 .
1584 3336 1682 3368 Casus
1690 3336 1730 3367 eli
1741 3339 1773 3367 in
1782 3339 1863 3368 c.E.t·
1874 3340 1970 3369 multa
1979 3340 2015 3369 de
2025 3346 2224 3377 voto‚perqut
2231 3344 2264 3367 m

1285 3390 1358 3411 text.
1371 3379 1408 3409 sic
1419 3380 1512 3411 tradit
1522 3382 1561 3420 gl.
1573 3381 1605 3410 in
1616 3390 1639 3410 c.
1651 3381 1705 3410 Ex
1713 3389 1766 3410 tua
1782 3382 1815 3411 in
1827 3392 1887 3411 ver.
1899 3382 2154 3422 consultationem
2171 3376 2263 3419 dcfil.

1284 3420 1458 3466 Presbyter.
1468 3425 1499 3453 ὅι
1512 3423 1604 3454 belin.
1618 3424 1648 3452 in
1656 3433 1679 3453 c.
1689 3432 1712 3453 1.
1722 3432 1803 3459 n.17.
1815 3425 1851 3454 de
1861 3423 1988 3467 Constat.
1997 3425 2046 3456 Ad
2056 3426 2138 3455 idem
2149 3431 2222 3453 text.
2232 3422 2266 3453 in

1286 3464 1372 3508 ajin.
1385 3470 1415 3497 δέ
1427 3466 1471 3498 'ibi
1483 3466 1565 3497 Bald.
1576 3477 1604 3496 n.
1622 3475 1644 3496 i.
1655 3468 1691 3498 C.
1701 3468 1736 3498 dc
1744 3465 1831 3507 tcgib.

2138 3511 2146 3533 (
2177 3509 2223 3537 ul-

2144 3535 2188 3548 x
