2397 3664
735 63 820 119 De
834 50 1230 121 Renuntiatione
1245 67 1307 113 ,ο
1322 47 1613 107 Admonet.

171 155 204 187 in
214 166 252 188 eo
263 178 272 192 ‚
293 156 347 196 qui
361 155 530 188 Ecclesiam
541 152 679 187 dimittit
693 175 703 190 ,
722 153 769 184 vel
782 155 818 184 ad
840 150 936 183 aliam
957 140 1163 180 effeeiualitet

170 199 200 230 se
211 199 370 236 transfer-r,
386 210 451 231 non
461 208 568 231 autem
580 198 614 230 iti
626 207 676 233 eo,
686 196 742 237 qui
751 194 935 237 simpliciter
947 193 984 224 ad
995 188 1165 236 secundam

172 241 344 274 Ecclesiam
353 242 482 282 eligitur
499 252 508 278 3
529 241 601 273 talis
609 240 695 273 enim
706 239 770 270 fine
781 237 916 271 licentia
924 235 1166 275 Superioris-po·

169 285 226 316 test
245 285 422 318 consentire
442 284 591 317 electioni
609 286 647 316 de
665 282 693 313 se
704 281 790 314 facire
810 283 847 313 ad
860 279 956 312 aliam
973 273 1145 309 Ecclesiam
1155 293 1165 308 2

171 328 270 360 etiam
284 329 410 361 alterius
431 327 652 369 Episcopatus,
671 325 772 366 &qui
791 334 863 356 eum
874 323 999 363 eligunt
1020 323 1086 365 non
1094 325 1167 367 pec·

173 381 247 403 cant
258 394 268 409 ,
279 371 354 404 cum
365 371 478 403 nullibi
488 371 548 401 hoc
560 367 734 409 reperiatur
744 367 941 408 prohibitum
949 388 959 402 ,
971 365 1078 396 c.Cum
1087 367 1167 408 niter

171 417 336 447 canonicos
346 438 357 451 ,
369 415 422 446 ubi
433 416 471 445 de
481 411 652 453 lioc‚supra'
661 409 698 442 de
708 407 963 442 eleffisecundi‘im
973 405 1049 448 glos·
1061 404 1166 449 ultim3

170 458 223 490 hic
234 462 315 490 circa
322 457 487 499 fin.1nn.in
495 456 627 495 prinam
636 465 700 487 ver.
712 456 845 490 Intrare,
855 452 1067 485 Bellammui.
1079 447 1166 494 Butr-

171 513 221 531 nu.
237 513 282 534 io.
296 504 328 533 &
339 501 435 533 Card·
447 502 482 530 in
490 501 519 529 8.
532 497 625 539 quaest.
638 498 677 530 Et
687 498 833 538 quamvis
843 494 1042 529 contrarium
1052 490 1167 537 sentiat

173 544 328 585 Hostjens.
339 555 387 574 nu.
403 552 414 573 i
425 553 450 573 1.
464 541 518 573 ubi
537 541 658 582 prolixe
677 549 814 572 conatur
825 539 992 572 defendere
1001 534 1168 580 Clericum

173 587 250 627 eligi
262 596 327 618 non
339 585 418 626 posse
430 587 467 616 ad
480 584 576 616 aliam
587 583 758 617 Ecclesiam
768 606 778 620 ,
798 583 847 615 sed
859 581 1009 624 postulari
1019 580 1057 610 ad
1075 575 1169 607 instat

174 629 318 670 Episcopi
329 640 341 664 ;
362 630 429 669 ejus
446 638 551 660 tamen
565 627 678 668 opinio
694 626 788 659 hodie
801 627 986 666 reprobatur
1006 622 1039 654 in
1052 621 1170 652 Decre-

174 673 230 704 tali
241 694 251 709 ‚
260 674 298 704 Si
308 670 464 704 Abbiztem
479 670 517 701 de
525 670 697 703 elcc'fflibh.
709 680 744 702 ut
756 670 801 702 ibi
812 679 943 702 notatur
953 678 1005 710 per
1015 667 1093 707 gl-in
1101 675 1168 695 ver-

177 718 205 748 E
209 715 321 756 legistis
332 737 342 751 ,
365 717 398 747 ὃς
411 725 462 755 per
475 714 624 755 J0.Andr.
635 713 686 746 liic
697 725 746 745 nu.
754 724 764 745 1
772 716 800 746 8.
811 715 844 745 &
854 707 1171 749 Butr.nu.15.Specia-

175 760 202 791 le
212 759 300 791 enim
311 758 352 790 cst
371 758 404 790 in
421 757 571 799 Episcopo
584 779 593 794 ,
613 768 648 790 ut
659 768 724 789 non
745 756 835 797 possit
847 758 883 788 ad
894 757 989 789 aliam
1000 750 1170 787 Eccleslam

174 801 251 841 eligi
264 824 274 838 ,
297 802 346 834 sed
367 800 513 843 poslulari
523 823 533 836 ,
558 800 636 842 quia
646 802 708 833 alas
720 801 812 832 habet
831 800 943 841 ligatas
955 799 1088 831 nexibus
1100 804 1172 835 prae-

175 855 338 886 ceptorum
350 868 360 883 ‚
381 854 413 876 ut
423 855 488 886 clip.
510 842 595 883 final.
605 843 701 884 supra'
719 842 755 874 de
764 842 904 884 postulat.
924 843 1046 876 Praelat.
1057 841 1170 877 &cap-

176 889 254 931 Nifi
265 886 333 921 cum
341 887 460 930 pridem
470 887 558 929 infra'
568 888 621 920 hoc
630 887 717 920 tit.in
726 897 792 928 quo
803 886 1008 919 consentiunt
1018 891 1128 916 omnes
1139 882 1172 912 in

111 944 150 964 22
174 932 270 972 drap.
281 935 319 964 Si
334 928 504 964 Abbatemss
531 931 642 962 Fateor
655 941 846 963 tamencum
855 931 993 971 glosult.
1007 928 1056 961 liic
1067 922 1171 965 adfin-

175 973 489 1015 &Innoc.ubifi1p.&
501 974 634 1007 Cardin.
645 976 678 1005 in
690 973 857 1015 7.qu.quod
870 972 1016 1006 Clericus
1029 973 1065 1003 ad
1079 971 1173 1002 aliam

176 1018 348 1051 Ecclesiam
357 1018 472 1050 elcekus
483 1020 575 1050 debet
590 1017 758 1057 implorare
778 1017 942 1049 licentiam
954 1014 1094 1056 Episcopi
1108 1015 1153 1046 sui
1164 1037 1173 1050 ,

177 1062 252 1103 qui,
274 1062 296 1099 fi
307 1062 446 1093 renuerit
457 1060 618 1093 malitiose
631 1060 808 1093 consentire
820 1059 1045 1095 translationi,
1058 1068 1175 1099 cogen-

177 1109 233 1138 dus
249 1105 309 1137 erit
321 1115 372 1145 per
378 1104 582 1145 Superiorem
590 1126 601 1141 ‚
622 1115 647 1136 c.
659 1105 775 1136 Nullus
783 1101 869 1146 infra'
876 1102 913 1135 de
921 1103 1068 1144 jurepasr.

118 1156 156 1188 23
220 1147 403 1188 QUAERO
417 1170 427 1184 ,
448 1158 488 1180 an
509 1147 660 1180 obtinens
679 1147 869 1189 beneficium
880 1168 891 1183 ‚
913 1146 990 1178 illud
1010 1145 1173 1178 dimittere

177 1191 268 1233 possit
279 1193 474 1232 acceptando
485 1192 569 1223 aliud
583 1190 772 1223 beneficium
782 1190 1021 1231 incoinpatibile
1033 1212 1042 1226 ‚
1062 1199 1176 1222 contra

179 1236 378 1266 voluntatem
389 1234 566 1275 Superioris
578 1235 670 1274 primi
682 1233 827 1266 beneficii
839 1256 846 1263 .

222 1277 282 1309 Pro
303 1277 461 1310 solutione
481 1277 642 1318 praesentis
663 1276 836 1319 questionis
861 1276 988 1309 videtur
1009 1276 1175 1317 inquiren-

177 1322 252 1353 dum
261 1343 271 1357 ‚
295 1331 336 1352 an
358 1319 508 1353 Rectores
519 1321 745 1354 beneficiorum
756 1320 872 1361 possint
891 1320 946 1352 illa
966 1320 1070 1352 invito
1081 1320 1176 1359 Supe-

178 1364 263 1396 riore
273 1364 435 1396 dimittere
447 1387 455 1395 .
468 1365 515 1396 Ad
527 1374 647 1405 partem
659 1364 840 1404 negativam
852 1364 1006 1404 arguitur,
1017 1363 1094 1404 quia
1103 1361 1177 1395 cum

180 1407 335 1439 beneficia
346 1417 469 1448 propter
480 1408 632 1443 officium,
644 1407 694 1438 seu
705 1407 866 1439 servitium
875 1406 1094 1443 conferantur,
1110 1415 1176 1447 cizp.

174 1450 233 1494 fin.
244 1449 281 1482 de
298 1450 435 1491 rescript.
449 1450 501 1482 lib.
513 1456 543 1482 6.
555 1451 749 1491 acceptando
760 1451 831 1491 quis
851 1450 1043 1483 beneficium
1053 1450 1175 1481 videtur

179 1493 266 1536 quasi
286 1494 474 1526 contrahere
492 1505 565 1526 cum
577 1493 715 1525 Ecclesia
724 1516 734 1530 ,
754 1496 786 1525 &
799 1494 826 1526 se
836 1494 977 1535 obligare
988 1496 1024 1526 ad
1045 1494 1179 1526 servien-

180 1540 255 1570 dum
265 1559 274 1573 ,
287 1547 321 1569 ut
332 1536 373 1569 est
383 1547 486 1569 textus
497 1537 641 1570 notab.in
650 1547 716 1578 cap.
723 1536 800 1580 Nisi
809 1537 876 1570 ciam
886 1535 1005 1577 pridem
1017 1560 1028 1574 ‚
1042 1538 1178 1577 vers.Ve-

179 1592 246 1613 rum
257 1581 342 1623 insra'
352 1580 460 1612 eodem.
474 1580 571 1613 Unde
581 1582 726 1621 quamvis
738 1583 774 1613 ab
786 1580 884 1612 initio
896 1580 1030 1613 liberum
1039 1581 1069 1612 ei
1081 1580 1178 1612 fuerit

181 1624 372 1656 beneficium
383 1633 545 1665 acceptare
556 1647 566 1661 ‚
587 1626 634 1655 vel
647 1635 714 1656 non
727 1636 735 1661 ·,
749 1634 854 1656 tamen
866 1634 902 1656 ex
911 1635 976 1665 quo
987 1623 1077 1656 semel
1093 1634 1180 1655 acce-

181 1668 295 1709 ptavit,
305 1677 370 1700 non
382 1667 478 1707 potest
491 1667 586 1700 libere
601 1670 745 1700 recedere
756 1691 765 1705 ,
777 1668 956 1707 arg.l.Sicut
966 1666 1059 1705 ,C.de
1069 1667 1179 1699 astion.

181 1709 219 1743 ό
229 1708 353 1749 obligat.
364 1709 402 1744 (θ’
411 1721 477 1752 cap.
489 1710 578 1754 QOd
591 1711 686 1751 ftmel
694 1710 731 1743 de
748 1713 842 1750 regul.
851 1711 909 1749 jur.
923 1711 974 1743 lib.
987 1715 1017 1744 6.
1028 1712 1061 1743 &
1073 1711 1118 1743 ita
1128 1720 1181 1752 per

180 1755 262 1786 hanc
284 1754 442 1786 rationem
462 1754 521 1786 lioc
545 1764 573 1786 c.
591 1755 704 1787 habere
716 1755 822 1787 locum
846 1756 944 1787 etiam
964 1755 997 1786 in
1018 1754 1180 1786 beneficiis

182 1797 375 1837 simplicibus
388 1819 398 1834 ‚
415 1797 519 1829 firmat
528 1797 623 1830 Card.
637 1798 686 1829 liic
705 1800 738 1829 in
747 1797 874 1839 8.quaesl·.
886 1798 945 1829 Pro
955 1808 1019 1837 quo
1030 1798 1128 1830 etiam
1140 1797 1181 1829 fa-

181 1840 240 1877 cit,
251 1841 325 1882 quia
335 1841 397 1871 lire
411 1841 516 1875 littera
529 1852 592 1872 non
606 1841 771 1882 distinguit
782 1840 865 1874 inter
877 1841 1065 1873 beneficium
1077 1841 1181 1882 requi-

182 1894 254 1917 rens
267 1884 478 1920 relidentiam,
491 1885 536 1916 vel
551 1895 616 1916 non
631 1895 641 1919 ,·
655 1884 702 1916 sed
713 1886 905 1925 genetaliter
918 1885 1026 1917 statuit
1036 1907 1045 1920 ,
1058 1895 1097 1916 ne
1109 1884 1180 1925 quis

183 1928 247 1959 sine
258 1927 410 1958 consensu
420 1926 542 1959 Praelati
550 1927 741 1960 beneficium
751 1927 910 1965 dimittat,
920 1929 945 1960 al
953 1928 1068 1969 ioquin
1082 1928 1180 1959 etiam

184 1970 499 2006 excommunicatum
520 1980 596 2011 ergo
609 1981 666 2003 nec
679 1981 737 2002 nos
751 1971 920 2012 dillingere
931 1973 1080 2003 debemus
1094 1993 1104 2007 ,
1114 1980 1182 2012 cap.

185 2016 222 2046 Si
234 2012 391 2045 dormierit
406 2023 452 2053 31.
467 2023 526 2051 q.1.
538 2013 613 2054 glos.
624 2017 657 2045 in
668 2014 742 2046 l.De
750 2016 867 2053 pretio,
883 2025 935 2056 per
944 2015 1032 2046 illum
1042 2023 1159 2046 textum
1171 2037 1180 2050 ,

179 2054 269 2099 ff-De
280 2054 422 2097 publicat.
433 2059 466 2088 in
473 2067 536 2088 rem
548 2057 609 2088 ac'b.
630 2057 699 2088 Iino
716 2060 754 2090 de
766 2057 825 2088 lioc
849 2057 974 2090 videtur
994 2067 1097 2090 textus
1109 2057 1181 2089 satis

185 2101 337 2141 expressus
345 2103 376 2131 in
388 2103 493 2140 capsi*
503 2102 570 2138 quis
579 2102 651 2132 veri)
662 2100 809 2138 7.q.1.ubi
822 2100 862 2132 sic
875 2101 1042 2141 legiturzSi
1054 2103 1120 2138 quis
1129 2112 1180 2132 ve-

185 2155 218 2176 ro
230 2141 268 2175 ab
281 2146 307 2175 E
310 2143 415 2186 cclesta
420 2142 491 2183 sua,
494 2144 565 2187 five
575 2142 749 2187 Presbyter,
759 2143 827 2184 five
836 2146 1004 2180 Diaconus,
1013 2144 1066 2176 vel
1074 2147 1107 2175 in
1117 2154 1183 2182 quo-

186 2198 305 2225 cumque
312 2185 414 2218 ordine
424 2185 638 2231 pofitusfuerit
648 2209 658 2224 ‚
668 2187 816 2229 recefferit
824 2210 834 2223 ,
845 2186 913 2220 cum
922 2189 1002 2220 omni
1013 2187 1182 2229 necessitate

187 2240 308 2269 cogatur
317 2252 326 2266 ,
337 2239 368 2261 ut
378 2231 485 2261 redeat
492 2229 629 2270 adsuam
640 2231 812 2273 Ecclefiam
822 2242 832 2260 .·
843 2229 920 2269 quod
922 2231 955 2273 fi
963 2229 1161 2271 permanserit
1172 2253 1182 2266 ‚

122 2278 158 2312 25
184 2275 443 2306 excommunicari
453 2284 517 2304 eum
535 2282 649 2313 oportet
660 2297 667 2304 .
691 2274 832 2306 Breviter
843 2284 919 2314 puto
932 2274 971 2305 iic
983 2275 1064 2313 posse
1074 2274 1181 2305 distin-

185 2318 250 2358 gui;
263 2328 335 2348 nam
347 2326 399 2348 aut
412 2316 516 2357 agitur
525 2318 564 2349 de
575 2317 738 2348 beneficiis
749 2318 918 2353 curatis,&
930 2318 1061 2358 quinam
1073 2317 1120 2349 liis
1131 2317 1178 2348 di-

186 2361 270 2392 citur
282 2360 429 2391 coutralii
439 2360 522 2399 quasi
536 2360 779 2392 matrimonium
793 2383 801 2396 ,
811 2363 967 2401 cap.Sicut
982 2372 997 2392 z
1009 2360 1136 2398 i.q.2.&
1152 2359 1182 2391 d.

188 2412 254 2443 cap.
267 2403 369 2449 N‘st’‚
379 2402 459 2442 verfi
479 2405 587 2434 Verum
596 2403 681 2446 infra=
691 2404 752 2437 eod.
769 2404 882 2436 censeo
892 2406 1060 2444 procedere
1074 2404 1183 2444 praedi-

189 2446 273 2478 Ctam
283 2446 470 2485 opinionem
481 2446 662 2487 negativam
676 2458 685 2482 ,·
709 2457 804 2487 quam
815 2448 912 2479 etiam
925 2449 1072 2488 approbat
1093 2447 1181 2478 Host.

191 2493 223 2521 in
249 2499 348 2519 umma
362 2487 397 2519 de
406 2487 783 2534 postulat.Praelizt.§.Qiis
792 2489 983 2531 postulandus
993 2500 1075 2528 nu.7.
1086 2490 1184 2522 Car-d.

193 2533 242 2564 liic
255 2542 315 2571 q.4.
325 2530 363 2563 (θ’
372 2534 405 2563 in
416 2530 613 2572 Clemenfin.
624 2542 651 2569 (1.
659 2543 682 2563 ι.
697 2533 733 2563 de
744 2533 890 2565 elesffl'ro
900 2545 965 2574 quo
977 2533 1053 2565 facit
1064 2532 1186 2566 Conci-

194 2577 272 2608 lium
284 2574 429 2607 Trident.
444 2573 518 2615 sess.
531 2584 580 2613 23.
591 2583 655 2616 cap.
664 2585 690 2607 i.
701 2578 734 2606 in
744 2574 796 2614 fin.
809 2576 862 2608 ubi
881 2579 958 2608 tales
977 2587 1136 2617 coguntur
1147 2580 1183 2608 ad

194 2619 392 2651 residentiam
404 2628 455 2659 pei·
466 2617 627 2654 censuras3
649 2616 723 2650 curn
744 2628 850 2650 tamen
870 2630 935 2651 non
948 2620 1047 2652 essent
1055 2630 1185 2651 excom-

195 2662 378 2694 municandi
391 2684 399 2697 ,
424 2661 443 2692 si
455 2661 574 2701 po'ssent
587 2661 739 2693 beneficia
750 2661 855 2693 invito
865 2662 1031 2703 Superiore
1043 2659 1185 2695 dimitte-

196 2716 229 2737 re
241 2728 248 2736 .
271 2704 309 2736 Et
323 2705 354 2736 in
366 2704 424 2735 hoc
438 2715 500 2735 non
514 2704 635 2735 videtur
646 2704 758 2735 subeffe
769 2704 936 2736 difficultas
949 2717 957 2741 ·‚
975 2707 1119 2746 quamvis
1132 2717 1185 2738 ne-

198 2750 338 2789 gandum
351 2759 414 2779 non
429 2748 474 2783 sit,
485 2748 563 2787 quin
576 2748 723 2787 Superior
733 2757 768 2779 ex
780 2747 872 2779 causa
882 2751 1072 2789 quandoque
1081 2759 1187 2781 tenea-

198 2802 250 2824 tur
262 2792 428 2823 admittere
439 2791 683 2831 resignationem
697 2813 705 2826 ,
717 2791 798 2822 itaut
809 2791 928 2831 alioqui
941 2791 1030 2830 possit
1040 2792 1189 2831 persuum

202 2835 402 2875 Superiorem
416 2836 451 2866 ad
465 2834 494 2866 id
506 2834 579 2874 cogi
591 2856 600 2869 ,
622 2844 686 2874 arg.
697 2834 898 2874 cap-Clericos
909 2856 918 2869 ,
937 2832 1186 2874 &cap.seqq.7i.

202 2877 271 2918 dist.
283 2879 315 2909 ὃ(
335 2877 429 2909 fusius
439 2877 593 2909 ostensum
603 2877 643 2908 est
655 2877 740 2918 supra
751 2888 800 2909 nu.
812 2889 861 2909 22.
879 2878 943 2908 Aut
956 2878 1059 2917 agitur
1069 2879 1106 2909 de
1118 2878 1188 2910 aliis

201 2922 362 2953 beneficiis
373 2944 383 2957 ,
393 2923 425 2953 &
436 2931 511 2952 tunc
526 2931 578 2952 aut
590 2921 694 2959 :igitur
704 2924 742 2952 de
754 2920 986 2961 requirentibus
998 2920 1188 2960 personalem

200 2964 401 2996 residentiam
411 2986 420 3001 ,
444 2965 495 2996 seu
506 2964 663 3004 personale
674 2964 836 2995 servitium
851 2966 902 3000 3&
915 2964 997 2994 idem
1008 2964 1189 3000 dicendum,

201 3009 285 3048 quod
297 3006 382 3047 supra
392 3030 401 3043 ,
422 3010 454 3039 ὅ(
464 3008 578 3040 eisdem
590 3007 779 3043 rationibus,
791 3010 823 3039 ὃ(
835 3018 870 3038 ex
881 3006 976 3038 Card.
989 3005 1037 3037 hic
1049 3009 1083 3038 in
1091 3009 1190 3046 preci-

113 1286 156 1316 24

203 3059 272 3081 tata
285 3054 353 3087 q.8.
374 3050 412 3081 Et
424 3053 460 3083 de
479 3052 692 3090 personatibus
713 3051 852 3091 loquitur
872 3049 954 3082 clare
978 3048 1147 3080 Innoc.liie
1158 3046 1202 3080 in'

203 3095 331 3137 princip.
341 3096 374 3124 in
384 3104 448 3124 ver.
460 3096 580 3125 Intrare
590 3116 599 3130 ,
611 3095 759 3135 J0.Andr.
769 3105 817 3125 nu.
826 3096 912 3125 12.&
925 3093 1055 3127 Bella-uc
1063 3102 1142 3124 num.
1164 3103 1189 3123 i.

204 3135 333 3176 Qubus
344 3135 526 3178 suffragatur
545 3138 642 3169 etiam
654 3137 782 3172 Concil.
795 3135 1021 3175 Trident.sess.
1031 3139 1060 3166 6.
1081 3144 1147 3176 cap.
1161 3147 1188 3166 2.

205 3179 276 3213 Nec
288 3179 387 3210 obstat
397 3189 498 3211 textus
509 3183 542 3211 in
553 3190 619 3220 cap.
630 3182 742 3221 penult.
753 3180 789 3212 0⁴·
801 3179 929 3219 finiisde
942 3181 1112 3210 Cleri-'cason
1122 3179 1192 3220 refi-

206 3222 274 3254 den.
286 3223 338 3253 ubi
349 3232 462 3254 contra
480 3233 547 3255 non
564 3224 730 3258 residentes
741 3224 922 3264 proceditur
933 3225 969 3254 ad
981 3221 1195 3263 privationem,

207 3266 352 3297 beneficii
364 3287 374 3302 ,
391 3267 422 3296 &
435 3265 511 3297 nihil
522 3267 641 3298 dicitur
651 3269 688 3299 de
699 3267 820 3308 praecisa
829 3267 993 3298 coactione
1007 3277 1012 3295 ;
1037 3275 1111 3295 nam
1120 3265 1193 3296 ideo

208 3310 253 3340 ibi
264 3309 298 3340 fit
308 3308 429 3340 mentio
439 3311 477 3340 de
487 3308 570 3341 dicta
579 3310 755 3350 privatione
766 3333 774 3347 ,
786 3310 863 3351 quia
873 3309 972 3349 magis
985 3308 1089 3339 timeri
1101 3307 1189 3344 solet,

207 3354 239 3383 &
250 3352 326 3393 quia
346 3351 484 3383 Praelatis
494 3353 593 3391 magis
603 3354 705 3392 placet
715 3376 724 3389 ,
747 3363 781 3385 ut
791 3353 831 3384 sic
841 3355 879 3385 de
889 3353 926 3384 iis
938 3351 1050 3393 poffint
1063 3350 1123 3381 suis
1144 3352 1193 3382 be-

208 3395 330 3427 nevolis
341 3395 502 3435 providere
513 3417 522 3430 ,
542 3395 655 3428 adeout
664 3398 705 3427 ob
725 3397 755 3428 id
767 3396 929 3437 dispositio
939 3395 1029 3436 liujus
1041 3393 1193 3425 Decreta-

210 3440 246 3469 lis
257 3438 379 3470 desierit
389 3438 625 3479 quodammodo
636 3439 693 3470 effe
706 3439 738 3469 in
749 3439 803 3470 usu
816 3461 826 3475 ‚
847 3449 881 3470 ut
890 3448 973 3480 patet
994 3448 1030 3469 ex
1041 3436 1134 3468 dietis
1147 3436 1194 3470 su-

206 3482 258 3521 pra
267 3492 334 3515 mm
344 3492 370 3515 1.
382 3480 459 3522 vens
464 3483 683 3514 Veruntamen.
692 3481 751 3515 Sed
763 3484 803 3515 ob
811 3483 870 3515 hoc
884 3492 950 3515 non
961 3481 1105 3523 tollitur,
1115 3480 1193 3522 quin

2045 63 2139 106 329

1196 137 1319 171 Praelati
1330 137 1447 180 poffint
1456 138 1512 169 illa
1522 134 1694 170 viwiiiiffa
1703 133 1785 169 lianc
1796 131 1973 166 coactivam
1985 131 2113 171 aggredi
2124 153 2133 161 .
2143 128 2189 160 Si-

1197 181 1451 214 mileadducitur
1461 183 1500 212 de
1519 178 1696 212 feudatario
1706 200 1717 215 ‚
1737 177 1827 219 quisi
1845 177 1881 209 sit
1891 175 2052 216 obligatus
2074 175 2112 206 ad
2123 182 2191 205 cer·-

1197 234 1266 256 tuin
1275 224 1437 256 servitium
1447 246 1457 261 ,
1477 235 1545 255 non
1555 222 1652 264 potest
1664 221 1770 253 invito
1780 221 1914 253 domino
1933 219 2061 251 feudum
2073 226 2188 249 renun-

1197 267 1276 300 tiare
1287 290 1297 305 ‚
1316 278 1350 302 ut
1362 276 1454 299 norat
1462 268 1549 307 gloss.
1561 269 1594 298 in
1602 264 1827 306 c.lmperialem
1837 286 1848 302 ,
1870 260 2057 300 §.Callidis,
2078 263 2110 291 in
2122 271 2187 292 ver.

1198 312 1366 344 Amittant
1375 332 1386 347 ‚
1395 311 1427 342 δέ
1438 310 1485 341 ibi
1495 310 1621 342 Bald.de
1629 305 1742 349 prohib.
1748 307 1965 351 feudtalienat.
1984 315 2036 347 per
2049 303 2187 335 Federic.

1198 353 1347 395 Jo.Andr.
1358 356 1391 385 in
1403 351 1519 385 Addit.
1529 352 1572 384 ad
1582 355 1606 384 S
1606 352 1735 393 petulat.
1745 353 1778 384 in
1787 351 1877 382 tit.de
1883 351 1974 382 locat.
1988 348 2113 387 §.Nunc
2125 346 2191 378 tili-

1198 407 1256 435 qua
1268 418 1278 434 ,
1298 396 1378 437 vers.
1393 399 1462 428 128.
1473 397 1507 427 &
1524 395 1581 428 alii
1591 401 1612 431 ‚‘
1623 405 1702 436 quos
1722 394 1861 436 sequitur
1873 394 1969 426 felin.
1987 395 2021 425 in
2036 403 2060 424 c.
2072 391 2144 434 Quae
2152 391 2188 421 in

1200 440 1405 483 Ecclefiarum
1415 461 1425 475 ,
1445 442 1531 476 n.78.
1541 437 1578 470 de
1587 436 1747 478 Coisti'tut.
2134 460 2139 467 -,

1243 483 1308 514 Aut
1317 482 1422 523 agitur
1443 483 1480 514 de
1502 480 1657 513 beneficio
1666 502 1676 516 ,
1697 481 1884 513 cuinullum
1896 479 1938 513 est
1956 486 2115 512 annexum
2125 486 2192 509 cer-

1202 537 1269 559 tum
1280 524 1613 567 personale.2iei·vititiiii
1624 536 1633 553 :
1656 525 1688 555 δε
1699 533 1775 556 tunc
1784 524 1860 564 quia
1871 524 1905 555 in
1926 525 1985 555 hoc
1997 523 2070 554 casu
2078 521 2193 553 horum

1202 568 1412 602 benficiorum
1423 567 1574 599 collaCtio
1593 567 1628 598 fit
1648 566 1864 607 principaliter
1873 569 1910 598 ad
1931 566 2107 598 utilitatem
2120 564 2193 595 illo-

1202 624 1274 644 rum
1283 635 1293 649 ,
1314 612 1429 653 quibus
1447 610 1658 642 conferuntur
1667 632 1679 646 ‚
1708 609 1823 650 provisi
1845 612 1883 640 de
1902 610 1964 641 illis
1975 631 1986 646 ,
2005 608 2102 640 inodo
2125 617 2195 640 non

1204 656 1417 697 impediantur
1437 655 1478 685 ob
1489 663 1644 693 contenta
1654 652 1688 684 in
1698 652 1855 685 Concilio
1867 651 2061 684 Tridentino
2062 649 2192 692 [ερατ.

1203 697 1349 741 caum&
1359 700 1391 730 in
1402 696 1549 738 capsum
1558 694 1721 737 secundum
1732 718 1742 732 ,
1761 696 1798 727 de
1814 693 1935 737 preben.
1955 695 2103 726 videntur
2113 693 2195 735 posse

1203 745 1312 775 eadem
1333 741 1439 774 invito
1457 741 1624 782 Superiore
1642 739 1798 780 refignare
1809 761 1819 776 ,
1848 748 1900 778 per
1918 739 2060 778 regulam
2074 759 2084 774 ,
2105 735 2193 779 quod

1203 785 1334 828 quisque
1342 785 1439 826 potest
1451 784 1481 816 ei
1493 784 1676 816 renuntiare
1687 806 1696 819 ‚
1716 784 1800 824 quod
1813 792 1870 823 pro
1886 781 1914 813 se
1925 781 2141 822 principaliter
2152 779 2194 811 est

1204 828 1420 862 introductum
1430 851 1440 865 ‚
1460 837 1527 868 cap.
1537 825 1597 859 Ad
1609 824 1817 867 Apostolicam
1827 848 1837 862 ,
1857 822 1941 866 infra'
1949 823 1985 856 de
1993 824 2084 862 regul.
2097 824 2194 862 leg.Si

1205 876 1270 912 quis
1281 876 1314 904 in
1323 869 1530 913 conscribendo
1540 893 1549 908 ,
1569 869 1644 904 Cod.
1656 872 1705 902 De
1714 870 1794 910 past.
1804 879 1869 902 cum
1881 869 1980 911 simil.
1991 877 2026 899 ut
2037 866 2136 899 etiam
2147 875 2195 897 ar-

1204 917 1273 957 guit
1284 915 1411 948 Calder.
1421 913 1496 955 cons.
1510 927 1537 945 2.
1549 913 1584 945 de
1594 915 1759 947 renuntiat.
1781 913 1853 945 Noc
1865 912 1964 945 obstat
1975 934 1986 948 ,
2004 912 2090 952 quod
2102 916 2194 940 notat

1205 960 1333 992 Gemin.
1352 958 1454 1002 infine
1472 958 1502 989 d.
1514 958 1643 1000 Consilii
1655 979 1664 993 ,
1686 957 1833 988 videlicet
1853 955 2068 998 aeqiialitatem
2088 953 2200 985 debere
2221 960 2262 988 29

1206 1003 1322 1044 semper
1333 1002 1466 1038 servari,
1487 1002 1565 1033 adeo
1578 1011 1611 1033 ut
1623 1001 1701 1033 sicut
1715 1001 1883 1032 conferens
1896 997 2069 1039 nonpotest
2083 1004 2199 1037 repete-

1207 1058 1238 1078 re
1251 1048 1287 1078 ab
1301 1047 1424 1084 inviro,
1445 1045 1490 1077 ita
1501 1055 1558 1077 nec
1570 1044 1709 1085 provisus
1720 1044 1810 1084 possit
1821 1042 1984 1084 Superiori
1997 1041 2102 1074 invito
2116 1039 2198 1071 resti-

1207 1100 1295 1122 tuere
1308 1102 1314 1120 :
1329 1100 1400 1121 nain
1414 1089 1491 1120 illud
1503 1089 1645 1129 procedit
1658 1088 1690 1119 in
1701 1087 1771 1119 achi
1781 1087 1866 1120 ultro
1878 1087 2024 1126 citroque
2045 1083 2202 1123 obligato—

1207 1134 1258 1166 rio
1269 1155 1279 1170 ,
1290 1144 1354 1164 non
1367 1142 1471 1165 autem
1485 1132 1517 1163 in
1531 1132 1603 1168 boc,
1614 1131 1648 1163 in
1658 1131 1916 1172 quodonatarius
1927 1151 1936 1166 ‚
1948 1129 1997 1160 seu
2010 1127 2148 1169 provisus
2161 1127 2198 1157 ad

1208 1178 1330 1208 nullum
1342 1186 1464 1207 certum
1475 1175 1636 1216 obligatur
1647 1174 1810 1207 servitium
1821 1196 1830 1210 ‚
1842 1174 1922 1210 utin
1935 1171 2030 1204 simili
2041 1171 2076 1203 in
2085 1170 2200 1202 Feuda-

1209 1221 1293 1253 tario
1302 1219 1467 1259 distinguit
1479 1219 1553 1259 glos.
1566 1218 1781 1250 communiter
1801 1226 1925 1257 recepta
1935 1218 1966 1246 in
1977 1224 2076 1255 capa.
2088 1212 2125 1244 de
2133 1222 2200 1253 cap.

1208 1266 1260 1302 qui
1277 1266 1405 1296 Curiam
1421 1261 1563 1294 vendidit
1580 1264 1613 1293 in
1633 1274 1649 1293 u
1645 1260 1730 1305 filaus
1743 1258 1862 1303 feudor.
1883 1269 1979 1300 quam
1999 1258 2202 1289 commendat

1208 1308 1330 1340 Clar.in
1343 1305 1506 1344 §.Feudum
1518 1328 1528 1342 ‚
1545 1316 1573 1344 q.
1589 1315 1636 1346 34.
1647 1309 1679 1337 &
1690 1306 1799 1345 probat
1819 1304 1916 1336 Feliri.
1928 1305 1960 1334 in
1971 1300 2001 1332 d.
2012 1310 2077 1343 cap.
2088 1300 2160 1343 Quae
2171 1302 2203 1330 in

1210 1351 1417 1393 Ecclefiart-rm
1428 1372 1437 1386 ,
1458 1361 1506 1380 nu.
1518 1353 1568 1387 78.
1581 1349 1618 1380 Et
1631 1351 1667 1381 :id
1688 1346 1833 1389 praedicta
1845 1347 1941 1378 etiam
1965 1345 2041 1376 facit
2052 1346 2136 1385 quod
2152 1352 2207 1374 no-

1210 1405 1256 1427 tat
1268 1395 1371 1425 Abbas
1381 1397 1413 1434 in
1424 1395 1565 1432 capaS'uis
1576 1390 1774 1433 quastionibus
1787 1413 1796 1427 ‚
1814 1400 1896 1428 nu.7.
1907 1389 1944 1420 de
1956 1385 2041 1429 praeb.
2049 1387 2102 1419 ubi
2115 1395 2201 1417 tenet

1210 1438 1396 1470 ordinatum
1408 1438 1443 1468 ad
1457 1436 1587 1468 titulum
1607 1434 1792 1477 patrimonii
1804 1444 1869 1465 non
1881 1433 1962 1474 posse
1974 1430 2111 1462 invitum
2122 1429 2204 1461 deti·
2242 1456 2246 1461 .

1211 1482 1281 1513 neri
1296 1482 1330 1512 in
1350 1479 1488 1511 Dioecesi
1500 1502 1510 1516 ‚
1531 1483 1594 1511 ἃς.
1615 1479 1671 1510 hac
1693 1488 1798 1511 motus
1819 1474 2074 1519 consideratione
2084 1495 2095 1510 ‚
2115 1472 2202 1514 quod

1212 1526 1337 1556 ratione
1348 1522 1537 1564 patrimonii
1558 1533 1623 1554 non
1650 1531 1791 1554 remanet
1810 1520 1971 1569 obligatus
1990 1516 2132 1549 officiare
2144 1525 2209 1564 cer-

1212 1579 1277 1601 tain
1288 1567 1470 1604 Ecclesiam,
1482 1568 1514 1598 &
1526 1566 1566 1598 sic
1578 1566 1671 1598 cessar
1682 1566 1765 1597 ratio
1777 1587 1786 1601 ,
1796 1561 1997 1606 quare'posfit
2006 1560 2083 1602 cogi
2096 1583 2104 1592 .
2116 1557 2210 1591 Licet
2236 1567 2272 1601 31

1213 1612 1297 1644 aliud
1310 1611 1454 1644 videatur
1464 1610 1636 1643 dicendum
1656 1609 1719 1650 post
1729 1606 1994 1640 Concil.Triden.
2005 1615 2071 1647 quo
2081 1613 2146 1652 non
2154 1613 2210 1652 po-

1212 1655 1268 1688 test
1279 1655 1350 1697 quis
1365 1657 1401 1686 ad
1413 1654 1545 1686 titulum
1557 1652 1743 1694 patrimonii
1754 1651 1898 1684 ordinari
1912 1673 1921 1687 ,
1942 1649 2001 1682 nisi
2022 1658 2078 1691 pro
2089 1648 2211 1695 utilita-

1214 1709 1263 1734 te,
1275 1700 1321 1731 vel
1335 1697 1517 1730 necessitate
1529 1697 1669 1729 Ecclesiae
1681 1708 1692 1733 ;
1702 1698 1775 1728 utin
1786 1694 1815 1727 d.
1825 1692 2025 1736 cap.2.sess.2
2034 1702 2059 1724 i.
2070 1692 2205 1723 Accedit

1213 1743 1310 1775 etiam
1320 1752 1543 1782 argumentum
1553 1742 1569 1772 ὲ
1580 1741 1719 1772 cessante
1728 1739 1853 1772 ratione
1867 1749 1873 1768 :
1886 1737 1973 1770 Nam
1983 1736 2068 1770 ratio
2079 1744 2201 1784 {quare
2225 1743 2266 1777 32

1214 1785 1326 1827 provisi
1335 1787 1372 1817 de
1386 1785 1549 1817 beneficiis
1568 1795 1634 1816 non
1655 1784 1778 1825 possunt
1798 1783 1854 1815 illa
1863 1781 1973 1814 invitis
1992 1778 2214 1821 Superioribus

1215 1829 1369 1870 resignare
1381 1851 1391 1865 ,
1401 1828 1443 1860 est
1454 1850 1463 1864 ‚
1486 1839 1524 1860 nc
1537 1828 1609 1859 inde
1620 1826 1840 1868 Superioribus
1854 1826 1908 1857 fiat
1919 1823 2134 1867 praejudicium
2143 1844 2153 1859 ,
2176 1831 2212 1853 ut

1215 1882 1306 1905 notat
1318 1872 1393 1913 glos.
1404 1875 1437 1903 in
1447 1874 1554 1912 cap.Si
1566 1871 1668 1904 elefflo
1679 1893 1688 1907 ,
1709 1873 1742 1902 in
1754 1881 1818 1902 ver.
1832 1870 2007 1902 Renuntiat.
2019 1866 2057 1899 de
2067 1863 2208 1898 eleffilib.

1215 1922 1342 1956 6.qiiam
1353 1917 1459 1947 adhoc
1472 1914 1662 1955 propositum
1675 1914 1826 1954 ponderat
1837 1909 2211 1950 Calderin.d.cons.2rque

1215 1960 1298 1991 ratio
1309 1959 1406 1992 etiam
1419 1958 1583 1999 colligitur
1612 1968 1650 1990 ex
1670 1958 1726 1988 hac
1741 1956 1905 1989 Decretali
1917 1968 1928 1985 .·
1948 1955 1996 1987 sed
2008 1955 2069 1986 liaec
2081 1952 2165 1984 ratio
2178 1953 2212 1983 iri

1217 2003 1323 2035 nostro
1333 2002 1426 2034 cessat
1437 2002 1528 2033 casu:
1543 2011 1620 2042 ergo
1630 2003 1662 2033 ὅ(
1674 1999 1836 2040 dispositio
1847 1997 1978 2032 cessabit
1988 2020 1997 2034 ‚
2019 1998 2040 2029 Ι.
2053 1996 2191 2035 Adigere
2202 2017 2214 2031 ,

1217 2047 1404 2089 §.Quamvis
1414 2067 1424 2082 ‚
1436 2042 1528 2087 ffiDe
1536 2043 1721 2086 jurepatron.
1732 2043 1768 2075 Et
1779 2043 1923 2084 quamvis
1934 2040 2082 2074 Card.liic
2094 2044 2153 2077 q.8.
2165 2039 2211 2070 vi-

1214 2092 1324 2121 deatur
1336 2089 1450 2122 sentire
1460 2088 1545 2120 hunc
1565 2098 1688 2120 textum
1697 2089 1865 2128 procedere
1885 2086 1918 2118 in
1929 2085 2078 2117 omnibus
2091 2083 2205 2115 benefi-
2240 2093 2278 2125 33

1215 2133 1275 2165 ciis
1286 2132 1597 2174 simplicibusztamen
1608 2132 1732 2163 videtur
1744 2131 1830 2171 loqui
1842 2132 1879 2162 de
1893 2130 1967 2165 illis,
1977 2129 2090 2170 quibus
2101 2128 2142 2160 est
2156 2139 2211 2160 an-

1216 2187 1331 2208 nexum
1343 2176 1472 2216 aliquod
1484 2185 1608 2207 certum
1620 2174 1779 2216 personale
1790 2174 1963 2209 servitium,
1974 2175 2049 2204 dum
2061 2170 2171 2204 fundat
2183 2169 2211 2203 se

1216 2220 1251 2251 in
1261 2231 1297 2251 ea
1308 2219 1432 2251 ratione
1441 2241 1451 2255 ,
1470 2219 1548 2259 quia
1556 2217 1762 2251 beneficiatus
1773 2217 1916 2249 censetur
1926 2215 2011 2257 quasi
2023 2215 2210 2247 contrahere

1215 2273 1289 2299 cum
1301 2262 1484 2299 Ecclesiae<
1495 2262 1524 2294 se
1533 2262 1675 2302 obligare
1687 2262 1722 2293 ad
1735 2260 1931 2292 serviendum
1942 2283 1951 2296 ,
1963 2261 1995 2291 ὅ(
2007 2260 2121 2299 allegat
2132 2268 2208 2290 tert.

1215 2309 1249 2338 in
1259 2306 1408 2348 cap-lVist
1417 2328 1426 2342 ,
1446 2307 1585 2343 §.Verum
1595 2328 1605 2343 ‚
1616 2306 1700 2344 infra'
1710 2302 1833 2345 eod.qui
1843 2303 1983 2345 loquitur
1996 2303 2027 2334 in
2040 2302 2190 2343 Episcopo
2199 2324 2208 2337 ,

1216 2350 1259 2382 ibi
1270 2372 1280 2386 ,
1302 2351 1377 2380 Non
1391 2348 1480 2384 debes
1498 2344 1780 2390 desereresponsam
1790 2357 1874 2379 tuam
1884 2370 1894 2383 ,
1915 2348 1962 2378 cui
1973 2344 2123 2387 defigendo
2142 2355 2209 2376 nia-

1215 2403 1285 2425 num
1295 2402 1348 2434 per
1358 2402 1540 2425 extraneum
1551 2402 1581 2424 te
1617 2393 1653 2424 de
1663 2390 1765 2423 media
1777 2401 1807 2423 co
1809 2389 1919 2432 Pulasti
1931 2414 1937 2421 .
1948 2388 2096 2420 Praerereii
2107 2390 2143 2419 ad
2156 2389 2211 2419 do-

1216 2437 1351 2468 ctrinam
1362 2435 1458 2468 Card.
1471 2436 1507 2469 ὠ
1517 2435 1561 2468 ad
1593 2459 1601 2467 .
1611 2439 1663 2468 c.S
1664 2438 1676 2466 i
1687 2436 1752 2472 quis
1763 2446 1834 2465 vcro
1846 2455 1854 2470 ,
1874 2443 1935 2471 7.q.
1950 2442 1974 2463 i.
1985 2430 2022 2464 &¹
2033 2430 2074 2463 ad
2084 2429 2209 2470 reguid.

1217 2491 1283 2522 cap.
1299 2479 1353 2521 fin.
1364 2478 1401 2511 de
1420 2479 1510 2520 rescr.
1522 2478 1608 2512 lib.6.
1620 2478 1761 2518 respond.
1771 2480 1937 2518 procedere
1949 2473 2119 2507 secundum
2129 2474 2209 2506 :inti-

1217 2535 1280 2564 qua
1299 2533 1457 2563 tempora,
1478 2524 1606 2564 quando
1623 2520 1777 2554 beneficia
1793 2519 1997 2561 requirebant
2017 2518 2210 2558 personalem

1219 2567 1417 2599 residentiam
1428 2588 1437 2602 ‚
1461 2569 1737 2606 ccip.Co›1qiierente
1747 2586 1757 2600 ,
1778 2565 1852 2605 infr.
1863 2562 1900 2594 de
1910 2563 1992 2594 Clcr.
2002 2573 2058 2593 non
2067 2559 2209 2605 resident.

1218 2613 1250 2643 &
1264 2620 1352 2642 notat
1364 2610 1435 2641 satis
1447 2613 1482 2641 :id
1504 2609 1693 2650 propositum
1705 2607 1846 2639 nostrum
1857 2606 1982 2647 l'raepos.
2002 2607 2035 2637 in
2053 2614 2120 2648 cap.
2132 2607 2210 2636 San-

1219 2655 1328 2686 {iorum
1339 2675 1349 2690 ‚
1359 2654 1444 2685 col.2.
1456 2651 1621 2694 dist.70.At
1633 2662 1707 2684 cum
1717 2650 1810 2682 hodie
1822 2649 1976 2682 beneficia
1986 2649 2135 2690 simplicia
2145 2658 2211 2689 per·

1219 2698 1356 2730 sonalem
1369 2696 1568 2727 residentiam
1587 2705 1652 2726 non
1664 2705 1715 2735 req
1721 2694 1825 2725 uirant
1835 2704 1872 2725 ex
1883 2692 2024 2734 generali
2043 2691 2212 2725 consuetu-

1220 2742 1305 2776 dine,
1315 2742 1353 2771 de
1363 2749 1425 2780 qua
1438 2739 1588 2771 testantur
1600 2741 1632 2770 in
1642 2736 1749 2771 aciem
1760 2737 1825 2776 jam
1836 2735 1956 2772 dudum,
1967 2734 2004 2768 de
2010 2733 2213 2776 praebJr'inoc.

1221 2796 1269 2815 nu.
1286 2794 1309 2814 1.
1322 2782 1476 2814 Hostiens.
1488 2785 1519 2814 δε
1532 2783 1620 2823 Joan.
1633 2782 1732 2813 Andr.
1751 2779 1838 2812 ambo
1848 2789 1930 2811 num.
1945 2789 1973 2819 3.
1984 2778 2150 2811 Cardinal.
2160 2789 2208 2809 nu.

1226 2838 1236 2859 i
1250 2838 1272 2857 1.
1286 2829 1317 2858 8<
1338 2827 1385 2857 An
1392 2826 1474 2857 cliar.
1485 2838 1533 2857 nu.
1546 2829 1574 2858 6.
1586 2836 1622 2857 ex
1634 2835 1744 2857 eorum
1755 2823 1966 2864 resignatione
1982 2821 2130 2864 Superior
2143 2822 2212 2853 nul-

1223 2872 1287 2901 lum
1299 2869 1395 2910 potest
1406 2871 1594 2909 praetendere
1608 2867 1838 2900 interessemam
1849 2877 1907 2898 nec
1919 2872 1957 2898 e‘a
1965 2867 2146 2898 obtinentes
2157 2875 2210 2906 po-

1223 2913 1326 2948 teliuu
1337 2913 1488 2944 resideant
1503 2913 1536 2944 in
1547 2912 1731 2953 Episcopatu
1742 2920 1867 2951 cogere,
1879 2912 1911 2941 &
1923 2909 1997 2941 alias
2008 2909 2128 2941 censuit
2141 2909 2209 2940 Sac.

1223 2956 1444 2996 congregatio
1454 2955 1585 2988 Concil.
1598 2955 1818 2995 Episcoporuin
1829 2975 1838 2990 ‚
1859 2964 1894 2985 ac
1907 2952 2057 2994 Regular.
2071 2951 2211 2993 negotiis

1224 3000 1382 3041 pioepolita
1392 3022 1400 3030 .
1412 2998 1511 3030 Unde
1525 3009 1590 3030 non
1600 2998 1641 3030 est
1652 2998 1852 3038 ratio,quare
1864 2997 1904 3028 sic
1916 2996 2055 3037 provisus
2065 2995 2138 3035 cogi
2150 2994 2212 3035 pos-

1226 3044 1261 3074 sit
1272 3065 1282 3079 ,
1303 3052 1335 3075 ut
1348 3043 1466 3074 benefic
1472 3042 1535 3073 ium
1554 3041 1673 3072 invitus
1693 3041 1828 3073 retincat
1837 3062 1847 3075 ‚
1868 3040 1942 3072 cum
1963 3039 2153 3072 beneficium
2175 3037 2208 3068 in

1226 3087 1363 3118 invitum
1376 3097 1440 3117 non
1452 3084 1634 3117 conferatur
1644 3106 1654 3120 ,
1675 3086 1804 3125 quando
1812 3083 1917 3125 agitur
1926 3085 1965 3115 de
1985 3082 2155 3115 commodo
2167 3079 2209 3119 ip-

1227 3131 1284 3161 sius
1305 3128 1556 3160 contradicentis
1574 3129 1737 3160 dumtaxat
1748 3149 1757 3164 ,
1777 3127 1869 3168 gloss.
1891 3125 2022 3168 Institut.
2040 3124 2116 3164 quib.
2131 3121 2209 3154 mod.

1226 3175 1291 3205 toll.
1302 3172 1426 3210 obligat.
1447 3174 1478 3201 in
1490 3169 1590 3201 addit.
1610 3174 1642 3201 in
1653 3173 1780 3211 princip.
1792 3173 1824 3202 in
1835 3182 1900 3202 ver.
1911 3171 2026 3202 Solutio
2036 3191 2045 3204 ‚
2067 3166 2212 3198 &favori

1226 3215 1279 3249 suo
1292 3215 1381 3257 poss'it
1392 3214 1521 3255 quisque
1533 3214 1715 3246 renuntiare
1726 3236 1737 3251 ,
1754 3214 1783 3245 d.
1792 3223 1856 3254 cap.
1869 3212 1925 3245 Ad
1935 3209 2142 3254 Apostolicam
2152 3231 2162 3245 a
2174 3207 2211 3240 de

1226 3256 1412 3299 regularibus
1422 3280 1430 3288 .
1454 3257 1590 3298 Ideoque
1601 3257 1689 3288 Host.
1707 3259 1740 3289 in
1743 3256 1864 3298 summa
1875 3257 1926 3288 hoc
1935 3256 2016 3286 titul.
2039 3257 2066 3291 ς.
2077 3253 2158 3296 le
2168 3263 2213 3283 re-

1227 3305 1367 3336 nuntiare
1377 3323 1386 3338 ,
1404 3304 1525 3333 num..6.
1539 3301 1719 3341 simpliciter
1728 3301 1807 3333 dicit
1820 3312 1827 3331 z
1849 3300 1997 3332 Clericum
2008 3295 2089 3337 poſse
2107 3307 2212 3327 renun-

1227 3349 1308 3378 tiare
1319 3368 1328 3382 ,
1347 3344 1430 3377 modo
1439 3355 1495 3375 non
1507 3341 1615 3376 habeat
1633 3346 1703 3376 alas
1717 3345 1832 3382 ligatas
1842 3365 1852 3378 ,
1870 3352 1902 3373 ut
1920 3339 1961 3381 est
1972 3340 2119 3372 Praelatus
2129 3361 2139 3376 ,
2162 3341 2211 3377 qui

1227 3389 1318 3421 datur
1327 3411 1337 3425 ,
1348 3386 1385 3420 Θ
1395 3385 1549 3428 affamitur
1558 3399 1613 3419 non
1625 3386 1782 3428 prosefhlo
1792 3409 1801 3421 ,
1809 3384 1866 3424 sed
1875 3392 1994 3425 propter
2003 3383 2092 3419 alios,
2104 3392 2135 3413 ut
2144 3391 2212 3422 pric-

1221 3435 1265 3478 fit
1278 3455 1287 3469 ‚
1307 3432 1344 3464 <9⁴
1354 3431 1447 3472 profit
1457 3452 1467 3466 ,
1486 3427 1666 3472 d.cnp.Nifi
1677 3440 1741 3462 cum
1751 3427 1868 3470 pridem
1879 3449 1894 3464 „
1909 3425 1994 3467 infra'
2004 3425 2065 3458 eod.
2076 3430 2108 3458 ὅ(
2120 3426 2208 3456 sensit

1229 3475 1391 3510 lnnoc.liic
1402 3477 1434 3507 in
1442 3476 1573 3516 prinam
1589 3473 1809 3509 ver-Intrarffid
1816 3481 1867 3504 um
1877 3470 1956 3502 dixit
1968 3469 2047 3502 lianc
2058 3468 2174 3541 Deir&
2182 3478 2211 3497 a-

2122 3520 2171 3542 ein

2210 224 2249 254 27

2216 475 2258 506 28

2231 1350 2270 1383 30

2236 2442 2278 2474 34

2236 3003 2272 3036 35
