2397 3664
152 161 187 190 18

156 584 215 625 19*

149 1757 185 1784 21

143 2065 181 2087 22

149 2495 188 2527 23

152 2756 193 2786 24

312 90 374 130 12

251 156 371 188 Vei-[ini
381 176 390 190 ‚
412 162 445 185 ut
457 152 560 193 inquit
571 153 740 183 Host‘icniis
757 150 805 181 liic
815 160 844 179 n.
859 158 904 183 ιγ.
916 148 986 178 licet
998 149 1043 179 eti
1053 157 1093 178 im
1104 156 1141 178 cx
1151 147 1199 178 di-

211 201 271 233 ciis
290 200 503 231 haereticorum
515 205 634 237 partem
652 194 767 226 sumere
775 212 785 226 ,
806 191 860 222 ubi
883 188 959 221 bene
979 191 1123 221 dixerunt
1133 210 1142 223 ‚
1165 199 1199 221 ut

211 253 273 284 cap.
284 245 321 275 Si
332 241 402 280 quid
411 242 480 272 veri
492 248 539 280 37.
550 236 619 279 dist.
630 235 667 270 &¹
675 244 737 275 cap.
753 244 777 265 1.
788 235 821 265 in
829 235 926 273 princ.
939 241 985 271 19.
998 231 1068 274 dist.
1078 232 1200 264 didiurn

213 297 318 319 tamen
330 285 467 316 liaeret'ici
487 283 684 323 reprobatur,
706 276 758 308 etsi
771 278 887 308 bonum
912 275 947 308 sit
955 297 965 311 ‚
986 282 1141 317 quantum
1163 276 1200 306 ad

214 331 273 362 hoc
284 351 294 364 ,
315 338 349 360 ut
360 338 414 368 pro
425 327 488 366 jure
507 326 671 356 habeatur,
692 319 776 360 quasi
799 319 1023 351 authoritatem
1036 321 1068 350 in
1088 318 1115 350 sc
1124 328 1201 350 con-

215 376 330 405 tineat:
342 369 414 402 aliis
421 368 504 410 quasi
517 376 624 398 verum
635 385 644 397 ‚
655 373 719 395 non
728 372 834 394 tamen
845 363 1081 397 authorizabile‚
1092 372 1201 402 appro-

215 418 304 448 batur
314 437 321 444 .
345 413 382 445 Et
393 411 597 450 itaintelligas
606 408 674 449 jura
683 427 693 441 ‚
713 416 780 447 quae
790 408 822 437 in
845 406 904 438 hoc
914 405 1074 437 contraria
1091 406 1202 436 viden-

216 469 269 491 tur
278 479 288 493 ‚
312 455 479 488 secundum
488 451 626 484 Gofl'red.
635 451 667 482 &
677 448 891 484 Hostiensem,
912 458 986 480 cum
1002 449 1115 489 quibus
1125 457 1201 479 con-

216 503 348 534 cordant
366 498 416 530 hic
434 498 519 537 Joan.
530 493 626 527 Andr.
646 504 786 534 num-44.
802 492 1048 525 Bellainei·.num.
1064 493 1201 532 13.circ.z

217 544 270 584 ti‘n.
282 542 361 584 vers
375 540 499 572 Difftum
509 547 612 569 tamen
628 534 758 571 heretici
768 559 775 567 .
911 540 914 542 ’

257 587 315 619 Sed
325 585 416 616 hodie
426 584 459 612 in
471 583 571 622 prima
591 580 921 612 excommunicatione
932 579 1023 610 Bullce
1033 577 1141 610 Coenae
1150 587 1202 608 ex-

215 628 489 662 communicantur
499 624 716 656 liaereticotum
726 623 818 655 libros
837 622 973 654 liaei'eslm
984 624 1181 654 continentes
1192 640 1202 653 ³

215 673 262 704 vel
274 673 310 702 de
321 669 489 710 Religione
497 665 744 701 tractantesssine
754 666 944 698 authoritate
954 665 1041 697 Sedis
1049 664 1074 696 A
1079 664 1202 706 postoli-

216 726 258 747 αι·
269 735 278 748 ‚
290 715 419 745 scienter
427 711 574 752 legentes,
585 711 765 744 retinentes,
777 711 1003 750 imprimentes,
1012 708 1203 748 seuquomo-

216 759 333 790 dolibct
344 754 543 788 defendentes
554 775 562 790 ‚
573 764 608 786 ex
617 753 728 795 quavis
739 752 845 787 causa,
856 750 975 793 publice
985 773 993 786 ‚
1005 751 1051 782 vel
1062 747 1184 782 occulte
1193 769 1203 782 ‚

215 801 329 843 quovis
340 800 470 840 'ingenio
480 819 489 833 ‚
508 798 554 829 vel
566 797 685 829 colore.
707 796 745 827 Et
756 798 799 827 ita
807 797 845 826 ad
856 796 936 826 hanc
948 794 1204 826 excommunica-

217 845 338 876 tionem
347 843 567 874 incurrendam
577 849 710 881 quatuor
717 839 917 871 conditiones
927 834 1205 879 requiruntui·.Pri-

217 898 270 919 iria
280 886 394 919 scilicet
405 906 415 920 ‚
430 894 465 916 ut
475 886 544 916 libri
555 884 613 914 sint
626 883 841 914 haereticorum
852 903 859 911 .
882 881 1021 913 Secunda
1032 899 1041 914 ‚
1067 888 1099 910 ut
1112 878 1205 909 haere-

215 931 271 963 sim
281 931 467 962 contineant
477 948 486 963 ‚
495 927 542 958 vel
552 928 588 958 de
599 925 668 957 Reli
672 927 766 967 gione
777 924 921 956 tradkent.
934 923 1056 956 Tertia,
1065 931 1098 952 ut
1109 921 1205 952 scien-

216 984 263 1006 ter
272 975 414 1014 legantur
424 992 433 1006 ‚
443 972 635 1002 retineantur
645 989 654 1003 ,
663 969 885 1009 imprimantur
894 986 905 1000 ,
921 966 968 998 vel
980 965 1186 997 defendantur
1196 985 1204 993 .

218 1017 345 1059 Qiarta
355 1037 365 1050 ,
379 1024 413 1046 ut
424 1015 456 1046 id
467 1015 520 1045 fiat
531 1013 593 1044 sine
606 1013 733 1043 licentia
742 1011 828 1042 Sedis
838 1009 1019 1050 Apostolicae
1027 1031 1034 1039 .

256 1059 350 1092 Semi)
361 1067 436 1089 nota
445 1058 488 1089 ibi
498 1077 508 1091 ,
530 1053 709 1095 Apostolicae
718 1051 811 1085 Sedis
818 1052 928 1090 judicio
936 1049 1129 1092 approbanda
1137 1071 1146 1085 ,
1169 1049 1206 1082 (ῥ’

216 1100 396 1141 corrigenda
405 1121 415 1135 ,
437 1099 636 1131 erranteinin
644 1097 706 1128 fide
719 1107 783 1128 non
792 1096 848 1128 esse
871 1095 1068 1129 haereticuin,
1091 1095 1110 1125 si
1122 1104 1206 1124 erro-

216 1157 282 1178 rem
305 1144 391 1175 suum
413 1142 562 1183 supponat
582 1141 703 1183 judicio
722 1139 809 1171 Sedis
819 1139 1001 1180 Apostolicae
1009 1159 1019 1173 ,
1041 1138 1089 1169 vel
1111 1138 1206 1169 fidem

217 1189 371 1221 Romano:
380 1185 520 1217 Ecclesia:
530 1183 557 1216 se
568 1193 672 1215 tenere
681 1183 869 1215 confiteatur
878 1204 886 1212 .
907 1182 956 1213 Ad
966 1182 1051 1213 idem
1061 1188 1123 1220 cap.
1136 1182 1207 1212 Haec

215 1230 340 1274 estfides
353 1239 400 1269 24.
412 1239 438 1267 q.
453 1238 478 1259 1.
489 1236 551 1268 cap.
560 1229 662 1260 Dixit
670 1224 832 1266 Apostolus
841 1246 850 1261 ,
860 1235 918 1266 q.3.
928 1224 1123 1257 ubidicitur:
1134 1222 1205 1265 (Qu

216 1275 403 1307 sententiam
413 1271 498 1304 suam
510 1271 654 1312 quamvis
664 1269 788 1304 falsam,
809 1278 902 1310 atque
911 1267 1082 1310 perversam
1090 1287 1100 1301 ,
1122 1268 1205 1298 nulla

216 1318 368 1359 pertinaci
377 1314 573 1347 animositate
583 1313 755 1346 defendunt
763 1334 773 1348 ,
794 1320 937 1354 quaerunt
947 1321 1050 1343 autem
1061 1320 1152 1342 cauta
1160 1309 1206 1340 so-

215 1362 377 1393 licitudine
389 1360 554 1390 veritatem
562 1378 572 1392 ,
594 1357 710 1398 corrigi
729 1358 825 1397 parati
835 1355 907 1387 cum
930 1355 1111 1386 invenerint
1121 1373 1130 1388 ‚
1152 1363 1206 1384 ne-

214 1413 373 1446 quaquam
391 1401 458 1433 sunt
469 1401 551 1433 inter
572 1400 733 1431 haereticos
742 1400 927 1440 deputandi.
951 1397 1084 1438 Ideoque
1102 1399 1133 1428 in
1145 1395 1206 1427 Ex-

214 1457 332 1488 travag.
343 1447 403 1478 Vas
413 1445 563 1476 electionis
571 1464 582 1479 ,
597 1443 634 1475 de
643 1445 803 1475 Haereticis
812 1463 821 1477 ‚
839 1442 925 1483 Joan.
936 1440 1071 1473 Poliach.
1084 1439 1205 1471 Doetor

213 1489 388 1524 parisiensis
400 1487 532 1521 nonfuit
541 1488 702 1519 haereticus
711 1507 721 1524 ,
735 1487 811 1527 quia
820 1484 893 1517 licet
904 1485 939 1517 in
948 1483 1139 1516 Consistorio
1149 1482 1206 1514 Pa-

214 1545 257 1575 poe
268 1533 415 1565 articulos
425 1552 436 1568 ,
457 1541 534 1573 quos
545 1532 693 1562 docuerat
702 1550 713 1565 ,
733 1529 897 1562 defendere
907 1528 1058 1560 niteretur
1067 1548 1077 1562 ‚
1099 1527 1205 1558 affere-

215 1579 267 1609 bat
284 1586 389 1608 tamen
399 1575 427 1607 se
447 1585 588 1617 paratum
598 1575 722 1606 credere
731 1595 741 1609 ‚
762 1575 797 1605 &
819 1582 924 1605 tenere
933 1574 965 1604 in
977 1570 1132 1612 przeiriiffis
1141 1591 1150 1605 ,
1171 1572 1205 1601 ὃς

213 1623 284 1652 aliIs
292 1641 301 1655 ‚
322 1630 389 1661 quae
399 1619 552 1651 cr'edenda
562 1639 571 1654 ‚
587 1619 619 1651 δέ
629 1619 763 1649 tenenda
773 1617 829 1648 esse
839 1616 933 1648 Sedes
943 1613 1204 1656 Apostolicadefi-

213 1667 294 1695 niret
304 1684 314 1698 ‚
324 1672 358 1694 ut
369 1664 413 1694 ibi
422 1663 552 1704 legitur,
573 1662 608 1694 &
618 1660 667 1693 hic
679 1670 791 1693 notant
799 1660 893 1702 glossa
902 1661 935 1691 in
944 1657 1027 1690 verb.
1039 1658 1205 1696 Corrigen<

214 1708 273 1742 da,
295 1708 372 1738 Abb.
382 1706 491 1747 Antiq.
501 1717 531 1737 n.
543 1715 569 1746 3.
580 1704 751 1736 Hostiensis
761 1716 790 1736 n.
803 1703 902 1744 18.Jo.
912 1704 1010 1734 Andr.
1021 1702 1054 1733 δέ
1077 1700 1203 1732 Bellam.

209 1753 241 1782 in
247 1753 344 1790 princ.
360 1749 444 1781 Butr.
455 1761 484 1781 n.
498 1757 544 1787 27.
555 1749 633 1782 Abb.
645 1747 739 1779 Sicul.
749 1758 778 1778 n.
790 1755 816 1786 5.
825 1748 858 1778 &
868 1746 979 1786 reliqui
987 1754 1097 1776 omnes
1107 1765 1114 1773 .
1139 1743 1204 1774 Ra-

212 1796 258 1826 tio
268 1793 358 1833 hujus
375 1791 547 1824 assertionis
566 1791 605 1823 est
617 1811 628 1826 ‚
648 1792 723 1832 quia
732 1790 850 1822 haeresis
864 1790 905 1821 est
915 1798 998 1819 error
1017 1790 1050 1819 in
1061 1787 1121 1818 fide
1131 1795 1205 1818 cum

211 1837 402 1879 pertinacia,
423 1844 486 1875 cap.
496 1835 561 1878 Qui
569 1836 602 1866 in
614 1833 787 1875 Ecclesiam
797 1853 806 1867 ‚
823 1843 871 1871 24.
882 1841 908 1869 q.
923 1840 950 1871 3.
961 1830 1089 1862 Archid.
1098 1832 1132 1861 in
1139 1837 1202 1869 cap.

210 1881 344 1922 Haerefis
354 1889 433 1911 num.
451 1888 462 1910 1
469 1900 476 1908 .
487 1879 591 1909 eadem
600 1881 686 1918 causa
695 1896 705 1910 ‚
715 1876 752 1908 <9¹⁹
761 1873 853 1915 quast.
863 1874 987 1917 Sylvest.
996 1876 1029 1905 in
1039 1871 1122 1906 verb.
1133 1875 1205 1907 Hae-

202 1924 287 1967 -rests
299 1933 324 1954 i.
336 1934 383 1954 nu.
403 1932 428 1953 1.
437 1920 535 1954 Unde
546 1918 993 1952 secundumArchidiaconum
1001 1919 1039 1948 ad
1049 1919 1204 1948 rationem

209 1967 348 1998 haeretici
357 1967 420 1998 duo
428 1972 620 1997 concurrunt
631 1974 637 1993 :
646 1971 745 1994 unum
755 1962 795 1993 est
806 1970 891 1993 error
900 1962 934 1992 in
945 1959 1203 2001 intelle&u‚quod

209 2011 250 2042 est
261 2009 378 2041 haerefis
389 2008 537 2044 initium3
557 2007 690 2038 alterurn
699 2004 872 2046 pertinacia
881 2005 915 2035 in
926 2004 1109 2037 voluntate}
1118 2003 1203 2043 quod

205 2053 245 2085 est
259 2052 378 2084 haerefis
394 2051 660 2092 complementum
669 2071 676 2078 .
698 2049 741 2080 At
759 2050 902 2090 pertinax
912 2047 977 2079 dici
997 2056 1063 2077 non
1085 2045 1181 2086 potest
1193 2066 1203 2080 ,

207 2099 264 2139 qui
284 2105 420 2134 errorem
440 2093 529 2127 suum
543 2093 698 2134 corrigere
721 2100 843 2132 paratus
865 2089 906 2121 est
915 2110 924 2124 ‚
949 2091 983 2121 δε
1005 2089 1165 2129 profitetur
1175 2087 1203 2119 se

209 2141 352 2175 credere,
373 2139 457 2180 quod
466 2137 565 2170 credit
581 2135 696 2168 Sandia
704 2134 809 2166 Mater
827 2132 982 2166 Ecclesia,
1003 2131 1202 2162 Turrecrem.

208 2186 240 2215 in
249 2186 375 2216 Summa
382 2181 419 2213 de
429 2180 547 2221 Ecclefi
555 2178 608 2212 lib.
623 2190 652 2219 4.
661 2186 724 2218 cap.
740 2189 764 2211 1·
777 2185 857 2217 part.
869 2187 896 2208 2.
907 2174 1039 2207 Sanetus
1047 2173 1202 2206 Antonin.

208 2229 241 2259 in
253 2238 281 2258 2.
289 2235 370 2266 part.
379 2227 430 2257 tit.
444 2235 490 2256 12.
500 2232 563 2264 cap.
577 2233 603 2255 1.
613 2222 758 2255 Pertinax
768 2220 856 2252 enim
865 2220 950 2251 idern
962 2218 1022 2253 est,
1043 2227 1079 2248 ac
1089 2218 1182 2248 durus
1193 2235 1204 2250 ‚

209 2268 422 2302 irrevocabilis
430 2288 440 2304 ‚
462 2267 611 2299 indocilis
619 2286 630 2301 ‚
650 2265 821 2297 obstinatus
829 2284 839 2299 ‚
856 2271 891 2294 ut
900 2262 978 2294 dicit
987 2260 1081 2302 glossa
1088 2261 1121 2291 in
1131 2259 1204 2290 Cle-

210 2322 302 2345 ment.
311 2314 389 2345 unic.
400 2314 428 2350 §.
439 2309 535 2344 Porro
543 2331 554 2346 ‚
563 2312 596 2341 in
605 2305 689 2341 verb.
700 2308 911 2341 Pertinaciter
919 2326 930 2340 ‚
941 2304 979 2336 de
987 2306 1116 2336 Summa
1125 2303 1204 2335 Tri-

211 2359 309 2388 nitate
318 2376 328 2392 ,
350 2353 388 2388 (ῥ’
396 2353 473 2388 Fide
482 2353 641 2386 Catholica
651 2373 661 2388 ,
682 2353 715 2384 &
725 2352 840 2383 dicitur
848 2350 988 2390 pertinax
997 2346 1082 2388 quasi
1092 2355 1205 2387 propo-

211 2401 261 2431 siti
272 2408 364 2431 tenax
373 2419 384 2434 ‚
406 2397 457 2430 seu
467 2396 604 2429 multum
621 2405 716 2429 tenax
725 2416 734 2426 .
757 2394 843 2427 Facit
853 2401 927 2425 text.
936 2393 970 2424 in
993 2390 1014 2422 l.
1028 2399 1053 2431 3.
1066 2392 1092 2428 §.
1103 2389 1205 2423 Tuto-

213 2454 245 2473 re
254 2463 265 2477 ,
278 2440 317 2484 ff.
328 2442 364 2473 de
378 2441 504 2483 fiispet‘i.
515 2441 627 2473 Tutor.

252 2486 338 2517 Hinc
350 2484 504 2516 Doctores
513 2483 676 2516 Catholici
696 2482 787 2515 caute
795 2481 829 2514 in
840 2479 996 2523 principio
1007 2499 1017 2514 ‚
1040 2477 1088 2510 vel
1098 2478 1132 2509 in
1142 2476 1205 2509 fine

212 2530 360 2560 librorum
371 2527 495 2560 suorum
512 2526 741 2558 consueverunt
759 2534 914 2566 apponere
932 2522 1187 2564 protestationem
1195 2538 1205 2553 a

212 2571 296 2613 quod
313 2573 420 2603 omnia
430 2580 539 2603 eorum
554 2568 659 2603 dieta,
680 2578 734 2599 aut
756 2568 866 2607 scripta
876 2565 1068 2598 corrediioni
1085 2562 1206 2595 δειῃᾶὶτε

214 2614 354 2647 Ecciefiae
362 2613 535 2646 Catholicae
546 2612 711 2653 subjiciunt
722 2621 730 2647 ·,
747 2611 781 2642 &
792 2619 844 2651 per
853 2609 913 2641 hoc
922 2610 1043 2639 evitant
1052 2616 1146 2637 omne
1156 2616 1207 2646 pe-

217 2658 351 2689 riculum
363 2657 511 2689 haereticae
521 2656 681 2697 pravitatis
691 2674 701 2688 ‚
722 2651 795 2684 licet
803 2654 837 2683 in
847 2660 957 2683 eorum
979 2649 1100 2689 scriptis
1109 2647 1207 2694 aliqui

216 2702 276 2732 sint
286 2709 403 2731 errores
411 2701 448 2731 ab
457 2699 592 2732 Ecclesia
602 2695 743 2730 damnati
754 2716 764 2731 ‚
787 2704 877 2736 prout
887 2693 961 2725 fecit
976 2689 1207 2732 AbbasJoachi-

213 2753 282 2776 mus
298 2742 421 2774 dictans
430 2744 588 2782 epistolam
604 2742 728 2783 propria
743 2748 840 2770 manu
861 2736 1060 2777 subscriptam
1071 2754 1081 2768 ‚
1103 2735 1136 2765 in
1146 2743 1208 2774 qua

218 2788 348 2819 firmiter
368 2784 518 2817 confessus
528 2786 586 2818 fuit
596 2805 606 2821 ,
628 2783 656 2816 se
676 2784 763 2815 illam
773 2782 867 2813 fidem
889 2789 993 2811 tenere
1003 2798 1013 2813 a
1033 2787 1129 2818 quam
1141 2776 1208 2807 Ro-

219 2840 311 2862 rnana
321 2837 406 2860 tenet
416 2827 567 2863 Ecclesia,
587 2837 674 2870 quae,
694 2825 876 2866 disponente
891 2823 1035 2854 Domino
1046 2841 1055 2855 ‚
1076 2818 1209 2851 cunsto-

220 2883 289 2905 rum
308 2872 446 2912 fidelium
457 2870 560 2902 Mater
580 2872 620 2903 est
628 2892 638 2908 ‚
659 2872 693 2903 δε
702 2868 851 2910 Magistra
859 2888 869 2902 ‚
891 2876 926 2897 ut
947 2864 1062 2896 dicitur
1072 2864 1106 2894 in
1121 2871 1209 2894 textu

220 2915 324 2958 adfin.
336 2916 369 2947 &
391 2923 503 2946 notant
515 2913 596 2944 Butr.
608 2914 656 2946 hic
677 2921 758 2945 num·
771 2920 818 2949 27.
830 2909 917 2951 plene
938 2906 1069 2940 Cardin.
1080 2907 1113 2937 in
1135 2906 1209 2937 Cle—

220 2968 312 2992 ment.
326 2967 351 2989 1.
362 2961 388 2995 ἕ·
399 2959 426 2989 P
429 2956 497 2988 orr'o
507 2977 516 2992 ³
538 2966 616 2987 num·
629 2966 674 2995 50·
685 2955 722 2988 de
731 2958 859 2989 Summa
881 2953 1044 2984 Trinitate
1053 2970 1062 2984 ‚
1085 2951 1122 2981 Θ·
1131 2950 1158 2981 F
1159 2946 1209 2980 ide

223 3000 399 3035 Catholicis,
419 3000 496 3032 Dec.
504 2999 579 3040 cons
589 3001 618 3030 8.
628 3001 752 3031 Gravia
759 2998 854 3041 sunt,
875 3006 954 3027 num.
970 2996 1037 3026 128.
1048 2992 1111 3024 vol.
1127 2993 1209 3023 1.ἀί-

225 3056 299 3076 cens
309 3044 413 3076 dehoc
424 3043 478 3075 esse
489 3051 609 3075 textum
619 3051 756 3081 apertum
767 3062 777 3078 ‚
797 3042 831 3074 &
841 3042 878 3071 ad
891 3040 1012 3070 literam
1022 3036 1057 3067 in
1073 3036 1133 3067 hoc
1142 3045 1208 3075 cap.

231 3088 365 3120 Navarr.
373 3086 449 3128 confi
458 3091 486 3117 6.
499 3082 664 3130 Hypothes.
675 3095 774 3125 nu.i4.
784 3083 819 3116 de
831 3080 1023 3121 Haeretic.Jo.
1035 3079 1051 3110 a
1061 3077 1166 3120 Royas
1176 3079 1209 3109 in

227 3132 315 3162 erait.
327 3130 362 3161 de
375 3132 515 3161 l-Iaeretic.
525 3137 590 3168 par.
606 3137 631 3158 i.
640 3137 719 3158 num.
729 3132 777 3158 62.
786 3130 817 3160 &
829 3127 907 3158 lianc
918 3123 1073 3156 cautelam
1082 3122 1210 3153 tradidit

227 3174 361 3205 Barthol.
386 3171 570 3204 Veronensis
593 3169 712 3202 cautela
734 3178 796 3209 155.
823 3170 931 3202 Tenoi·
952 3175 1057 3199 autem
1080 3164 1210 3206 epistola:

227 3218 355 3250 Abbatis
368 3216 519 3256 Joachimi
528 3214 567 3246 est
578 3213 747 3254 ejusmodi.

166 3311 202 3345 25
223 3301 402 3345 Universts‚
424 3300 521 3338 quibus
539 3302 632 3333 litere
650 3298 709 3340 istae
727 3295 841 3338 ostensae
852 3297 990 3339 fuerint,
1011 3293 1211 3336 FraterJoa-

333 3342 430 3378 chim‚
451 3345 544 3376 ditius
554 3342 660 3377 Abbas
677 3341 713 3373 de
721 3342 830 3375 Flore,
852 3350 988 3372 eternam
998 3342 1032 3372 in
1041 3340 1107 3371 Do-

606 3388 687 3418 mino
697 3383 844 3426 salutem.

272 3476 360 3508 Sicut
370 3483 408 3505 ex
419 3473 520 3505 literis
530 3473 661 3512 D-Papae
670 3482 696 3511 q.
707 3470 875 3504 Clementis
883 3489 894 3505 ‚
915 3477 972 3507 quae
980 3466 1058 3508 apud
1067 3478 1118 3502 nos
1120 3467 1194 3509 fimt
1202 3485 1213 3502 ‚

575 65 758 138 Prosp.
776 64 1012 137 Fagnan.
1031 64 1087 119 in
1108 62 1352 119 Primum
1375 61 1604 119 Librum
1626 62 1903 121 Decretal.
1957 112 1962 117 .

1237 155 1295 184 peri
1308 149 1350 184 spi
1359 150 1466 191 purifi,
1538 150 1682 176 mandato
1693 148 1736 177 J).
1747 148 1832 185 Papa
1841 146 1951 180 Lucii,
1970 145 2058 181 ΘΒ.
2069 152 2154 189 Papa:
2167 150 2228 184 Ur.

1238 186 1309 230 bani
1319 188 1402 229 ηψπ
1405 189 1472 227 sum
1482 188 1513 219 al
1517 190 1586 225 iqua
1586 186 1770 230 scriptitaffe
1778 208 1788 223 ‚
1799 188 1836 221 (β’
1843 186 1984 228 hucusque
1994 209 2004 224 ‚
2014 190 2090 228 quod
2098 195 2225 225 occurrit

1238 230 1279 262 ad
1285 231 1419 269 gloriam
1429 231 1490 262 Dei
1494 230 1675 271 scriptitare
1684 243 1742 262 non
1752 229 1853 275 desino
1863 253 1871 261 .
1893 233 2032 270 Denique
2041 231 2151 267 librum
2157 247 2225 267 cwi-

1239 273 1342 306 cordiae
1352 275 1476 311 quinque
1486 270 1649 306 luminibus
1657 273 1905 315 comprehensum,
1916 276 2132 320 expofitioncm
2140 280 2211 318 Apo
2219 297 2226 300 ⁴

1240 316 1371 391 calyssfis
1386 315 1447 347 osso
1453 318 1589 356 partium
1605 317 1706 349 titulis
1714 317 1892 360 insignitam
1903 338 1912 352 ‚
1935 317 2120 358 psalterium
2128 317 2227 352 decem

1240 359 1308 392 chor
1331 370 1418 391 arum
1431 357 1529 391 tribus
1538 357 1741 392 voluminibus
1755 360 1882 401 incisum
1892 382 1902 396 ‚
1920 369 2010 401 prout
2018 364 2102 394 Deus
2118 361 2226 399 melius

1240 402 1411 444 inspiravit
1419 423 1429 437 ‚
1451 400 1628 443 &facultas
1637 404 1754 440 ingenii
1762 399 1864 444 affecit
1873 423 1883 438 ‚
1894 404 1934 435 ad
1943 403 2227 445 consummationem

1240 444 1392 480 conduxi,
1410 453 1519 485 prater
1528 445 1594 476 alia
1601 465 1611 480 ,
1627 455 1684 482 que
1693 447 1725 475 in
1731 446 1841 484 parvis
1850 443 1961 478 libellis
1969 468 1980 483 ‚
1989 448 2043 489 seu
2051 458 2155 480 contra
2165 449 2193 491 J
2195 461 2229 480 u-

1240 489 1315 520 deos
1323 509 1333 523 ,
1347 488 1399 530 seu
1417 497 1524 520 contra
1533 487 1692 520 Catholicae
1714 486 1737 527 ᾖ
1739 486 1787 519 dei
1796 491 1837 518 ad
1845 488 1993 529 versarios
2002 490 2210 531 comprehendi
2218 513 2227 522 .

1243 534 1287 563 Et
1296 530 1366 563 dum
1369 532 1438 572 sum
1447 533 1480 562 in
1488 529 1542 563 hoc
1550 539 1671 571 corpore
1677 530 1879 571 praeservatus
1888 551 1898 565 ,
1908 530 1948 563 ad
1955 532 2228 577 aedificationemfi-

1241 574 1354 606 delium
1363 573 1479 616 Christi
1490 595 1499 609 ‚
1509 574 1546 606 (ῥ’
1555 573 1692 606 maxime
1701 572 1922 605 Monachorum
1929 594 1940 609 ‚
1958 573 2034 608 dare
2042 585 2161 617 operam
2169 589 2227 610 non

1239 616 1377 659 postpono
1385 640 1394 648 .
1405 618 1490 662 Qia
1501 617 1573 649 vero
1580 625 1634 657 pro
1644 615 1782 658 angustia
1797 624 1961 655 temporum
1971 630 2029 650 non
2037 623 2120 659 potui
2128 619 2229 663 hucus—

1242 672 1295 699 que
1303 660 1440 701 opuscula
1448 662 1514 701 ipsa
1521 668 1629 700 preter
1637 658 1747 692 librum
1757 658 1914 691 concordie
1922 660 2097 701 Apostolico
2105 665 2230 696 culmini

1241 704 1416 744 prasentare
1425 725 1435 739 ‚
1457 713 1489 735 ut
1498 702 1535 735 ab
1544 715 1575 736 eo
1584 705 1804 742 corrigerentur
1813 723 1822 737 a
1839 702 1869 744 st
1879 711 1935 740 qua
1943 701 1986 735 ibi
2008 705 2018 745 (
2028 705 2102 742 quod
2111 718 2168 738 non
2177 705 2214 739 ab
2221 725 2229 729 ⁴

1242 759 1298 778 nuo
1306 768 1315 782 ‚
1338 747 1395 790 etsi
1403 746 1479 779 mihi
1489 745 1622 787 conscius
1631 758 1688 778 non
1692 746 1723 789 fi
1726 757 1754 777 m
1765 746 1774 786 )
1786 747 1969 777 occurrerint
1977 749 2154 786 corrigenda
2161 770 2171 785 ,
2191 750 2231 781 (θ’

1243 793 1375 822 incertus
1384 788 1425 831 est
1433 789 1548 822 homini
1555 801 1694 822 numerus
1702 787 1942 829 dierumsuorum
1954 801 1964 818 .·
1974 789 2007 832 si
2016 800 2062 821 me
2071 795 2231 832 contigerit

1240 832 1330 873 prius
1339 831 1443 872 egredi
1451 844 1491 864 ex
1501 831 1555 865 hac
1565 833 1629 865 luce
1638 854 1648 869 ‚
1669 832 1757 870 quam
1763 829 2031 874 possim-fecundum
2049 832 2125 871 quod
2133 838 2232 876 accepi

1243 880 1277 909 in
1286 876 1443 909 mandatis
1446 887 1456 912 ,·
1462 877 1493 918 st
1495 875 1613 914 quidem
1621 887 1657 908 ea
1666 875 1780 907 conditi
1783 886 1834 906 one
1837 875 1954 916 suscepi
1962 876 2119 911 diffamia,
2129 886 2161 909 ut
2169 889 2231 910 om-

1244 932 1296 952 nes
1309 918 1426 958 quidem
1437 919 1531 952 libros
1541 922 1569 951 ei
1577 941 1587 955 ‚
1610 921 1657 952 cui
1667 916 1773 950 datum
1784 916 1825 960 est
1835 917 2001 951 omnimode
2008 918 2214 961 magisterium
2222 941 2233 956 ‚

1241 963 1451 1005 praesentarem
1466 974 1476 993 :
1494 965 1573 1002 Rogo
1594 973 1633 994 ex
1646 971 1736 1003 parte
1751 963 1816 995 Dei
1835 963 2048 1001 omnipotentis
2068 961 2234 996 Coabbates

1244 1017 1323 1038 meos
1334 1027 1344 1041 ,
1360 1005 1397 1038 ὠ
1407 1008 1533 1038 Priores
1542 1027 1552 1041 ,
1571 1006 1607 1039 (θ’
1617 1016 1734 1038 caeteros
1744 1007 1872 1038 Fratres
1881 1014 2045 1037 metuentes
2057 1007 2154 1038 Deum
2164 1027 2174 1041 ,
2197 1005 2237 1039 (ῥ’

1244 1061 1278 1081 ca
1295 1060 1352 1087 qua
1363 1049 1442 1091 poſje
1449 1048 1575 1082 videtur
1592 1048 1777 1081 authoritate
1783 1051 1937 1089 precipio,
1959 1058 2100 1087 quatenus
2108 1049 2234 1090 presens

1237 1093 1302 1135 scri
1302 1101 1388 1132 ptum
1395 1113 1405 1128 ‚
1426 1102 1479 1125 aut
1487 1093 1648 1133 exemplar
1657 1091 1797 1125 habentes
1797 1092 1900 1136 secum
1907 1111 1917 1126 ‚
1931 1092 2002 1135 acsi
2008 1100 2061 1132 pro
2071 1091 2234 1134 testamen-

1244 1146 1274 1168 to
1284 1136 1421 1176 opuscula
1431 1157 1441 1172 ‚
1463 1146 1519 1174 quae
1529 1135 1668 1169 hactenus
1674 1135 1826 1177 confeciſje
1835 1134 1959 1170 videor,
1981 1134 2053 1179 &st
2062 1135 2132 1174 quid
2139 1148 2186 1169 me
2194 1135 2232 1168 de

1245 1191 1324 1211 novo
1340 1180 1428 1220 usque
1436 1179 1477 1211 ad
1497 1179 1577 1211 diem
1586 1178 1681 1212 obitus
1691 1182 1749 1211 mei
1758 1175 1922 1218 contigerit
1923 1178 2104 1220 scriptitare
2112 1200 2122 1214 ‚
2144 1182 2233 1218 quam

1245 1222 1337 1256 citiics
1345 1225 1499 1262 potuerint
1508 1223 1632 1255 calleti‘a
1638 1224 1871 1259 >omniaffelibiis
1879 1224 1911 1253 in
1912 1220 2009 1264 salva
2017 1221 2149 1263 custodia
2160 1224 2234 1255 exe*—

1241 1266 1277 1306 pl
1279 1263 1391 1301 aribus,
1402 1264 1577 1308 Apostolico
1585 1267 1711 1298 culmini
1720 1266 1938 1308 repraesentent,
1951 1268 2129 1305 recipientes
2137 1264 2176 1298 ab
2184 1277 2234 1297 ea-

1245 1307 1314 1341 dem
1327 1309 1405 1342 Sede
1415 1312 1484 1341 vice
1499 1320 1566 1341 mea
1591 1310 1802 1341 carreffionem
1812 1330 1822 1344 ‚
1845 1308 1882 1342 (ᾗ
1902 1317 2083 1349 exponentes
2093 1312 2121 1340 ei
2137 1319 2235 1340 meam

1244 1355 1326 1385 circa
1335 1351 1433 1393 ipsam
1442 1351 1633 1385 devotionem
1642 1373 1652 1388 ,
1669 1351 1738 1395 &fi
1739 1351 1807 1384 dem
1818 1373 1828 1388 ‚
1849 1351 1887 1385 ὠ·
1895 1353 1969 1391 quod
1977 1364 2011 1384 ea
2014 1351 2135 1393 semper
2140 1360 2236 1392 para-

1245 1396 1377 1439 tusfim‚
1389 1406 1445 1434 quae
1453 1394 1633 1437 ipsastatuit
1643 1417 1653 1431 ‚
1670 1397 1722 1428 vel
1723 1394 1870 1437 statuerit
1879 1417 1888 1430 ,
1899 1394 2058 1438 observare
2067 1406 2080 1432 ,-
2102 1396 2235 1429 nullam-

1245 1450 1298 1478 que
1314 1449 1413 1472 meam
1423 1442 1592 1480 opinionem
1609 1448 1716 1471 contra
1724 1439 1785 1477 ejus
1792 1439 1955 1483 defendere
1963 1438 2106 1480 sanilam
2117 1437 2213 1480 fidem
2224 1459 2236 1473 ,

1245 1482 1368 1515 credens
1384 1482 1424 1515 ad
1432 1486 1584 1523 integrum
1598 1493 1654 1521 quae
1672 1483 1737 1524 ipsa
1745 1481 1846 1514 credit
1854 1503 1864 1518 ‚
1887 1480 1925 1515 ὠ·
1944 1492 2010 1514 tam
2029 1494 2063 1513 in
2083 1479 2215 1514 moribus
2223 1502 2235 1517 ,

1244 1526 1335 1573 quaim
1344 1528 1378 1558 in
1387 1526 1525 1558 domina
1528 1525 1641 1568 suscipi
1644 1538 1695 1558 ens
1702 1526 1923 1561 correctionem,
1931 1524 2076 1564 abjiciens
2086 1523 2162 1563 quod
2171 1527 2183 1556 i
2183 1525 2236 1566 pfia

1243 1569 1351 1607 abiicit
1359 1591 1369 1606 ‚
1383 1569 1550 1612 suscipiens
1558 1569 1634 1609 quod
1647 1569 1776 1611 fiascipit
1785 1568 1850 1609 ipsa
1860 1590 1870 1604 ‚
1891 1568 2013 1601 credens
2024 1567 2167 1610 firmiter
2177 1579 2236 1600 non

1240 1612 1318 1654 poſje
1324 1621 1429 1652 portas
1437 1613 1533 1658 inferi
1552 1613 1716 1653 prevalere
1726 1611 1870 1654 adverfiis
1879 1623 1945 1644 esim
1954 1623 1966 1648 ,-
1989 1610 2027 1644 (5⁶
2041 1611 2072 1654 st
2084 1609 2124 1642 ad
2132 1610 2236 1643 horam

1243 1654 1382 1703 turbari,
1404 1655 1588 1697 &procellis
1609 1658 1725 1695 agitari
1735 1659 1890 1694 contingat
1901 1676 1911 1691 ‚
1931 1666 1989 1687 non
1997 1653 2125 1699 deficere
2139 1652 2238 1695 fidem

1243 1709 1306 1739 ejus
1315 1699 1401 1741 usque
1411 1704 1452 1731 ad
1467 1699 1748 1742 confiimmationem
1755 1699 1857 1741 saculi
1868 1721 1874 1728 .

1285 1745 1354 1775 Hoc
1364 1743 1516 1784 scriptum
1533 1742 1594 1786 feci
1604 1754 1654 1783 ego
1667 1743 1811 1786 Joachim
1820 1740 1927 1774 Abbas
1936 1762 1946 1776 2
1968 1740 2138 1781 &propria
2147 1751 2236 1772 manu

1242 1783 1404 1821 roboravi,
1415 1788 1510 1818 Anno
1519 1788 1685 1819 Dominicae
1694 1787 1925 1818 Incarnatiom's
1939 1794 1951 1816 i
1958 1795 2027 1817 200.
2038 1783 2076 1816 (9³
2078 1784 2126 1828 fic
2135 1794 2183 1816 me
2190 1792 2236 1816 te-

1243 1840 1315 1861 nere
1322 1828 1483 1872 confiteor,
1500 1830 1581 1873 ficut
1589 1832 1623 1862 in
1647 1841 1678 1860 eo
1687 1832 1858 1861 continetur
1868 1850 1875 1858 .

1286 1873 1394 1905 Stante
1405 1874 1502 1915 igitur
1509 1873 1567 1905 hac
1576 1873 1794 1914 protestatione
1803 1893 1812 1907 ‚
1823 1870 1972 1913 ‘Joachiin
1993 1869 2126 1902 nonfuit
2144 1869 2239 1902 haere-

1242 1916 1325 1947 ticus
1334 1937 1345 1951 ,
1366 1916 1418 1948 sed
1438 1919 1588 1949 erraticus
1596 1936 1606 1951 ‚
1627 1918 1702 1957 quia
1717 1917 1819 1947 noluit
1830 1914 1983 1947 discedere
2000 1913 2016 1945 a
2026 1912 2152 1945 Christo
2160 1934 2170 1948 ,
2193 1913 2238 1943 se-

1243 1958 1384 2007 cundum
1393 1969 1428 1991 ea
1437 1980 1448 1995 ‚
1457 1961 1630 2001 quaetradit
1641 1959 1724 1990 Bald.
1734 1961 1767 1991 in
1778 1967 1841 1998 cap.
1858 1968 1884 1989 1.
1894 1969 1974 1990 num.
1989 1966 2014 1988 1.
2018 1955 2114 1997 supra'
2125 1955 2190 1988 eod.
2200 1955 2239 1988 (ῥ’

1245 2011 1291 2033 ita
1310 2003 1482 2034 declaravit
1491 2003 1655 2034 Honorius
1677 2001 1758 2043 Papa
1766 2002 1820 2033 111.
1832 2011 1917 2033 anno
1938 2000 2074 2032 Domini
2098 2009 2154 2030 122
2164 2009 2189 2030 1.
2200 2001 2239 2031 ad

1245 2044 1507 2085 supplicationem
1516 2045 1672 2076 Abbatum
1680 2065 1690 2080 ‚
1709 2047 1741 2077 δε
1750 2045 1979 2076 Conventuum
1988 2045 2026 2074 de
2036 2043 2160 2075 Ordine
2170 2042 2239 2074 Flo-

1243 2089 1288 2118 ris'
1295 2107 1305 2121 ‚
1322 2088 1411 2126 cujus
1420 2088 1590 2119 declaratio
1607 2088 1745 2120 extracha
1753 2099 1790 2119 ex
1800 2087 1944 2129 Registro
1953 2085 2087 2127 ejusdem
2097 2085 2239 2118 Honotii

1243 2131 1277 2160 in
1288 2128 1481 2160 Bibliotheca
1490 2130 1644 2160 Vaticana
1654 2150 1665 2164 ‚
1686 2132 1727 2162 fic
1739 2130 1767 2161 se
1776 2131 1868 2162 habet
1885 2142 1893 2159 :
1905 2131 2063 2161 :Honorius
2074 2147 2084 2161 ,
2106 2127 2169 2159 &c-
2179 2131 2240 2160 Cu-

1235 2172 1362 2213 sentino
1370 2169 1603 2211 Archiepiscopo
1613 2190 1624 2205 ,
1633 2170 1670 2202 (ff
1679 2172 1823 2212 Episcopo
1833 2166 2035 2213 Btflniacenfi
2042 2191 2050 2199 .
2062 2171 2092 2200 E
2094 2181 2118 2200 x
2124 2177 2163 2209 pa
2171 2180 2218 2201 rte
2227 2192 2237 2205 ,

1244 2213 1283 2247 &⁹
1292 2214 1379 2258 infra
1388 2236 1396 2244 .
1407 2213 1497 2247 Licet
1505 2215 1602 2252 igitur
1608 2213 1764 2252 praedicius
1773 2210 1912 2247 libellus,
1926 2212 2000 2256 five
2007 2213 2158 2244 crassatus
2171 2225 2240 2245 con-

1244 2256 1402 2290 demnatus
1414 2256 1517 2300 fuerit
1525 2257 1558 2288 in
1575 2256 1714 2289 Concilio
1736 2264 1901 2287 memorato
1916 2266 1929 2292 ;
1949 2257 2018 2293 quia
2033 2264 2135 2287 tamen
2156 2255 2238 2288 idem

1235 2299 1383 2346 Joachim
1392 2302 1496 2336 omnia
1498 2299 1618 2341 scripta
1627 2297 1685 2340 sua
1696 2301 1830 2331 Romano
1840 2297 2006 2330 mandavit
2013 2300 2110 2330 ‘Ponti
2110 2297 2134 2339 fi
2135 2301 2163 2330 ci
2172 2300 2241 2343 affl-

1244 2345 1339 2385 gnari
1349 2364 1359 2379 ,
1370 2341 1549 2384 Apostolicae
1558 2342 1651 2375 Sedis
1660 2340 1771 2380 judicio
1780 2339 1972 2382 approbanda
1983 2362 1993 2377 >
2008 2340 2061 2382 seu
2071 2345 2165 2375 etiam
2175 2354 2241 2374 cor—

1243 2386 1374 2427 rigenda
1383 2407 1393 2422 ,
1415 2385 1534 2418 distans
1544 2383 1700 2426 epistolam
1711 2406 1721 2420 ,
1742 2388 1788 2416 cui
1804 2387 1926 2425 propria
1933 2395 2022 2416 manu
2039 2383 2217 2428 subscripfit
2228 2406 2239 2421 ‚

1246 2433 1279 2462 in
1287 2440 1344 2468 qua
1357 2429 1498 2473 firmiter
1520 2428 1562 2470 est
1574 2427 1716 2471 confeJJus
1725 2449 1735 2463 ‚
1749 2428 1885 2469 seillam
1898 2426 1997 2470 fidem
2006 2437 2106 2460 tenere
2114 2449 2124 2463 ‚
2145 2438 2237 2467 quam

1247 2476 1388 2507 Romana
1397 2481 1480 2505 tenet
1490 2471 1630 2516 Ecclesta
1638 2492 1648 2507 ,
1670 2481 1725 2510 que
1736 2471 1909 2513 disponente
1926 2473 2059 2503 Domino
2069 2473 2238 2504 cunfsorum

1240 2516 1386 2561 fidelium
1396 2525 1495 2548 mater
1503 2513 1544 2555 elt'
1553 2535 1563 2550 ‚
1586 2513 1776 2556 &magistra
1791 2527 1801 2545 :
1823 2517 1850 2548 F
1851 2517 1994 2546 raternit.
2005 2516 2041 2547 V-
2049 2524 2100 2554 per
2109 2514 2239 2558 Aposto-

1246 2561 1310 2592 lica
1319 2559 1441 2601 scripta
1449 2557 1630 2590 mandamus
1638 2578 1649 2594 ‚
1670 2567 1872 2598 quatenusper
1882 2567 1979 2589 totam
1989 2556 2171 2591 Calabriam
2180 2558 2237 2601 fa-

1248 2605 1341 2636 ciatis
1353 2600 1471 2643 publici·
1480 2603 1621 2633 nuntiari
1631 2622 1640 2636 ,
1661 2599 1737 2639 quod
1746 2612 1810 2633 eum
1821 2611 1928 2633 verum
1949 2599 2140 2634 Catholicum
2149 2610 2236 2642 repu-

1248 2655 1348 2678 tamus
1357 2665 1367 2680 ‚
1388 2644 1425 2678 &⁴
1448 2645 1628 2684 Regularem
1639 2642 1864 2685 observantiam
1873 2665 1883 2679 ‚
1904 2654 1992 2682 quam
2012 2642 2146 2684 instituit
2155 2665 2166 2679 ,
2179 2645 2235 2686 sa-

1248 2690 1261 2721 l
1264 2698 1380 2721 utarem
1384 2699 1395 2724 ,-
1407 2700 1463 2722 cos,
1472 2690 1521 2726 qui
1529 2688 1647 2720 Ordini
1654 2697 1818 2720 memorato
1828 2698 1867 2719 ex
1875 2686 1928 2719 hac
1935 2685 2093 2719 detrahere
2101 2707 2111 2721 ‚
2122 2688 2174 2718 vel
2184 2690 2234 2719 in-

1241 2732 1363 2774 fiiltare
1377 2730 1614 2772 praesumpserint
1622 2752 1632 2765 ‚
1654 2730 1739 2762 modo
1754 2739 1977 2771 prememorato
1989 2728 2047 2771 sub
2058 2728 2237 2771 ,apostolica

1249 2773 1444 2816 observantia
1465 2773 1647 2816 castigantes
1656 2796 1664 2804 .
1686 2776 1804 2806 Datum
1824 2775 1930 2808 Later.
1949 2781 1997 2813 13.
2018 2775 2052 2806 K
2055 2774 2097 2806 al.
2110 2774 2140 2816 J
2141 2785 2237 2807 anua·

1251 2828 1293 2849 rii
1314 2829 1391 2850 anno
1415 2826 1442 2857 5.

1293 2861 1433 2902 Septimo
1454 2870 1573 2893 notaex
1596 2863 1693 2902 prima
1703 2870 1786 2902 parte
1806 2869 1908 2892 textus
1929 2861 2007 2892 duos
2027 2860 2239 2893 erroresistius
2263 2872 2275 2883 ⁸

1250 2903 1540 2945 AbbatisJoachim.
1562 2904 1682 2936 Primus
1691 2914 1774 2935 error
1785 2903 1864 2939 fuit,
1885 2905 1960 2944 quia
1979 2904 2181 2945 redarguebat
2197 2905 2234 2935 de

1250 2947 1352 2979 haeresi
1364 2946 1489 2979 Petrum
1500 2948 1708 2979 Lombardum
1718 2947 1950 2978 Sententiarum
1959 2946 2144 2987 Magistrum
2154 2967 2163 2981 ‚
2180 2948 2237 2987 qui

1250 2990 1304 3023 lib.
1318 3000 1343 3021 1.
1346 2991 1427 3031 sent.
1438 2988 1507 3031 dist.
1518 2998 1545 3030 5.
1556 2992 1674 3021 dixerat
1685 3010 1694 3024 ,
1703 2989 1787 3030 quod
1799 2989 1915 3021 summa
1924 2991 2064 3030 quaedam
2074 2999 2120 3021 res
2130 2990 2171 3022 est
2181 2988 2237 3021 Pa·

1251 3044 1298 3066 ter
1309 3054 1319 3068 ‚
1328 3036 1360 3065 &
1369 3033 1463 3065 Filius
1471 3053 1480 3068 ‚
1490 3035 1521 3065 &
1532 3033 1664 3074 Spiritus
1676 3032 1797 3064 innatus
1806 3053 1815 3067 ‚
1837 3034 1870 3064 3<
1880 3033 1931 3064 illa
1941 3043 2004 3063 non
2014 3033 2054 3063 est
2064 3042 2215 3073 generans
2225 3053 2236 3067 ‚

1251 3087 1351 3117 neque
1362 3076 1468 3118 genita
1477 3097 1487 3111 ,
1509 3086 1607 3117 neque
1619 3078 1785 3117 procedetis
1799 3086 1850 3107 :ex
1860 3075 1918 3107 hoc
1929 3075 2180 3117 enimJacliimus
2189 3086 2238 3118 at-

1251 3121 1364 3162 guebat
1375 3119 1499 3151 Petrum
1516 3120 1667 3152 adstruere
1675 3119 1916 3160 quaternitatem
1927 3139 1936 3153 ‚
1956 3121 2039 3158 quod
2049 3118 2090 3150 est
2112 3117 2236 3150 falsum.

1252 3165 1412 3195 Secundus
1433 3173 1516 3194 error
1533 3163 1591 3194 suit
1613 3165 1646 3194 in
1659 3164 1774 3194 unione
1797 3161 1812 3193 s
1810 3162 1967 3193 ubstantia:
1989 3161 2116 3193 Divinae
2135 3164 2239 3203 quoad

1253 3205 1394 3247 personas
1402 3205 1571 3237 Trinitatis
1580 3227 1590 3240 ,
1611 3216 1705 3247 quarn
1716 3207 1866 3236 unionem
1878 3204 1938 3245 ipsc
1946 3204 2085 3245 Joacliim
2095 3205 2237 3236 asserebat

1253 3259 1317 3280 non
1327 3259 1434 3279 vcraiii
1444 3269 1453 3283 ,
1464 3250 1495 3279 δε
1509 3250 1680 3289 propriam,
1704 3250 1750 3278 sed
1759 3248 1843 3288 quasi
1854 3249 2051 3279 collectivam
2060 3269 2069 3282 ,
2089 3251 2120 3280 ἃ
2132 3248 2238 3279 liinili-

1253 3293 1464 3324 tudinariam:
1481 3293 1512 3323 ὅ(
1526 3301 1691 3331 utrumque
1701 3300 1835 3322 errorem
1846 3293 1972 3322 damnat
1982 3290 2182 3324 Concilium,
2204 3291 2237 3321 ἃ

1251 3335 1404 3376 Joacliimi
1415 3333 1617 3367 fundamenta
1628 3336 1738 3365 evertit
1749 3354 1757 3367 ‚
1777 3336 1850 3365 utin
1861 3343 1934 3364 text.
1943 3336 1974 3366 &
1985 3344 2073 3366 notat
2084 3332 2236 3365 Holliens.

1255 3381 1287 3409 in
1299 3379 1428 3418 princip.
1439 3378 1630 3422 &Jo-Andr.
1642 3388 1670 3407 n.
1687 3386 1731 3413 19.
1743 3379 1776 3407 in
1796 3375 1880 3408 verb.
1894 3377 2114 3425 Qaierm'tas,
2137 3375 2189 3407 ubi
2200 3378 2237 3407 dc

1256 3423 1357 3462 primo
1365 3430 1466 3451 errore
1476 3441 1485 3455 ,
1507 3426 1544 3452 Θ*
1553 3431 1583 3451 n.
1595 3425 1622 3451 6.
1634 3423 1666 3450 in
1689 3421 1772 3451 verb.
1784 3420 1971 3461 Potissimum
1981 3441 1990 3455 ‚
2013 3422 2064 3452 ubi
2074 3421 2112 3451 dc
2125 3430 2151 3450 2.

1299 3463 1424 3495 Ultimo
1443 3473 1517 3496 nota
1527 3473 1562 3494 cx
1584 3474 1609 3494 2.
1629 3464 1963 3503 pai-.tc>;i.doetrin.1iu
1979 3462 2070 3504 impii
2090 3462 2244 3494 Almarici
2266 3465 2305 3497 28

2111 3503 2126 3536 f
2126 3505 2157 3536 ui
2162 3506 2197 3536 ilc
