2397 3664
677 61 774 120 De
810 58 1104 118 Constitut·
1139 78 1186 118 c·
1221 59 1319 119 Ne
1354 59 1629 120 innitaris.-

133 154 220 188 ciu'm
228 152 358 185 recitare
366 170 378 187 ,
397 149 482 183 Salas
491 147 521 182 d.
531 148 652 181 traci-8.
661 145 736 189 disp.
747 149 825 179 unic.
834 147 902 186 seii.
909 157 920 179 1
926 156 956 185 7.
966 158 995 179 n.
1010 156 1022 179 1
1028 154 1077 186 54.
1087 147 1121 178 in

55 202 113 231 180
126 197 188 242 fin.
196 197 278 229 Item
294 196 405 227 dubius
415 194 450 225 in
470 193 627 234 dieJovis,
648 200 688 221 an
699 189 851 222 tranurta
871 189 908 222 sit
917 191 1021 222 media
1038 199 1119 224 nox,

52 885 107 915 181

54 1057 111 1087 182

56 1445 111 1483 183

133 240 232 283 potest
240 248 306 270 tuta
320 237 512 270 conscientIa
520 235 718 266 commedere
735 243 844 264 carnes
863 243 870 264 :
890 233 932 264 At
942 234 1016 265 vero
1025 232 1058 264 in
1069 233 1119 264 die

133 282 281 316 Sabbathi
290 283 436 314 dubitans
447 277 586 310 fimiliter
594 296 604 311 ‚
625 286 666 307 an
675 277 780 307 media
787 285 850 307 nox
860 276 1034 311 excesserit,
1050 285 1118 307 cat-

132 337 189 358 nes
196 327 361 358 comedere
370 333 435 355 non
445 320 540 362 potest
549 339 560 354 ,
576 318 717 350 Sanchez
724 317 763 349 de
770 320 966 351 matrimonio
974 339 985 353 ,
1005 328 1077 351 tom.
1090 327 1116 349 1.

132 367 186 401 lib.
198 380 224 400 2.
235 367 371 409 diste-41.
381 378 412 399 n.
420 375 471 404 40.
481 363 621 403 Layman
628 359 682 393 lib.
696 370 721 392 1.
731 361 822 392 trabi.
836 371 862 393 1.
872 372 897 393 c.
908 369 935 400 5.
947 364 1007 402 §.4.
1016 365 1117 400 nu.36.

135 413 279 444 Villalob.
289 413 324 442 in
343 412 540 442 Summtom.
554 404 678 436 ntra&-
692 403 795 447 1.diffi
808 414 856 436 21-
866 416 895 436 n.
906 414 934 443 7.
945 404 1119 437 Rationem

135 454 321 487 diverfitatis
330 451 461 484 afferunt
483 446 572 489 plane
581 447 747 479 ridiculam
756 468 766 483 ,
787 447 863 489 quia
871 448 905 479 in
919 450 1019 488 primo
1027 447 1099 479 casu
1108 467 1118 482 ,

134 498 209 530 cum
218 500 251 529 in
260 498 309 528 die
314 493 398 535 Jovis
408 491 612 533 unusquisque
624 490 769 531 poffideat
778 490 865 522 suam
885 491 1057 523 libertatem
1066 500 1120 521 ve-

135 540 238 573 scendi
257 537 423 570 carnibus,
444 537 478 566 in
492 535 588 567 dubio
596 533 795 565 manuteneri
815 534 946 565 debetin
967 543 1003 564 ea
1015 532 1120 574 posses-

133 583 220 615 sione
236 590 346 613 contra
356 581 440 611 diem
459 578 610 611 Veneris,
631 575 683 607 seu
703 585 814 608 contra
823 585 1009 616 praeceptum
1030 576 1120 607 absti-

133 624 248 657 nentiae
258 645 267 658 ,
288 633 344 664 pto
353 632 416 663 quo
424 621 507 653 nulla
516 620 557 652 est
568 618 720 661 possessio,
739 620 773 650 &
784 618 942 659 propterea
953 621 1119 650 comedens

133 679 198 700 non
210 675 315 709 peccat
325 686 335 700 ,
358 663 432 697 cum
450 667 484 696 in
497 666 564 705 pari
574 661 664 695 causa
684 662 796 694 melior
805 661 842 694 fit
857 661 1020 693 condictio
1031 661 1119 702 poffi-

133 713 235 742 dentis
243 732 252 740 .
277 710 313 741 In
324 708 459 740 secundo
468 716 572 739 autem
581 705 652 738 casu
660 707 694 736 in
701 706 752 737 die
761 704 908 736 Sabbathi
919 704 1054 746 poffeffio
1064 704 1119 736 stat

134 764 189 795 pro
212 761 381 794 praecepto,
401 752 484 783 unde
508 758 632 791 peccat,
651 749 707 789 qui
726 757 835 780 carnes
856 750 996 780 comedit
1016 768 1026 783 ,
1045 750 1120 788 quia

133 796 243 837 spoliat
260 795 467 829 sabbathum,
488 792 539 826 seu
548 800 752 835 praeceptum,
773 790 825 823 sua
832 791 1010 833 possessione
1031 791 1121 823 absti-

138 841 252 871 nentiae
262 841 278 870 a
288 839 431 870 carnibus
442 859 450 866 .

174 882 270 915 Porro
288 881 351 913 haec
361 880 505 912 doctrina
521 878 620 912 multo
629 877 830 919 perniciosior
851 877 893 910 est
904 877 1121 909 salutianima-

133 935 204 957 rum
223 926 276 956 illa.
285 945 295 959 ,
315 933 412 965 quarn
432 933 517 954 nunc
538 922 706 954 tractamus
728 923 767 953 de
786 921 939 953 electione
959 921 1121 962 opinionis

135 968 302 1010 probabilis
315 987 327 1002 ‚
346 967 421 1007 quia
429 967 462 997 in
480 965 700 998 contrarietate
711 964 917 1006 probabilium
933 964 1121 1005 opinionum

136 1013 228 1044 habet
248 1010 319 1052 quis
345 1010 482 1049 aliquam
510 1011 666 1040 rationem
695 1017 897 1048 apparentem
925 1006 1122 1038 existimandi

133 1065 200 1087 rem
209 1053 339 1088 noneffe
349 1054 476 1083 dubiam
486 1072 496 1087 ‚
519 1052 566 1083 sed
575 1051 733 1082 moraliter
742 1060 859 1082 certam
869 1072 876 1079 .
899 1051 941 1081 At
952 1051 1015 1081 haec
1033 1050 1123 1081 theo-

136 1100 202 1130 rica
218 1095 310 1129 libere
320 1095 481 1136 profitetur
499 1095 621 1126 licitum
631 1093 686 1124 effe
706 1095 908 1134 operaricum
930 1092 1123 1124 conscientia

136 1138 271 1173 absolute
293 1140 404 1173 dubia,
425 1147 536 1169 contra
556 1135 752 1169 manifestum
763 1136 929 1167 Sacrorum
950 1135 1122 1168 canonum

134 1183 350 1216 testimonium
358 1202 368 1215 ,
389 1183 422 1213 &
430 1191 540 1212 contra
548 1181 730 1212 unanimem
739 1178 978 1220 Theologorum
987 1199 997 1213 ,
1016 1180 1049 1211 ὃς
1059 1177 1122 1210 Ca-

134 1226 327 1258 nonistarum
336 1225 539 1259 sententiam,
560 1234 584 1256 c.
594 1223 723 1257 Nervi,
749 1232 794 1263 13.
804 1220 936 1262 distinoi.
955 1233 979 1253 c.
990 1220 1075 1253 Illud
1086 1220 1124 1252 de

134 1269 218 1303 Cler.
228 1277 372 1300 excomm·
382 1265 511 1307 ministr.
520 1277 585 1299 cum
599 1266 706 1298 multis
720 1265 897 1298 concordien.
919 1266 1028 1296 Innoc.
1037 1266 1123 1306 Joan.

134 1314 267 1345 Andr-bc
279 1310 353 1342 DD.
365 1313 396 1342 in
405 1321 429 1341 c.
440 1313 498 1343 Per
507 1320 593 1345 tuas,
603 1310 628 1342 il
640 1320 667 1340 2.
677 1307 714 1341 de
721 1311 837 1341 Simon.
848 1309 932 1340 Butr.
942 1310 975 1340 ὅ(
987 1308 1122 1340 Anchar.

136 1355 212 1397 cons.
226 1365 292 1391 120.
304 1357 386 1385 inter
395 1354 520 1397 consilia
528 1356 539 1384 i
540 1353 620 1396 pfius
631 1351 812 1384 Ancharani
832 1361 886 1392 per
895 1361 951 1383 tot.
962 1351 1078 1384 Navar.
1091 1353 1124 1382 in

135 1399 268 1430 manual.
279 1410 304 1429 c.
317 1407 364 1433 27.
375 1409 422 1428 nu.
437 1400 504 1429 228.
513 1395 593 1437 verſs
602 1397 741 1428 Primum
753 1394 828 1433 qnod
836 1396 864 1438 J
867 1394 948 1426 udex
960 1417 966 1425 .
991 1393 1124 1434 Ideoque

134 1441 228 1473 Card.
239 1441 352 1472 Paleot.
363 1439 399 1471 de
408 1437 658 1481 Sacr.Confistor.
669 1439 828 1480 consultat.
839 1447 937 1478 μαῖαι..
948 1436 1126 1478 quaest.4.po-

129 1484 289 1527 steaquam
298 1486 331 1515 in
353 1483 433 1524 vers.
444 1482 483 1515 Er
505 1484 633 1515 tandem
644 1483 813 1523 aliquando
832 1484 939 1514 docuit
956 1481 1126 1513 dubitatio-

136 1538 210 1560 nem
221 1526 342 1569 proprie
352 1526 429 1558 otiri
439 1547 450 1561 ,
469 1528 597 1568 quando
608 1528 642 1557 in
652 1535 813 1567 utramque
827 1535 946 1566 partem
956 1524 982 1555 se
991 1523 1126 1556 offerunt

136 1573 274 1603 rationes
293 1569 378 1611 aeque
401 1570 569 1610 probabiles
591 1581 598 1600 :
620 1571 654 1600 in
674 1568 750 1600 vers.
772 1571 834 1600 Sed
852 1576 940 1608 patet
957 1588 968 1602 ,
988 1568 1028 1599 sic
1051 1569 1096 1599 ait
1118 1577 1125 1596 :

137 1614 337 1656 Confiliarius
353 1611 573 1645 dubitationem
583 1632 593 1647 ,
614 1622 670 1650 qua
679 1610 770 1643 anted
786 1609 995 1645 detinebatur,
1017 1618 1126 1648 querat

137 1655 176 1690 ab
184 1659 284 1689 animo
285 1656 340 1698 suo
348 1656 501 1696 expellere
508 1676 519 1691 ‚
538 1654 710 1696 priusquam
712 1655 899 1696 sententiam
903 1654 992 1697 ferat
1001 1653 1128 1696 ‚stmul-

138 1698 382 1742 questudeiitstbi
393 1702 426 1730 in
436 1708 566 1731 mentem
575 1698 727 1733 inducere,
735 1710 787 1730 aut
798 1699 878 1730 certe
888 1699 1018 1737 opinari,
1020 1696 1127 1737 ficun-

139 1743 215 1776 ditm
233 1742 322 1781 qua‘m
336 1741 373 1782 fic
399 1744 520 1781 ragium
534 1741 621 1786 ferre
635 1740 748 1783 statuit
766 1752 873 1772 veram
890 1740 943 1781 eſje
963 1754 972 1770 .·
993 1741 1127 1777 alioquin

138 1788 317 1829 conscientia
334 1786 372 1817 du
393 1789 425 1816 iae
446 1788 678 1819 contraveniens
688 1793 806 1826 peccato
823 1786 856 1826 se
880 1784 1054 1816 involveret
1064 1804 1073 1817 ,
1095 1792 1127 1814 :ct

139 1831 285 1863 Doctores
293 1829 489 1870 affirmarunt
498 1850 507 1864 ,
530 1830 567 1862 Θ·
576 1829 662 1873 infra*
675 1829 751 1871 vers
762 1826 870 1864 Certe,
894 1832 974 1862 Cum
985 1840 1032 1859 res
1040 1836 1128 1867 pror-

139 1873 192 1906 siis
201 1870 291 1905 dubia
301 1871 341 1914 est
357 1881 479 1913 proper
488 1875 620 1905 rationes
641 1877 781 1912 utrinque
790 1871 961 1913 probabiles
969 1893 979 1908 ,
1002 1871 1039 1904 θ’
1047 1874 1127 1904 Con-

91 1950 95 1954 ,
135 1917 277 1959 filiarius
286 1927 345 1948 non
358 1914 675 1958 potestdubitationem
686 1917 854 1956 depellere,
876 1918 1020 1957 consulit,
1041 1924 1073 1946 ut
1095 1917 1129 1946 in

57 2134 116 2171 184

59 2693 114 2730 185

59 2780 116 2809 186

58 3338 115 3375 187

78 3467 113 3497 38

140 1956 322 2034 Cortssstorio
343 1958 521 2001 respondeat
529 1980 540 1996 ,
556 1958 617 2004 fibi
637 1972 694 1993 non
716 1961 846 1998 liquere,
868 1963 900 1992 &
922 1961 963 1991 est
984 1957 1129 1990 doctrina

140 2002 182 2034 D.
227 2004 325 2034 homae
333 2003 367 2034 in
378 2004 482 2044 saepius
492 2005 591 2035 citato
599 2003 696 2042 quodl.
708 2007 737 2035 8.
747 2013 807 2034 art.
819 2013 865 2043 23.
875 2005 982 2034 dicens
990 2022 999 2036 ,
1011 2012 1051 2032 ex
1060 2011 1128 2032 con-

133 2045 266 2085 scientia
286 2047 413 2084 aliquem
423 2044 552 2085 obligari
571 2045 613 2078 ad
619 2055 769 2085 peccatum
778 2067 788 2081 ‚
804 2046 835 2088 st
838 2058 876 2077 ve
885 2043 993 2077 habeat
1014 2053 1129 2075 certam

133 2087 230 2130 fidem
239 2088 275 2120 de
284 2093 438 2121 contrario
447 2089 508 2127 ejus
516 2110 526 2123 ,
537 2091 610 2127 quod
619 2091 683 2127 agit
692 2109 702 2124 ,
715 2089 786 2131 five
795 2091 888 2120 etiam
898 2086 1004 2120 habeat
1015 2089 1129 2126 opinio-

137 2143 205 2163 nem
214 2142 278 2164 cum
286 2133 389 2169 aliqua
398 2130 585 2163 dubitatione
594 2153 602 2161 .
624 2134 748 2165 Veritas
758 2134 853 2172 igitur
864 2131 903 2162 est
913 2152 922 2165 ,
943 2132 1082 2171 regulam
1092 2131 1128 2161 de

139 2174 249 2206 tutiori
258 2184 342 2214 parte
352 2175 387 2205 in
397 2174 492 2205 dubio
507 2175 650 2215 eligenda
659 2176 692 2204 in
711 2175 758 2205 bis
770 2194 780 2208 ,
799 2184 866 2214 qua:
876 2176 988 2204 anima*
1000 2173 1129 2204 salutem

137 2217 305 2258 respicitmt
315 2237 325 2251 ,
348 2218 403 2248 effe
413 2215 547 2248 absolute
557 2219 590 2248 in
614 2226 782 2257 praecepto.
806 2216 906 2258 Qod
916 2216 987 2247 satis
999 2218 1129 2256 probant

137 2260 286 2292 Canoncs
309 2261 493 2301 praeallegati
513 2270 594 2291 num.
608 2268 676 2297 171.
699 2264 730 2291 o:
750 2260 888 2300 proxime
910 2261 1050 2293 citandi,
1073 2260 1128 2299 qui

139 2313 269 2335 utuntur
280 2305 381 2334 verbis
403 2314 466 2335 non
477 2303 602 2344 simplex
624 2303 787 2334 consilium
798 2323 807 2337 ‚
829 2302 878 2334 sed
899 2304 1128 2343 obligationem

138 2348 381 2387 importantibus
389 2366 399 2381 ‚
421 2347 566 2377 videlicet
588 2358 595 2376 :
618 2346 680 2377 Via
698 2346 738 2377 est
747 2346 845 2377 tutior
863 2348 1005 2387 eligenda
1027 2357 1034 2375 :
1057 2344 1128 2376 Pars

139 2389 273 2421 securior
280 2390 320 2420 est
329 2391 461 2421 tenenda
485 2401 491 2420 :
512 2389 665 2421 Semitam
675 2390 820 2421 debemus
831 2390 944 2430 eligere
961 2391 1128 2420 tutiorem:

138 2432 240 2473 Qod
256 2432 371 2463 certius
381 2433 592 2464 existimamus
602 2453 612 2467 ,
633 2442 738 2464 tenere
748 2434 896 2464 debemus
907 2443 915 2468 3
936 2434 971 2464 &
992 2433 1061 2463 aliis
1072 2432 1128 2463 hu-

138 2475 292 2516 jusmodi.
303 2474 448 2507 Praeterea
457 2478 490 2507 in
500 2475 626 2510 alliud,
635 2474 672 2507 de
681 2476 766 2508 Cler.
776 2486 922 2507 excomm.
932 2473 1064 2516 ministr.
1075 2477 1129 2506 de-

139 2518 254 2550 ciditur
264 2519 300 2550 de
321 2520 423 2559 rigore
432 2521 650 2558 deponendum
670 2519 727 2551 effe
738 2518 923 2560 Episcopum
933 2539 942 2553 ,
963 2520 1064 2559 quiin
1072 2520 1129 2549 du-

139 2562 191 2593 bio
201 2564 255 2592 illo
276 2563 424 2593 tutiorem
435 2571 552 2601 partem
576 2572 639 2593 non
653 2563 745 2603 elegit
757 2584 764 2591 .
787 2562 869 2603 Ergo
890 2560 1003 2594 eledrio
1024 2561 1127 2602 hujus-

139 2606 226 2636 modi
234 2603 275 2636 est
285 2606 317 2635 in
327 2613 478 2645 praecepto
487 2625 497 2638 ,
508 2606 582 2645 quia
593 2615 647 2645 pro
657 2605 889 2646 transgressione
906 2604 1028 2637 consilii
1045 2603 1128 2645 Epis-

140 2657 235 2688 copus
244 2647 359 2688 deponi
369 2657 433 2678 non
444 2647 584 2687 potuisset
593 2667 603 2681 ,
612 2647 784 2690 c.Qist1uis
792 2651 944 2688 preceptis
952 2669 961 2683 ,
976 2658 1022 2688 14.
1034 2645 1126 2688 quest.

142 2700 168 2722 1.
179 2691 301 2722 Rursus
310 2693 342 2722 in
351 2702 374 2722 c.
385 2693 470 2722 Sicut
482 2687 565 2721 nobis
575 2688 612 2721 de
622 2690 701 2730 sent.
712 2702 857 2722 excomm.
868 2692 1033 2732 Episcopus
1042 2692 1127 2732 jube-

141 2744 190 2765 tur
199 2736 510 2765 excommunicatum
529 2735 627 2764 vitare
636 2754 646 2767 ,
667 2736 789 2774 quoties
800 2734 951 2766 absolutio
965 2736 1004 2765 est
1015 2736 1108 2766 dubia
1118 2755 1126 2763 .

138 2777 176 2808 Et
184 2779 353 2811 concordat
363 2786 464 2808 textus
475 2778 508 2808 in
517 2787 540 2808 c.
551 2779 613 2808 Per
623 2786 690 2807 tuas
701 2796 710 2810 ‚
720 2775 782 2806 eod.
794 2779 845 2807 tit.
858 2778 1008 2809 Similiter
1019 2780 1052 2808 in
1061 2776 1091 2808 d.
1102 2788 1126 2809 c.

132 2821 268 2862 Juvenis
284 2818 321 2851 de
335 2819 471 2860 sponsal.
483 2821 530 2850 vir
541 2840 551 2854 ,
571 2820 626 2860 qui
637 2820 793 2851 contraxit
807 2820 1045 2851 matrimonium
1054 2830 1127 2851 cum

141 2864 241 2904 puella
250 2865 391 2895 nondum
415 2862 573 2903 septenni,
596 2865 632 2894 de
653 2872 713 2903 qua
725 2862 882 2902 propterea
891 2862 1065 2898 dubitatur,
1086 2873 1127 2894 an

141 2907 210 2938 effer
220 2907 400 2947 viripotens
410 2927 420 2941 ,
437 2916 493 2937 nec
505 2916 543 2937 ne
554 2926 564 2940 ,
582 2906 702 2946 jubetur
712 2905 840 2945 separari
851 2906 889 2936 ab
899 2904 1034 2946 ejusdem
1045 2907 1128 2946 puel-

142 2949 176 2981 lae
184 2949 368 2982 consobrina
376 2970 387 2985 ,
407 2959 502 2990 quam
514 2949 614 2990 postea
634 2950 721 2980 duxit
733 2950 765 2979 in
775 2958 903 2980 uxorem
913 2969 921 2978 .
944 2948 981 2979 Et
991 2949 1128 2979 redditur

144 2994 323 3033 principalis
332 2995 432 3028 ratio,
452 2992 527 3034 quia
537 2995 569 3023 in
581 2993 646 3027 bis,
667 3002 733 3033 quae
741 2993 836 3029 dubia
851 2991 939 3026 sunt,
959 2993 1046 3033 quod
1062 3001 1128 3022 cer-

142 3037 205 3066 tius
213 3034 421 3068 existimamus
431 3057 441 3070 ,
465 3045 568 3071 tenere
578 3037 725 3067 debemus
734 3057 742 3064 .
765 3034 848 3075 Ergo
865 3034 928 3066 haec
938 3035 1043 3075 regula
1061 3033 1127 3066 abs-

141 3088 202 3118 que
215 3079 309 3111 dubio
319 3080 401 3111 estin
412 3088 564 3120 praecepto
572 3099 581 3113 ,
590 3079 664 3119 quia
674 3099 684 3112 ,
695 3078 715 3109 si
724 3079 793 3110 esset
804 3080 837 3109 in
847 3077 977 3109 consilio
986 3077 1109 3109 tantum
1117 3097 1128 3112 ,

142 3122 192 3151 vir
201 3130 266 3152 non
275 3123 416 3162 potuisset
430 3123 446 3153 a
456 3122 589 3153 secunda
599 3132 691 3153 uxore
704 3122 820 3162 judicio
829 3120 968 3152 Ecclesia:
979 3120 1126 3160 separari.

139 3164 225 3195 item
234 3162 372 3196 suadetur
380 3167 414 3196 in
422 3164 452 3196 d.
464 3177 488 3197 c.
497 3166 556 3196 Ad
565 3165 752 3196 audientiam
761 3184 770 3198 ,
783 3162 820 3195 de
826 3162 932 3195 homic.
944 3166 977 3194 in
988 3165 1048 3194 illis
1059 3173 1126 3194 ver-

142 3208 189 3239 bis
211 3218 218 3237 :
239 3208 359 3238 Poteris
368 3208 525 3241 concedere
534 3228 544 3243 ,
566 3217 598 3239 ut
607 3205 771 3240 minoribus
779 3204 949 3238 Ordinibus
951 3206 998 3248 fit
1007 3215 1126 3238 conten-

140 3260 206 3287 τως
227 3260 295 3291 qua:
304 3249 372 3281 satis
382 3251 485 3291 aperte
495 3253 638 3283 indicant
649 3250 858 3282 neceffitatem
869 3249 1103 3290 dispensationis
1115 3270 1125 3284 ,

139 3295 205 3326 sine
212 3304 274 3335 qua
294 3303 358 3324 non
369 3293 496 3326 licuisset
506 3296 540 3326 in
554 3296 729 3326 minoribus
738 3293 912 3325 Ordinibus
933 3292 1105 3324 ministrare
1116 3315 1124 3323 .

135 3337 224 3369 Hinc
233 3336 301 3378 jura
309 3338 491 3377 praecipiunt
499 3358 509 3372 ,
530 3348 564 3369 ut
574 3338 753 3370 Sacerdotes
761 3337 897 3368 ordinati
919 3336 955 3366 ab
966 3335 1124 3376 Episcopis

138 3381 313 3421 incognitis
322 3399 333 3412 2
343 3381 380 3410 de
388 3380 499 3419 quibus
509 3381 641 3411 dubium
650 3381 690 3412 est
699 3390 739 3412 an
749 3379 808 3411 sint
818 3378 978 3420 Episcopi,
997 3388 1054 3410 nec
1064 3389 1102 3409 ne
1112 3398 1122 3413 ‚

139 3425 272 3454 debeant
283 3424 399 3454 iterum
420 3424 556 3453 ordinari
567 3443 576 3456 ,
600 3434 632 3454 ut
653 3423 824 3464 Gregorius
835 3423 889 3453 111.
901 3419 999 3452 sanxit
1017 3421 1050 3452 in
1058 3430 1121 3461 cap.

134 3464 331 3509 Presbyteri]
341 3486 350 3499 ,
369 3470 419 3497 68.
429 3463 558 3503 diffiniti.
569 3467 693 3496 &idem
705 3466 806 3497 [latuit
817 3468 849 3497 in
859 3477 883 3497 c.
894 3465 1047 3497 Parvulos
1055 3485 1064 3500 ‚
1086 3464 1122 3495 de

222 3507 362 3549 fagnan.
383 3511 416 3539 in
434 3510 458 3540 l·
481 3506 548 3540 Lib.
568 3509 725 3540 Dccrcml.

2010 79 2082 133 49

1161 146 1321 188 consecrat.
1333 145 1466 187 distin&
1475 157 1506 187 4.
1515 149 1552 178 de
1562 144 1695 187 parvulis
1705 165 1715 180 ,
1722 145 1778 187 qui
1789 144 1806 176 a
1815 146 1991 186 parentibus
2001 145 2148 178 subtrasti

1162 188 1251 224 sunt,
1270 188 1769 230 &ignoraturansintbaptizati,
1791 198 1825 220 ut
1834 188 2146 221 scilicetiterumfinr

1162 233 1342 273 baptizandi
1358 243 1365 263 :
1379 242 1511 274 utroque
1520 235 1604 264 enim
1617 232 1687 264 casu
1702 231 1812 273 absque
1821 233 1917 263 dubio
1925 234 2022 264 tutius
2031 233 2072 263 est
2082 253 2092 266 ,
2113 242 2148 264 ut

1161 284 1284 316 propter
1300 275 1470 316 periculum
1492 275 1595 307 salutis
1617 275 1728 307 animae
1744 275 1983 307 Sacramentum
2002 277 2146 306 iteretur.

1159 318 1246 350 Hinc
1255 321 1351 350 etiam
1361 317 1436 350 cum
1444 317 1656 350 SanCriffimus
1665 319 1812 360 rejecisset
1821 321 1859 350 ad
1868 318 1994 350 Sacram
2003 317 2147 359 Congre—

1159 362 1322 402 gationem
1330 360 1471 393 Concilii
1479 360 1710 401 infrascriptum
1718 363 1848 394 dubium
1856 362 1976 393 Vicarii
1986 361 2149 392 Viennen—

1161 404 1217 439 fis,
1238 405 1385 436 videlicet
1407 415 1414 435 :
1435 404 1487 435 An
1497 404 1681 436 constitutus
1693 406 1726 436 in
1743 405 1916 436 minoribus
1926 404 2101 437 Ordinibus
2110 405 2148 435 de

1161 447 1317 488 Baptismo
1325 448 1469 479 dubitans
1478 467 1489 483 ,
1510 446 1625 478 iterum
1633 447 1805 487 baptizatus
1815 447 1867 480 sub
1878 448 1934 479 hac
1944 449 2128 479 conditione
2139 467 2149 482 ‚

1160 490 1181 521 si
1191 491 1365 530 baptizatus
1373 500 1405 521 es
1414 510 1424 525 ‚
1435 500 1499 521 non
1510 499 1539 521 re
1549 492 1673 530 baptizo
1684 510 1693 524 ‚
1711 492 1745 521 in
1754 490 1927 522 Ordinibus
1935 489 2019 532 prius
2030 491 2044 521 s
2043 490 2149 531 uscep-

1160 533 1401 567 tisministrare‚
1421 542 1475 564 aut
1482 534 1521 564 ab
1531 535 1654 573 integro
1664 534 1803 564 ordinari
1813 535 1936 565 debeat.
1956 533 2050 565 Sacra
2057 532 2147 565 Con-

1160 578 1302 617 gregatio
1317 575 1437 607 censuit
1449 577 1556 606 debere
1571 577 1598 606 ei
1608 574 1723 607 iterum
1743 576 1881 607 Ordines
1898 577 2033 609 conserti
2043 597 2052 612 ,
2075 587 2111 608 ex
2121 588 2146 609 c.

1160 621 1288 652 Veniens
1297 640 1307 654 ,
1327 618 1363 650 de
1372 616 1547 663 Presbyter.
1557 629 1615 650 non
1625 617 1777 657 baptizat.
1788 618 1835 650 sed
1844 619 1895 650 sub
1904 620 2086 651 conditione
2094 640 2105 654 ‚
2125 619 2148 651 si

1162 673 1226 693 non
1234 672 1298 694 erat
1308 663 1483 702 baptizatus
1491 682 1500 696 ,
1508 664 1633 702 quando
1642 661 1777 701 primum
1787 663 1888 693 eidem
1897 663 2001 694 collati
2012 663 2146 695 fuerunt.

1161 706 1200 737 Et
1209 707 1320 738 eodem
1336 707 1432 737 modo
1440 704 1556 737 iterum
1574 705 1747 737 consecrari
1756 706 1845 737 deber
1866 704 1998 737 Ecclesia
2009 726 2019 739 >
2041 709 2077 738 de
2086 717 2147 748 qua

1161 751 1316 781 incertum
1324 749 1383 783 est,
1406 760 1445 780 an
1457 749 1548 781 fuerit
1560 749 1738 781 consecrata
1747 769 1757 783 ,
1778 755 1842 787 cap.
1853 749 2088 784 solemnitates,
2110 750 2147 781 de

1161 791 1321 832 consecrat.
1331 790 1494 833 distintis.
1505 792 1547 824 At
1557 791 1573 822 ὲ
1583 791 1732 823 converso
1741 791 1814 823 cum
1824 792 1953 822 dubium
1964 792 2003 823 est
2014 812 2022 826 ‚
2033 803 2072 823 an
2083 803 2148 824 ma-

1161 837 1348 867 trimonium
1359 835 1395 867 fit
1405 837 1542 868 validum
1550 856 1560 869 ,
1576 846 1640 867 non
1650 836 1690 867 est
1701 833 1814 866 iterum
1823 835 2073 866 contrahendum
2082 856 2091 870 ,
2101 835 2149 867 sed

1162 878 1354 919 praesumitur
1363 889 1417 918 pro
1428 880 1649 914 matrimonio,
1659 891 1683 910 c.
1693 881 1804 916 Siquis
1813 880 1959 916 acceperit
1969 899 1979 912 ‚
1998 887 2043 917 33.
2055 877 2147 918 quaest.

1166 932 1192 953 1.
1202 920 1302 962 Cujus
1310 922 1491 955 differentiae
1499 924 1656 954 rationem
1674 922 1826 963 assignans
1836 922 1930 962 glolsa
1939 923 1972 952 in
1983 921 2012 953 d.
2024 932 2048 952 c.
2059 924 2150 953 Pres—

1163 963 1337 1008 byteris,in
1348 975 1414 997 ver.
1427 968 1472 997 Et
1482 966 1708 1005 cotzses.1·e71tm·‚
1729 967 1822 1006 quia,
1845 966 1967 1005 inquit,
1988 964 2051 995 fine
2059 967 2148 995 omni

1165 1010 1301 1048 periculo
1309 1009 1349 1040 est
1360 1028 1371 1042 2
1388 1009 1410 1040 sl
1420 1009 1619 1053 Sacramenta
1628 1010 1680 1040 illa
1690 1012 1840 1040 iterentur
1851 1020 1857 1038 :
1869 1007 1916 1038 sed
1926 1008 2098 1048 periculum
2108 1008 2151 1038 es-

1164 1051 1205 1082 set
1215 1071 1225 1085 2
1235 1052 1254 1082 s1
1265 1052 1453 1093 judicaretur
1465 1063 1528 1083 non
1539 1053 1594 1083 effe
1607 1054 1844 1084 matrimonium
1853 1072 1862 1086 ,
1875 1051 1927 1082 ubi
1937 1051 1976 1081 est
1987 1073 1994 1081 .
2005 1050 2150 1081 indistin-

1164 1093 1213 1125 ‹ste
1223 1096 1317 1135 igitur
1340 1097 1372 1126 in
1383 1096 1479 1126 dubio
1496 1105 1561 1134 pars
1573 1097 1670 1126 tutior
1679 1097 1820 1136 eligenda
1835 1095 1894 1130 est,
1915 1104 1981 1134 quze
1992 1093 2149 1125 neceffitas

1164 1137 1259 1177 surgit
1269 1138 1482 1178 principaliter
1489 1147 1526 1167 ex
1539 1137 1732 1178 obligatione
1741 1158 1752 1171 ,
1773 1148 1834 1178 qua
1841 1140 1911 1178 quis
1920 1146 2041 1168 tenetur
2053 1139 2150 1168 vitare

1165 1181 1337 1222 periculum
1348 1181 1466 1221 peccati
1475 1200 1485 1214 ,
1505 1189 1538 1211 ut
1550 1190 1622 1211 mox
1634 1181 1774 1211 dicemus
1784 1202 1792 1210 .

1208 1222 1278 1255 Nec
1288 1225 1461 1265 quidquam
1469 1223 1566 1255 obstat
1575 1244 1584 1258 ,
1599 1222 1683 1263 quod
1694 1224 1727 1254 in
1737 1225 1801 1264 pari
1811 1222 1900 1255 causa
1910 1225 2020 1255 melior
2029 1223 2065 1254 fit
2074 1233 2150 1255 con-

1165 1267 1247 1298 ditio
1264 1267 1458 1307 poffidentis.
1481 1266 1642 1307 Siquidem
1652 1267 1717 1298 haec
1738 1268 1843 1307 regula
1851 1269 1989 1307 procedit
2007 1268 2041 1297 in
2052 1275 2151 1298 mare-

1166 1313 1212 1341 ria
1221 1310 1340 1350 justitiae
1349 1331 1359 1344 ,
1381 1312 1414 1341 8:
1428 1310 1461 1341 in
1473 1309 1543 1340 foro
1552 1309 1690 1349 judiciali
1711 1311 1874 1341 dumtaxat
1885 1330 1894 1343 ,
1918 1320 1982 1341 non
1992 1319 2095 1340 autem
2116 1309 2152 1340 in

1168 1355 1298 1384 materia
1307 1354 1439 1384 aliarum
1449 1354 1620 1387 virtutum,
1641 1354 1674 1385 ὃς
1684 1354 1717 1383 in
1727 1353 1795 1384 foro
1804 1352 2020 1386 conscientie,
2046 1353 2152 1383 secun-

1167 1396 1242 1427 dum
1252 1398 1407 1426 veriorem
1430 1398 1613 1426 sententiam
1624 1415 1633 1430 ,
1654 1406 1749 1437 quam
1770 1406 1806 1426 ex
1818 1397 2041 1426 recentioribus
2063 1405 2153 1426 tuen-

1167 1449 1216 1470 tur
1226 1439 1366 1479 Vasqucz
1376 1441 1409 1470 in
1423 1448 1447 1470 ι.
1460 1450 1486 1470 2·
1499 1437 1609 1478 dinut.
1621 1443 1669 1477 65.
1680 1450 1705 1470 c.
1718 1448 1743 1479 3.
1754 1441 1787 1470 δε
1804 1439 1879 1479 dis?-
1889 1442 1939 1469 66.
1950 1450 1973 1470 c.
1991 1448 2015 1468 1.
2024 1437 2108 1479 Sayr.
2119 1437 2154 1468 in

1166 1482 1265 1515 Clavi
1274 1484 1359 1520 regia
1368 1481 1470 1516 ,lib.1.
1479 1491 1678 1521 e.13.num.9.
1691 1481 1784 1522 &³36-
1796 1482 1878 1513 Salas
1889 1485 1921 1514 in
1934 1491 1960 1512 1.
1972 1493 1997 1512 2.
2007 1478 2153 1521 quaest-21.

1167 1526 1288 1557 traci-8.
1299 1524 1376 1566 disp.
1385 1524 1538 1565 unic-sebi.
1552 1536 1566 1556 z
1572 1534 1598 1563 5.
1609 1536 1678 1557 nia-2.
1683 1535 1729 1564 52.
1740 1526 1833 1556 Azor.
1845 1523 1946 1565 Inffit.
1960 1525 2070 1555 morat.
2080 1533 2152 1555 tom.

1172 1578 1198 1600 1.
1207 1567 1290 1600 lib.2.
1299 1571 1378 1600 c.18.
1388 1567 1513 1607 questus.
1524 1569 1557 1600 δε
1566 1565 1637 1600 [ῥόα
1647 1578 1672 1600 1.
1682 1580 1705 1600 c.
1714 1579 1725 1600 1
1734 1577 1759 1607 ς.
1769 1567 1892 1609 questa.
1903 1568 1941 1599 Et
1950 1576 2058 1599 tenent
2069 1577 2156 1598 com-

1168 1614 1306 1643 muniter
1328 1610 1505 1643 Canonistae
1515 1632 1526 1646 ,
1545 1622 1624 1652 quos
1644 1611 1774 1645 inferius
1796 1612 1963 1643 citabimus
1985 1622 2063 1643 num.
2087 1614 2154 1646 196.

1168 1654 1307 1695 Eamque
1329 1657 1456 1695 probant
1466 1654 1566 1686 textus
1587 1655 1712 1696 expreffi
1736 1666 1758 1685 1.
1771 1657 1802 1686 in
1822 1653 1884 1689 d.c.
1893 1654 1974 1687 Illud
1984 1675 1994 1689 ,
2016 1652 2052 1685 de
2073 1654 2156 1686 Cler.

1169 1709 1313 1730 excomm.
1324 1696 1452 1738 ministr.
1465 1699 1514 1729 ubi
1524 1700 1669 1738 quamvis
1679 1698 1846 1738 Episcopus
1867 1699 1918 1730 ille
1929 1698 2040 1730 ell'etin
2052 1695 2156 1738 posses-

1169 1741 1293 1773 seffione
1316 1742 1464 1773 libertatis
1486 1741 1746 1774 communicandi
1766 1751 1839 1772 cum
1861 1741 1999 1773 fidelibus
2012 1761 2022 1775 ‚
2051 1750 2155 1772 tamen

1170 1786 1284 1818 dicitur
1294 1787 1494 1827 deponendus
1505 1784 1680 1827 propterea,
1700 1784 1784 1827 quod
1796 1788 1827 1817 in
1846 1786 1941 1817 dubio
1950 1794 2015 1816 non
2031 1783 2117 1825 gessit
2128 1783 2155 1814 se

1170 1840 1225 1870 pro
1247 1831 1540 1863 excommunicato,
1563 1840 1619 1861 nec
1641 1830 1788 1861 abstinuit
1807 1830 1824 1860 a
1845 1828 1975 1860 Divinis
1984 1849 1992 1858 .
2015 1826 2157 1860 Secundo

1170 1875 1203 1904 in
1211 1874 1391 1905 aDominus
1399 1893 1410 1907 ,
1419 1870 1455 1904 de
1457 1872 1599 1913 secundis
1606 1875 1719 1911 nuptiis
1730 1894 1738 1905 ,
1751 1875 1801 1903 ubi
1812 1873 1966 1903 deciditur
1975 1871 2158 1906 ,mulierem

1169 1917 1368 1948 dubitantem
1376 1918 1414 1947 de
1426 1925 1527 1948 morte
1548 1917 1659 1956 prioris
1668 1916 1811 1956 conjugis
1829 1926 1891 1946 non
1904 1916 1980 1955 posse
1993 1924 2114 1955 pergere
2124 1916 2158 1944 in

1171 1959 1346 2000 poffeffione
1369 1961 1510 1991 debitum
1529 1959 1677 1999 exigendi
1697 1960 1713 1990 a
1736 1960 1869 1990 secundo
1893 1961 2005 1989 marito
2016 1980 2023 1987 .
2044 1956 2157 1987 Tertio

1170 2005 1203 2034 in
1212 2014 1236 2033 c.
1247 2002 1441 2044 Inquifitioni
1449 2023 1460 2037 ,
1476 2003 1512 2034 de
1515 2003 1595 2042 sent.
1607 2012 1796 2034 excommun.
1807 2002 1860 2033 ubi
1871 2001 1986 2042 conjux
1998 2021 2006 2035 ,
2016 2001 2159 2031 dubitans

1172 2045 1368 2085 probabiliter
1389 2047 1426 2077 de
1441 2046 1670 2086 impedimento
1689 2045 1875 2079 dirimente,
1898 2044 2036 2075 similiter
2055 2044 2159 2083 probi-

1171 2090 1258 2120 betut
1278 2090 1421 2120 debiturn
1442 2091 1583 2128 exigere,
1605 2098 1670 2120 non
1687 2088 1825 2120 obstante
1844 2088 1989 2128 exigendi
2009 2085 2159 2127 poffeffio-

1171 2141 1209 2162 ne
1220 2154 1227 2161 .
1247 2131 1376 2174 Qiarto
1387 2133 1419 2162 in
1428 2129 1457 2162 d.
1466 2142 1489 2163 c.
1500 2134 1526 2162 S
1527 2130 1616 2170 ignifi
1619 2130 1692 2171 casti
1701 2152 1710 2166 ,
1732 2132 1756 2162 il
1767 2143 1795 2162 2.
1805 2129 1842 2162 de
1850 2129 1954 2162 hamio.
1967 2131 2019 2162 ubi
2031 2139 2095 2174 non
2103 2130 2159 2160 ob-

1171 2176 1266 2205 stante
1276 2177 1398 2205 ratione
1408 2174 1558 2209 adducta,
1579 2175 1663 2215 quod
1687 2177 1719 2206 in
1728 2175 1823 2205 dubio
1844 2183 1938 2205 nemo
1948 2176 2054 2204 debeat
2077 2174 2104 2202 le
2115 2171 2160 2211 ju-

1171 2220 1272 2249 dicare
1287 2218 1491 2258 culpabilem,
1512 2220 1545 2250 ὃς
1565 2218 1692 2258 spoliare
1714 2219 1742 2248 se
1766 2217 1817 2249 sua
1839 2217 2012 2257 possessione
2022 2236 2033 2250 ,
2055 2214 2159 2246 statui-

1171 2271 1240 2296 tur,
1262 2260 1326 2292 utsi
1337 2260 1468 2292 discerni
1480 2271 1543 2292 non
1554 2260 1661 2301 poffit,
1683 2260 1817 2301 excujus
1828 2260 1893 2291 ictu
1916 2259 2064 2299 perculsus
2079 2260 2157 2288 inte-

1170 2306 1223 2335 riit
1234 2324 1244 2338 ,
1261 2306 1292 2335 in
1304 2304 1363 2335 hoc
1371 2305 1468 2335 dubio
1477 2313 1628 2345 tanquam
1638 2304 1798 2336 homicida
1819 2303 1922 2335 haberi
1933 2304 2041 2334 debeat
2051 2301 2158 2331 Sacer-

1170 2349 1226 2378 dos
1237 2367 1246 2381 ,
1264 2347 1316 2378 etsi
1329 2346 1406 2378 forte
1416 2348 1576 2379 homicida
1587 2344 1652 2378 non
1661 2346 1696 2378 sit
1706 2367 1716 2382 ‚
1732 2349 1795 2378 δίε.
1806 2346 1844 2378 Et
1855 2346 2045 2377 concordant
2056 2352 2158 2373 textus

1171 2391 1356 2432 praeallegati
1365 2401 1443 2422 num.
1460 2399 1527 2427 171.
1539 2393 1571 2421 in
1580 2391 1691 2431 quibus
1700 2389 1854 2421 deciditur
1863 2408 1872 2422 ,
1894 2388 1926 2418 in
1935 2389 2028 2417 dnbio
2050 2385 2158 2416 Sacer-

1171 2436 1258 2465 dotes
1278 2435 1388 2465 debere
1397 2432 1424 2464 se
1444 2443 1586 2474 reputare
1603 2433 1802 2473 irregulares,
1822 2434 1856 2461 δε
1877 2430 1894 2460 a
1911 2429 2082 2473 ministerio
2103 2428 2158 2475 Al-

1171 2476 1421 2510 tarisabstinere,
1445 2487 1501 2507 nec
1524 2477 1584 2506 ulla
1595 2475 1723 2505 habetur
1743 2476 1823 2504 ratio
1846 2473 2097 2513 poffel‘lionisluae
2119 2472 2156 2501 lr-

1172 2521 1316 2553 bertatis‚
1337 2529 1404 2559 quae
1426 2517 1595 2557 profectost
1616 2518 1802 2548 attendenda
1811 2516 1900 2549 effer,
1923 2523 2083 2555 nunquam
2102 2515 2157 2544 da-

1171 2572 1253 2593 retur
1262 2561 1347 2593 casus
1356 2581 1365 2595 ,
1388 2571 1422 2591 ut
1430 2562 1500 2601 quis
1510 2568 1666 2591 teneretur
1683 2561 1833 2590 tutiorem
1843 2568 1960 2599 partem
1971 2560 2082 2598 eligere
2092 2577 2102 2591 ,
2122 2558 2157 2588 &

1170 2606 1230 2636 hoc
1249 2613 1454 2645 proeceptum,
1476 2613 1541 2634 tam
1557 2601 1690 2634 crebroa
1710 2603 1810 2633 Sacris
1819 2600 2001 2633 Canonibus
2017 2602 2156 2632 inculca-

1170 2659 1255 2683 tum,
1278 2648 1348 2680 ell'et
1359 2646 1493 2678 ludibrio
1512 2645 1662 2686 positum,
1685 2654 1803 2677 utcum
1820 2645 1914 2676 Baldo
1924 2645 2030 2684 loquar
2046 2643 2079 2674 in
2089 2657 2113 2677 c.
2128 2652 2154 2674 1.

1169 2701 1281 2723 πωνή-Ι.
1294 2688 1387 2731 infin.
1398 2688 1435 2721 de
1442 2697 1514 2729 pace
1520 2688 1630 2727 juram.
1633 2686 1761 2730 firman.
1772 2688 1916 2719 Praetcre.1
1926 2687 1959 2724 in
1968 2685 2136 2717 interdicto
2147 2706 2155 2720 ,

1170 2735 1226 2769 Uti
1241 2734 1412 2774 poffiaetis,
1434 2734 1680 2766 leuRetinendae,
1703 2731 1928 2766 Praetorruetur
1946 2729 2154 2769 possessorem,

1170 2789 1209 2809 ne
1217 2778 1233 2808 a
1242 2778 1397 2817 litigatore
1409 2777 1445 2807 de
1457 2775 1508 2806 sua
1519 2775 1693 2815 possessione
1703 2777 1733 2805 vi
1743 2774 1902 2815 dejiciatur
1913 2793 1922 2807 ,
1944 2774 1966 2804 l.
1980 2782 2004 2803 1.
2015 2774 2048 2803 in
2055 2774 2153 2811 princ.

1162 2819 1266 2863 ff-Uti
1275 2818 1441 2861 poffidetis,
1463 2821 1496 2850 &
1518 2820 1607 2850 datur
1617 2818 1677 2849 hoc
1699 2816 1900 2860 inter-dicium
1912 2836 1920 2849 ,
1942 2816 1988 2846 vel
2004 2814 2155 2856 cumpos-

1171 2865 1258 2896 serlor
1268 2864 1306 2895 ab
1315 2865 1378 2894 alio
1387 2863 1525 2894 turbatur
1535 2881 1544 2896 ‚
1566 2863 1587 2893 l.
1599 2863 1675 2893 unic.
1686 2864 1722 2892 C.
1733 2860 1794 2890 eod.
1806 2860 1878 2900 Lap.
1887 2859 2011 2898 allegat.
2023 2868 2072 2898 73.
2084 2861 2117 2889 in
2125 2869 2151 2896 q.

1170 2918 1249 2939 num.
1262 2916 1288 2947 3.
1299 2905 1379 2946 verſs
1388 2904 1447 2946 Iste
1457 2904 1597 2939 videtur,
1618 2906 1651 2936 &
1661 2913 1738 2935 num.
1748 2913 1778 2942 4.
1787 2902 1867 2943 verſs
1877 2903 2020 2933 Tertium
2026 2901 2134 2941 probat
2143 2923 2152 2931 .

1171 2951 1219 2982 vel
1235 2950 1308 2982 cum
1326 2951 1388 2980 duo
1403 2949 1642 2979 contenduntde
1661 2944 1852 2987 posseffione,
1875 2945 1986 2977 Bartol.
1998 2947 2031 2976 in
2049 2944 2078 2975 d.
2090 2946 2108 2975 l.
2125 2954 2150 2974 1.

1171 2997 1197 3032 §.
1208 2992 1310 3032 Hujus
1317 3000 1416 3022 autem
1431 2990 1589 3022 interdifii
1598 3010 1607 3024 ,
1627 2989 1762 3021 Anchar.
1772 2988 1847 3029 conſs
1858 2998 1926 3028 274·
1938 2988 1996 3021 Ad
2016 2987 2152 3019 deciara-

1169 3039 1281 3068 tionem
1288 3037 1322 3066 in
1326 3033 1512 3075 princ.Ergo
1522 3034 1579 3064 hoc
1591 3033 1681 3064 habet
1691 3033 1795 3065 locum
1805 3034 1966 3064 dumtaxat
1978 3034 2010 3062 in
2023 3032 2151 3061 materia

1166 3079 1311 3121 Justitiae,
1331 3087 1399 3118 quae
1422 3077 1503 3107 estin
1525 3077 1633 3107 ordine
1642 3077 1680 3106 ad
1699 3075 1815 3109 alium,
1836 3086 1900 3106 non
1912 3084 2016 3106 autem
2026 3076 2058 3104 in
2079 3074 2149 3102 aliis

1169 3121 1335 3154 virtutibus
1345 3140 1355 3154 ‚
1376 3130 1443 3160 quae
1467 3119 1534 3150 sunt
1555 3120 1588 3149 in
1607 3119 1718 3149 ordine
1734 3119 1772 3150 ad
1794 3118 1922 3159 seipsum
1932 3139 1942 3152 ,
1963 3119 2036 3157 quia
2057 3125 2152 3145 nemo

1169 3167 1203 3196 in
1224 3164 1276 3196 sua
1286 3163 1459 3204 poffeffione
1479 3161 1494 3192 ἐι
1505 3160 1601 3201 seipso
1621 3162 1832 3202 perturbatur,
1853 3172 1911 3192 nec
1933 3162 1970 3191 de
1980 3161 2030 3190 illa
2047 3157 2150 3189 secum

1168 3208 1350 3241 contendit,
1371 3215 1424 3237 aut
1435 3205 1535 3244 litigat
1544 3225 1552 3232 ·
1575 3202 1663 3239 Nec,
1686 3214 1719 3236 ut
1728 3206 1772 3236 ait
1793 3203 1932 3245 vasquez
1943 3205 1974 3233 in
1995 3210 2019 3231 1.
2030 3212 2057 3231 2.
2070 3201 2147 3241 aisy.

1167 3255 1217 3291 65.
1228 3264 1253 3284 c.
1266 3259 1292 3290 3.
1302 3250 1381 3290 vers
1391 3249 1455 3292 Qi
1476 3246 1549 3278 vero
1560 3248 1708 3286 priorem,
1729 3247 1824 3288 potest
1833 3247 1902 3288 quis
1913 3253 2022 3276 contra
2043 3243 2149 3275 Deum

1167 3303 1321 3334 opponere
1330 3312 1340 3327 ‚
1360 3292 1445 3331 quod
1469 3290 1579 3322 melior
1599 3289 1636 3322 sit
1657 3291 1800 3322 conditio
1823 3289 1999 3332 pollidentis
2009 3309 2017 3317 .
2042 3286 2080 3318 Et
2103 3287 2147 3318 sa-

1167 3337 1206 3368 ne
1227 3357 1237 3371 ,
1263 3337 1334 3376 quis
1361 3334 1530 3374 imaginari
1559 3343 1699 3376 unquam
1728 3333 1840 3374 poterit
1863 3330 1967 3361 Deum
1994 3330 2116 3371 litigare
2137 3350 2148 3364 ,

1165 3381 1199 3411 ὃς
1222 3377 1408 3410 contendere
1435 3375 1597 3408 nobiscum
1618 3378 1655 3407 de
1685 3375 1899 3406 anterioritate
1919 3394 1929 3408 ,
1959 3374 1993 3405 &
2017 3373 2148 3413 potiori-

1165 3431 1227 3453 tate
1252 3418 1434 3459 possess‘ionis
1451 3439 1461 3453 ,
1486 3419 1633 3459 quinimo
1653 3420 1686 3450 ὃς
1708 3417 1904 3448 succumbere
1924 3418 1957 3447 in
1979 3416 2068 3448 causa
2085 3435 2095 3449 ,
2124 3415 2143 3445 fi

1165 3464 1265 3495 nollra
1287 3461 1420 3503 polseffio
1449 3465 1585 3493 anterior
1606 3461 1642 3492 sit
1664 3467 1672 3490 Ξ
1705 3461 1751 3491 Ad
1775 3460 1835 3531 hi}
1857 3480 1867 3494 ,
1896 3470 1963 3500 qua:
1984 3461 2148 3530 tradgntur

1804 3521 1814 3532 i
2003 3513 2019 3531 a
2074 3511 2108 3530 o-

2173 707 2230 741 189

2176 1229 2230 1258 191

2184 1834 2239 1865 193

2183 2694 2240 2724 194.

2175 3466 2228 3496 195
