2397 3664
661 81 664 84 <
714 47 814 109 De
849 44 1144 109 Constitut·
1180 64 1227 106 c·
1263 45 1362 108 Ne
1398 48 1663 108 innitaris.

299 137 445 184 fidelibus
452 158 463 174 ,
483 146 585 171 tamen
592 133 706 170 dicitur
716 132 906 175 deponendus
913 154 924 170 2
944 132 1058 176 eoquod
1074 134 1109 166 in
1118 133 1172 165 olu-

308 182 356 216 bio
364 181 519 223 nongefflt
529 180 566 223 se
570 187 627 221 pro
635 179 893 213 excommunicato,
906 199 916 208 .

183 238 242 272 193
262 228 389 262 Mulier
403 222 546 257 dubitans
553 223 590 254 de
604 220 701 254 morte
708 222 823 259 prioris
837 218 991 259 coniugis,
1011 217 1172 262 nonpotest

306 279 430 311 pergere
437 263 640 310 inpoffeffione
647 261 783 299 debitum
791 262 935 303 exigendi
943 261 1097 304 a'secundo
1105 274 1172 299 ma·-

184 368 246 400 194
266 323 464 393 Ingrtssifflm
471 373 483 387 ,
492 351 552 385 'uti
567 349 721 392 poffidetis
728 369 740 385 2
758 347 853 383 datur
862 349 914 383 vel
920 347 988 384 cum
993 347 1128 392 poffeffor
1134 346 1173 382 ab

308 399 370 431 alio
379 393 520 431 turbatur
529 414 540 429 ‚
553 393 606 426 vel
613 392 681 426 ciam
689 393 745 427 duo
752 390 936 426 contendunt
945 393 982 425 de
987 391 1152 436 poffl’ffiane
1163 414 1170 422 -

186 451 243 484 195
264 438 464 515 [nterdgibudrz
469 458 486 473 2>
500 438 670 471 retinendae
679 456 691 473 ,¹
710 444 745 472 ut
764 436 863 470 locum
881 433 991 474 habeat
998 457 1010 476 ³,
1030 447 1088 477 quae
1101 436 1170 480 fint

329 494 363 514 ro
381 493 422 514 an
473 502 481 512 .

186 533 244 568 196
264 492 381 569 Oplinio
400 526 498 557 tutior
507 525 548 567 ἐπ’
557 521 645 555 dubio
652 520 791 563 eligenda
811 524 845 557 in
858 521 932 564 foro
943 522 1171 562 poenitentiali,

308 570 360 602 vel
367 568 452 611 quast
470 565 676 608 poenitentiali
683 562 807 598 tantum
822 576 833 595 .·
851 567 885 596 in
898 563 974 608 foro
981 575 1081 597 autem
1091 565 1172 604 judi-

306 612 384 646 ciali
393 632 404 646 2
424 608 474 644 ubi
482 607 631 649 agnus-ad
636 617 758 650 poenam
765 629 779 645 2
797 608 938 651 eligenda
945 607 988 653 est
996 606 1152 653 benignior
1161 628 1174 648 ἓ

309 667 361 688 nn.
365 653 449 694 seqq.
460 654 546 696 usque
560 650 602 687 ad
613 664 644 684 n.
655 661 728 685 201.

267 699 457 733 Declaratur
466 718 477 732 ,
498 709 530 729 n.
541 707 611 736 204.

185 752 245 783 197
257 744 287 786 J
288 746 369 775 udex
378 743 411 774 in
419 739 508 774 dubio
521 747 581 772 non
587 736 673 771 debet
687 736 823 778 judicare
833 748 1005 777 quemquam
1021 738 1174 778 irregula-

310 795 374 817 rem
383 804 394 820 ‚
409 783 466 825 sed
475 780 599 823 quilibet
607 784 641 817 in
650 779 738 816 dubio
746 790 864 815 tenetur
873 782 909 823 se
916 782 1119 822 irregularem
1126 781 1173 821 ju-

312 827 432 860 dicare.
701 841 704 843 Α

187 875 246 910 198
267 873 382 913 Opinio
390 871 486 902 tutior
493 881 546 902 cur
554 865 694 910 eligenda
706 868 754 912 fit
760 871 793 901 in
800 867 874 912 fora
883 868 1070 911 conscientia
1083 888 1094 905 2
1113 879 1173 901 non

310 923 410 947 autem
417 915 451 945 in
461 911 604 956 forofori
611 935 619 942 .

185 967 245 998 199
264 958 483 997 Interpretatio
503 958 537 988 in
552 953 640 988 dubio
659 964 766 988 contra
774 957 900 988 tertium
912 953 1062 999 facienda
1077 953 1119 996 est
1138 957 1173 987 in

310 1001 463 1035 meliorem
481 1007 602 1043 partem
610 1019 621 1036 ⁵,
640 1008 747 1032 contra
759 998 893 1041 stiffim.
913 1002 948 1032 in
968 997 1148 1031 deteriorem
1162 1019 1173 1033 ,

310 1043 348 1076 <t
359 1053 411 1076 cur
420 1065 429 1073 .

183 1099 245 1122 200
264 1090 303 1121 In
322 1083 554 1125 obligationibus
567 1106 579 1121 ‚
599 1095 656 1123 que
673 1094 854 1121 concernunt
874 1086 976 1118 Deum
983 1105 994 1120 ,
1014 1087 1111 1118 tutius
1131 1083 1173 1128 est

306 1129 484 1171 praefiemere
493 1139 578 1168 quem
585 1129 713 1168 ligatum
721 1148 732 1162 ‚
752 1130 843 1166 qua'm
849 1128 984 1170 solutum
992 1150 1002 1159 .

163 1184 167 1187 '
181 1183 240 1208 201
263 1172 302 1206 In
315 1173 427 1212 judicio
439 1171 559 1213 proprie
565 1182 624 1204 non
639 1169 682 1212 est
690 1169 825 1212 reperire
836 1180 959 1212 partem
969 1174 1112 1203 tutiorem
1122 1194 1129 1202 .

257 1214 368 1262 Judex
378 1214 604 1251 condemnando
612 1217 801 1247 innocentem
811 1235 823 1250 ‚
841 1222 943 1255 peccat
952 1224 1059 1247 contra
1064 1215 1174 1254 proxi<

308 1270 390 1293 mum
397 1270 412 1301 ς
432 1256 613 1301 absolvendo
618 1267 772 1293 nocentem
780 1278 793 1295 a
812 1266 915 1302 peccat
928 1267 1035 1292 contra
1045 1260 1118 1292 Rem
1118 1266 1174 1300 pu-

309 1301 421 1336 blicam
430 1323 441 1338 ‚
462 1301 540 1335 ibid.

183 1357 242 1380 202
264 1349 369 1380 Satius
377 1356 479 1378 tamen
489 1343 532 1387 est
546 1347 729 1385 impunitum
738 1344 873 1384 relinqui
882 1344 1010 1389 facinus
1018 1347 1154 1377 nocentis
1164 1365 1173 1380 ‚

310 1389 400 1428 quam
410 1391 598 1421 innocentem
607 1387 753 1420 damnari
762 1409 772 1424 ,
786 1400 815 1420 n.
828 1393 898 1426 267.

182 1442 241 1474 203
262 1435 343 1466 Pars
351 1434 446 1467 tutior
454 1435 488 1464 in
501 1431 573 1476 foro
582 1432 763 1473 conscientia
779 1430 822 1474 est
834 1434 929 1464 etiam
942 1429 1155 1475 favorabilior
1165 1454 1172 1461 .

182 1487 244 1517 204
254 1474 367 1519 judex
376 1487 416 1507 an
426 1473 589 1515 aliquando
598 1484 737 1507 teneatur
739 1473 827 1515 sequi
835 1477 1002 1515 opinionem
1012 1477 1155 1507 tutiorem
1166 1496 1174 1504 .

181 1527 240 1560 205
264 1517 473 1562 Poffefforium
482 1521 575 1551 datur
583 1520 678 1551 etiam
687 1520 721 1553 in.
733 1516 937 1558 corporalibus
946 1538 957 1553 ‚
978 1521 1013 1550 in
1021 1518 1117 1560 caufis
1126 1527 1175 1550 ta-

307 1573 376 1596 men
384 1559 528 1595 civilibus
535 1582 545 1598 ‚
556 1573 615 1595 non
623 1570 724 1597 autem
732 1561 943 1594 criminalibus
951 1583 959 1592 .

182 1610 242 1639 206
263 1607 345 1639 Pars
354 1607 450 1637 tutior
465 1608 499 1637 in
508 1603 670 1638 moralibus
685 1602 726 1645 est
733 1603 874 1644 eligenda
884 1603 921 1636 de
942 1604 1007 1644 jure
1017 1605 1155 1636 naturali
1165 1625 1175 1639 ‚

308 1647 347 1682 ό·
355 1647 465 1680 divino
473 1667 485 1684 ‚
504 1657 609 1681 contra
617 1647 692 1686 quod
701 1648 787 1680 nulla
795 1647 920 1689 poffeffio
931 1668 941 1682 ‚
964 1657 1016 1679 aut
1023 1648 1175 1689 prascrip-

306 1694 350 1723 tio
359 1712 368 1726 ‚
390 1692 443 1723 vel
459 1690 635 1732 conspetuao
649 1690 819 1734 ficffragari
836 1689 933 1733 potest
941 1711 953 1727 ‚
973 1689 1011 1724 (ῥ’
1027 1702 1078 1722 nn.
1089 1691 1173 1733 seqq.

307 1737 394 1776 usquc
403 1733 444 1766 ad
464 1746 494 1766 n.
507 1744 578 1767 211.

181 1787 242 1817 207
262 1779 402 1812 Pericula
410 1779 553 1810 mortalis
561 1776 716 1819 peccatise
727 1786 875 1819 exponere
881 1774 923 1820 est
931 1786 1082 1820 peccatum
1093 1788 1174 1810 mor-

307 1822 371 1854 tale
387 1843 394 1852 .

180 1868 241 1898 208
262 1867 373 1897 Etiam
383 1863 432 1897 ubi
445 1865 528 1897 ailus
538 1863 574 1896 de
587 1875 696 1905 genere
707 1864 762 1906 fi‘0
771 1875 829 1896 non
847 1863 888 1907 est
896 1872 1047 1907 peccatum
1058 1873 1176 1897 morta-

307 1909 337 1940 le
347 1928 363 1943 ‚.
379 1907 416 1941 Θ
425 1920 455 1940 n.
468 1919 484 1940 2
492 1918 537 1949 13.

180 1961 242 1989 209
262 1950 460 1985 Interdiiium
469 1972 480 1986 ‚
501 1951 550 1984 uti
561 1951 714 1993 poffidetis
724 1972 736 1988 2
754 1962 812 1983 non
820 1954 913 1984 datur
931 1953 966 1985 in
975 1953 1110 1984 materia
1121 1962 1174 1982 nu-

309 2003 425 2029 tritiva
439 2003 555 2034 peccati
566 2017 574 2025 .

181 2048 199 2069 2
206 2046 242 2070 10
264 2036 335 2069 Nec
345 2037 461 2076 quando
472 2039 518 2076 jus
528 2037 588 2081 rest
583 2036 643 2078 stit
652 2060 659 2066 .

180 2090 215 2113 2¹
225 2090 237 2113 1
263 2077 396 2122 Poffefflo
405 2083 439 2111 in
442 2079 514 2123 foro
522 2080 705 2120 conscientia
714 2091 772 2112 non
774 2078 841 2121 stat
852 2087 909 2120 pro
919 2078 1063 2112 libertate
1070 2079 1175 2112 huma-

256 2129 271 2140 ’“
307 2134 347 2154 na
355 2143 366 2157 2
373 2122 433 2164 sed
439 2131 496 2161 pro
504 2121 688 2162 obligatione
695 2121 865 2164 abstinendi
873 2123 911 2155 ab
921 2123 988 2154 astu
998 2123 1112 2154 illicito
1122 2145 1130 2152 .

179 2175 240 2199 212
261 2166 377 2205 Opinio
387 2167 483 2198 tutior
491 2167 525 2198 in
532 2164 622 2196 dubio
631 2165 772 2203 eligenda
781 2164 822 2205 est
830 2186 840 2200 ,
855 2165 928 2208 five
935 2163 1057 2197 dubium
1061 2166 1107 2208 fit
1117 2165 1174 2209 fa-

305 2207 438 2250 fii2five
448 2206 537 2245 juris,
547 2208 600 2239 vel
610 2207 746 2247 persam,
757 2206 911 2249 &n-seqq.
922 2207 1009 2248 usque
1017 2209 1059 2240 ad
1068 2211 1173 2241 n.218.

222 2272 224 2277 ,
263 2253 311 2284 Et
321 2260 387 2282 tam
396 2252 429 2283 in
439 2248 527 2282 dubio
535 2249 613 2288 juris
619 2251 856 2289 practicofflmm
863 2250 1013 2291 speculati
1017 2263 1118 2286 vo,n.2
1127 2255 1172 2285 18.

262 2296 292 2327 E
296 2304 308 2326 t
315 2297 348 2326 in
359 2296 441 2327 omni
449 2295 582 2326 materia
590 2295 686 2328 etiam
697 2304 790 2327 extra
798 2294 898 2336 caſsim
906 2296 1153 2335 irregularitatis
1163 2316 1173 2331 ‚

309 2348 339 2369 n.
353 2348 426 2371 220.

179 2389 242 2422 213
260 2383 338 2415 Cum
349 2381 530 2422 conscientia
538 2390 663 2413 erronea
679 2383 774 2413 etiam,
784 2383 970 2414 erroneitate
983 2380 1060 2420 iuris
1068 2390 1172 2423 opera—

307 2426 338 2454 ri
347 2424 485 2456 nonlicet
493 2423 597 2465 absque
605 2432 742 2464 peccato.

181 2477 242 2509 214
261 2464 396 2500 Dubium
406 2466 483 2505 juris
492 2466 602 2500 habens
611 2487 622 2502 ,
643 2479 683 2499 an
685 2467 733 2510 fit
740 2470 1017 2501 excommunicatus
1025 2489 1036 2504 ,
1052 2478 1172 2501 tenetur

301 2510 484 2552 securiorem
491 2519 609 2552 partem
617 2511 727 2551 eligere
736 2532 748 2543 .

180 2562 240 2595 215
261 2553 416 2598 Amylum
423 2563 466 2585 an
479 2554 525 2596 sit
534 2555 667 2587 materia
679 2556 860 2588 conveniens
869 2553 910 2588 ad
923 2554 1101 2599 faciendum
1115 2564 1171 2597 pa-

307 2607 376 2630 nem
393 2594 622 2638 consecrabilem
630 2618 639 2627 .

179 2644 239 2674 216
261 2642 299 2674 In
317 2636 418 2673 dubiis
427 2637 560 2672 omnibus
578 2648 641 2672 tres
648 2642 791 2675 maxima
799 2640 1041 2683 fimtservandae
1051 2641 1170 2684 exsen-

213 2688 216 2692 '
307 2685 407 2717 tentia
426 2685 452 2715 S
454 2685 514 2714 coti
522 2704 530 2713 .

180 2738 198 2759 2
205 2735 242 2765 17
262 2724 395 2760 Dubium
401 2725 530 2767 persona
540 2735 593 2764 quo
601 2724 692 2767 sensu
699 2729 867 2767 accipiatur
874 2728 895 2760 a'
904 2727 1089 2770 jurisperitis
1098 2751 1106 2759 .

181 2782 198 2803 2
205 2780 242 2808 19
262 2770 451 2804 Intelleiium
462 2768 515 2810 effic
522 2778 634 2803 certum
642 2770 775 2810 praitice
782 2791 792 2806 ‚
799 2769 1173 2813 &dubiumspeculativb2

308 2814 358 2845 vel
369 2812 532 2854 econverso.
541 2833 550 2847 ‚
560 2824 618 2843 non
635 2809 675 2853 cst
684 2811 812 2854 poffibile
820 2835 828 2843 .

180 2868 240 2890 220
261 2858 378 2897 Opinio
399 2859 494 2888 tutior
502 2859 537 2888 in
559 2853 646 2888 dubio
655 2854 796 2895 eligenda
819 2855 860 2897 est
872 2858 908 2888 in>
926 2860 1009 2890 omni
1017 2861 1148 2891 materia
1159 2879 1169 2894 ,

307 2898 357 2933 ubi
364 2902 499 2932 vertitur
514 2898 628 2941 salutis
634 2899 797 2941 periculum
804 2916 819 2935 ‚s
836 2898 873 2932 (ῥ’
882 2899 1039 2943 refellitur
1048 2912 1171 2934 contra-

308 2954 358 2975 ria
368 2952 467 2983 opimo
477 2965 489 2975 i

180 2996 238 3020 221
260 2985 406 3027 Furiosus
421 2984 532 3019 habens
548 2984 654 3019 lucida
665 2986 838 3019 intervalla
852 2985 897 3019 ad
913 2985 1170 3021 Subdiaconatum

310 3039 462 3072 promotus
471 3051 482 3065 ‚
502 3042 542 3062 an
551 3039 692 3062 teneatur
700 3039 854 3063 continere
862 3052 874 3061 .

182 3083 239 3105 222
259 3074 515 3113 Ratiogeneralis
521 3075 652 3114 ampliat
660 3073 773 3105 aizium
781 3073 917 3114 speciale
927 3095 935 3104 .

182 3125 239 3157 223
258 3118 330 3152 Lex
339 3119 435 3148 etiam
447 3118 580 3157 poenalis
588 3116 707 3149 dicitur
717 3114 927 3160 favorabilis,
946 3115 988 3150 ώ*
1001 3115 1169 3150 extenden-

307 3158 348 3191 da
355 3181 365 3195 ‚
390 3157 440 3193 ubi
447 3162 551 3199 agitur
559 3159 596 3192 de
598 3159 766 3201 securitate
772 3161 879 3192 anima
888 3182 897 3190 .

181 3210 242 3241 224
261 3203 352 3235 Ratio
366 3203 400 3246 fi
415 3203 457 3244 fit
466 3202 606 3244 expressa.
622 3206 656 3235 in
666 3205 790 3237 Canone
797 3223 808 3238 ‚
828 3202 999 3243 ubicumque
1017 3206 1100 3237 ratio
1109 3205 1168 3237 illa

307 3247 411 3285 viget,
431 3245 516 3287 casus
533 3244 680 3279 diciturci
692 3246 757 3284 iure
766 3245 934 3287 expreffics.

183 3299 218 3321 22
222 3294 238 3327 5
262 3289 289 3319 C
291 3296 372 3319 ertus
392 3288 433 3330 est
442 3290 600 3322 moraliter
610 3311 620 3325 ‚
641 3301 703 3322 non·
719 3298 819 3322 autem
834 3288 961 3325 dubius,
981 3293 1032 3329 qui
1050 3290 1167 3331 judicas

308 3341 400 3363 unam
408 3335 577 3371 opinionem
585 3332 640 3375 effe
648 3334 750 3366 altera
766 3330 1000 3373 probabiliorem
1010 3356 1018 3364 .

264 3374 378 3414 Opinio
387 3373 542 3408 vehemens
547 3384 602 3416 pro
610 3376 792 3410 certitudine
800 3374 926 3409 habetur
935 3396 946 3411 ‚
961 3374 1038 3409 ibid.

181 3420 241 3451 226
261 3419 288 3449 C
290 3415 498 3458 ircumstantiae
505 3418 682 3452 notabiliter
697 3429 902 3459 aggravantes
909 3430 949 3451 an
963 3420 1031 3462 fint
1039 3417 1166 3461 neceffa-

306 3459 354 3492 rio
364 3461 396 3492 in
403 3458 574 3504 confeffione
584 3464 748 3504 aperienda
754 3461 792 3496 ab
799 3474 832 3496 eo
839 3483 851 3500 ,
859 3464 909 3502 qui
913 3471 1002 3504 putat
1010 3473 1167 3502 utramque

2050 73 2134 122 -27

1341 135 1509 210 Zpinionem
1518 133 1573 177 effe
1587 130 1791 176 probabilem,
1812 135 1866 167 vel
1874 145 1965 168 unam
1980 136 2084 171 altera
2101 139 2206 178 proba-

1361 190 1373 209 ὖ
1387 188 1481 210 torem
1497 199 1505 208 ι

1214 228 1275 259 227
1295 218 1448 297 confiteri
1456 218 1570 264 statim
1578 231 1619 254 an
1627 220 1675 264 fit
1683 222 1718 254 in
1720 228 1864 264 praecepto
1873 220 1939 264 post
1947 222 2066 265 lapsum
2080 226 2114 256 in
2125 235 2206 257 mor-

1341 273 1376 296 ta
1390 275 1420 297 e-

1212 309 1274 340 228
1295 307 1412 349 Opinio
1415 305 1604 346 probabilior
1611 308 1685 348 eligi
1697 307 1794 350 potest
1802 329 1813 344 ,
1835 310 1979 349 quamvis
1988 313 2146 342 eontraria
2159 312 2206 354 fit

1340 351 1463 436 tutio-P,
1482 349 1642 384 dummodo
1666 350 1834 392 deponatur
1853 353 2037 394 conscientia
2057 355 2206 396 opinionis

1341 401 1412 433 oppo
1427 402 1476 425 ltae
1493 415 1502 425 ο

1213 446 1273 474 229
1293 437 1333 473 In
1341 438 1479 476 opinione
1488 434 1650 477 deligenda
1651 436 1814 478 fi’rvandae
1815 438 1892 480 sunt
1901 439 2007 479 regulae
2016 438 2094 477 iuris
2103 460 2113 478 ,
2135 440 2205 474 ciam

1339 478 1580 521 namara-uque
1587 481 1686 520 opinio
1686 480 1733 524 fit
1741 481 1888 517 tution&
1897 482 2092 526 n.seq.usq·‚ad
2098 495 2128 517 n.
2133 495 2203 525 242.

1292 523 1345 554 ‘Et
1352 532 1409 561 quae
1419 523 1488 566 fint
1495 521 1641 564 etusmodi
1649 523 1753 562 regula
1763 545 1774 559 ‚
1794 536 1825 556 n.
1835 535 1904 567 231.

1213 573 1274 606 230
1293 566 1376 600 Pars
1383 567 1479 598 tutior
1493 568 1527 597 in
1535 563 1623 598 dubio
1640 576 1696 604 quae
1704 566 1825 599 dicatur
1834 590 1842 598 .

1214 617 1270 649 231
1294 607 1490 650 Praesumptio
1506 607 1697 641 validitatis>
1709 610 1791 642 attus
1805 609 1847 652 est
1855 612 1987 646 aliarum
1997 612 2205 656 praestomPtio-

1341 662 1413 684 num
1429 662 1537 692 regina
1548 674 1556 683 .

1213 704 1272 736 232
1294 696 1409 736 Opinio
1410 694 1530 739 favens
1537 697 1733 728 matrimonio
1740 717 1750 731 ‚
1761 697 1815 730 vel
1820 696 1964 738 potestati
1972 700 2202 741 Clavium‚prae-

1335 737 1470 782 ferenda
1480 737 1522 781 est
1532 740 1666 779 opinioni
1674 743 1832 773 contrari-e
1841 743 1936 773 etiam
1945 745 2095 775 communi
2108 765 2116 774 .

1210 791 1272 824 v233
1283 782 1395 825 Judex
1402 791 1521 815 tenetur
1527 783 1615 825 sequi
1624 794 1807 819 communem
1815 786 2003 824 opinionem,
2023 786 2105 818 alia's
2115 785 2201 831 facit

1341 826 1428 859 litem
1442 825 1533 867 suam
1543 847 1554 861 ‚
1575 824 1614 860 Θ
1623 825 1760 867 nn.seqq.
1773 839 1803 859 n.
1816 835 1885 866 275.

1214 877 1275 909 234
1295 870 1409 910 Opinio
1417 871 1582 904 communis
1590 867 1679 904 habet
1687 872 1754 902 vim
1761 869 1980 912 consuetudinis
1988 891 1998 906 ,
2006 882 2034 902 n.
2047 880 2118 910 277.

1214 922 1251 954 23
1256 920 1270 953 5
1295 911 1497 953 opinionibus
1507 911 1746 953 difirepantibus
1753 914 1798 957 ,β
1807 925 1855 945 res
1861 913 1986 955 prorsus
1994 913 2133 954 ambigua
2136 915 2182 959 fit
2189 936 2201 951 ,

1341 954 1550 998 abstinendum
1559 956 1602 999 est
1609 956 1630 989 a*
1640 957 1766 1000 confilio
1775 977 1785 992 ,
1807 957 1845 990 (θ’
1854 955 1967 996 judicio
1975 977 1986 993 a
2003 956 2042 990 (ῥ’
2050 957 2202 998 consulen-

1341 998 1396 1031 dus
1406 997 1447 1041 est
1456 1001 1604 1041 Princeps
1612 1020 1624 1035 2
1645 1011 1678 1034 n.
1688 1011 1758 1042 244.

1215 1045 1274 1084 236
1295 1043 1410 1083 Opinio
1423 1044 1461 1075 Θ
1469 1045 1591 1075 veritas
1597 1043 1632 1086 β
1638 1045 1774 1075 invicem
1784 1043 2016 1087 seconfundant
2024 1064 2035 1079 ‚
2044 1042 2138 1087 potest
2137 1045 2167 1088 J
2169 1058 2201 1078 u-

1341 1084 1404 1117 dcx
1420 1083 1630 1127 differentiam
1639 1085 1782 1118 dividere
1793 1108 1801 1116 .

1215 1137 1276 1170 237
1297 1129 1466 1169 opiniones
1469 1128 1502 1170 st
1510 1130 1659 1166 utrimque
1660 1130 1728 1171 fint
1734 1127 1902 1170 probabiles
1910 1150 1921 1166 ‚
1942 1128 2115 1164 inducendae
2130 1130 2206 1172 sunt

1340 1179 1446 1211 partes
1455 1168 1498 1202 ad
1513 1169 1720 1204 concordiam.

1215 1216 1275 1255 238
1296 1212 1479 1250 Arbitrium
1486 1212 1614 1249 liberum
1623 1234 1638 1249 ‚.
1653 1211 1692 1248 <i-
1700 1211 1885 1255 absolutum‚
1906 1216 2001 1251 nullis
2013 1215 2151 1258 fisbiacet
2157 1227 2207 1250 re-

1340 1258 1422 1298 gulis
1431 1256 1509 1296 juris
1523 1257 1657 1301 positivi
1667 1279 1675 1288 .

1216 1311 1276 1342 2239
1298 1299 1442 1334 Arbitrii
1451 1299 1576 1333 verbum
1586 1302 1619 1334 in
1636 1297 1725 1333 dubio
1735 1321 1749 1337 ,,
1766 1303 1833 1335 viri
1850 1298 1919 1334 boni
1928 1322 1937 1337 ‚
1959 1305 1996 1336 Ψ
2008 1300 2028 1335 a
2045 1303 2110 1343 jure
2120 1313 2210 1344 regu-

1343 1345 1440 1377 latum
1449 1343 1626 1388 fignificat.

1218 1398 1277 1428 240
1297 1387 1441 1428 Clausula
1451 1407 1461 1422 ‚
1481 1386 1623 1422 Arbitrio
1633 1386 1724 1419 Rotae
1733 1407 1747 1423 ,,
1765 1385 1839 1425 quid
1856 1389 1999 1427 importet
2009 1410 2021 1421 ..

1216 1441 1273 1471 241
1298 1430 1470 1463 Intelleflus
1478 1441 1502 1462 c.
1514 1432 1601 1468 lnqui
1615 1432 1708 1463 ttioni
1716 1451 1726 1465 ,
1735 1428 1856 1473 desent-
1866 1442 2016 1463 excomm.

1217 1485 1276 1514 242
1298 1473 1473 1506 Intelletius
1490 1474 1584 1506 c.‚Illu
1617 1493 1626 1508 ‚
1645 1473 1681 1505 dc
1696 1474 1780 1506 Cler.
1791 1473 2120 1515 excomm-ministram

1217 1527 1278 1558 243
1299 1517 1507 1590 Depofitiqnis
1521 1524 1609 1557 poena
1627 1515 1735 1560 infligi
1755 1528 1814 1549 non
1834 1515 1928 1559 potest
1937 1538 1947 1553 ‚
1968 1518 2028 1564 nist
2044 1526 2102 1562 pro
2121 1519 2209 1560 culpa

1343 1569 1443 1591 morta
1459 1573 1470 1591 ι
1482 1582 1490 1590 .

1217 1614 1256 1644 24
1260 1611 1275 1644 5
1299 1603 1472 1636 Intelleilus
1492 1614 1516 1635 c.
1526 1605 1655 1635 Veniens
1665 1624 1676 1639 ,
1697 1601 1734 1636 de
1743 1602 1884 1650 Presbyt.
1894 1615 1953 1637 non
1962 1602 2082 1645 baptiz.

1302 1645 1476 1722 Orczitciiatus
1491 1655 1562 1680 ante
1574 1644 1755 1689 baptismum
1776 1659 1818 1680 an
1838 1650 1969 1689 recipiat
1988 1647 2189 1681 characterem
2197 1669 2211 1685 .,

1238 1718 1245 1723 .
1345 1704 1354 1721 1
1377 1703 1386 1721 Ι
1414 1712 1421 1720 ι

1218 1736 1276 1775 246
1300 1735 1484 1773 Opinionem
1493 1731 1604 1766 habens
1611 1754 1621 1769 ‚
1641 1732 1719 1773 quid
1725 1735 1807 1767 aflus
1818 1735 1866 1778 sit
1875 1734 1980 1767 licitus
1988 1756 1998 1770 ‚
2013 1735 2046 1778 st
2053 1738 2146 1767 ctiam
2153 1734 2209 1767 ha-

1344 1774 1414 1810 beat
1425 1777 1599 1818 scrupulum
1616 1775 1653 1809 de
1674 1785 1744 1818 oppo
1740 1778 1804 1821 fito
1813 1798 1824 1813 ,
1844 1787 1911 1818 agit
1930 1786 2036 1811 contra
2053 1777 2214 1810 dictamen

1343 1819 1542 1862 conscientia,
1565 1831 1594 1852 n.
1606 1831 1675 1860 249.

1218 1871 1278 1904 247
1299 1864 1345 1896 Et
1366 1863 1461 1895 multo
1471 1864 1571 1902 magis
1587 1863 1619 1910 β
1626 1863 1662 1895 de
1679 1864 1807 1907 opposito
1816 1862 1926 1897 habeat
1943 1866 2110 1905 opinionem
2131 1863 2206 1904 aque

1341 1903 1530 1946 probabilem
1539 1925 1554 1941 „
1572 1912 1613 1939 <9⁸¹
1619 1917 1674 1939 nn.
1677 1906 1761 1948 seqq.

1216 1952 1277 1992 248
1297 1951 1323 1983 S
1323 1949 1461 1991 crupulus
1469 1946 1510 1990 est
1520 1948 1685 1982 credulitas
1693 1961 1733 1983 ex
1756 1948 1874 1983 levibus
1881 1950 2058 1989 coniesturis
2066 1971 2076 1986 ,
2098 1949 2209 1991 &plus

1343 1992 1539 2025 credulitatis
1560 1991 1649 2026 habet
1666 2013 1677 2029 ‚
1705 1993 1797 2032 quam.
1822 1991 1976 2027 dubitatio
1990 2014 2001 2031 ‚
2021 1998 2059 2027 (9·
2078 1995 2177 2027 minus
2197 2015 2211 2029 ,,

1343 2035 1434 2074 qua‘m
1455 2037 1557 2076 opinio
1568 2056 1579 2071 ‚
1600 2048 1630 2068 n.
1641 2041 1716 2069 261.

1216 2086 1277 2118 250
1297 2078 1443 2112 Medicus
1453 2087 1558 2118 peccat
1567 2099 1577 2115 ‚
1591 2079 1624 2123 β
1635 2082 1776 2120 propinet
1784 2078 1968 2113 medicinam
1985 2078 2125 2113 dubitans
2135 2101 2145 2115 ‚
2168 2091 2208 2112 an

1337 2121 1383 2164 fit
1398 2120 1558 2165 profutura
1568 2142 1578 2158 ‚
1600 2123 1652 2156 vel
1671 2126 1809 2156 nocitura
1818 2144 1829 2158 ,
1849 2124 1971 2168 etiamst
1986 2127 2084 2165 magis
2104 2122 2208 2157 credat

1344 2175 1411 2198 eam
1416 2164 1565 2208 proficere
1571 2164 1677 2198 debere
1686 2187 1696 2202 ,
1718 2179 1747 2198 n.
1759 2177 1828 2208 293.

1216 2215 1274 2248 251
1297 2210 1323 2241 S
1324 2209 1460 2249 crupulos
1469 2208 1615 2243 vincendi.
1628 2208 1866 2252 saluberrimum
1875 2209 1917 2253 est
1933 2209 2100 2245 remedium
2109 2231 2119 2245 ‚
2140 2222 2207 2244 con-

1343 2261 1395 2283 tra
1416 2253 1488 2284 illos
1498 2255 1618 2293 operari
1626 2275 1640 2286 κ

1300 2295 1506 2332 Declaratur,
1527 2295 1608 2329 ibid.

1215 2345 1272 2379 253
1295 2339 1479 2379 Opinionem
1488 2338 1590 2372 minus
1598 2337 1783 2380 probabilem
1791 2361 1801 2375 ,
1823 2339 1862 2374 ό*
1869 2338 1970 2374 minus
1978 2349 2076 2372 tutam
2085 2359 2098 2373 ‚.
2110 2351 2151 2371 an
2153 2339 2206 2381 se-

1341 2384 1391 2420 qui
1401 2382 1493 2414 liceat
1500 2403 1511 2418 ,
1518 2384 1627 2416 reliHa
1632 2381 1832 2424 probabiliori
1840 2404 1850 2418 ‚
1859 2394 1895 2416 ac
1902 2384 2011 2415 tutiori
2017 2402 2028 2417 ,
2034 2381 2121 2421 plene
2129 2393 2205 2415 exa-

1341 2427 1475 2458 minatur
1485 2446 1496 2461 ,
1513 2424 1551 2459 <J
1559 2438 1610 2458 nn.
1616 2427 1698 2467 seqq.
1710 2427 1794 2468 usque
1811 2425 1889 2457 adn.
1899 2434 1971 2465 403.

1214 2475 1274 2509 254
1294 2467 1478 2512 Referuntur
1488 2468 1661 2504 Authores,
1683 2467 1927 2510 &fundamenta
1940 2475 1997 2508 pro
2007 2469 2144 2508 opinione
2154 2467 2204 2512 af·-

1334 2510 1460 2553 firmati
1465 2524 1504 2543 va
1514 2532 1525 2546 a
1547 2512 1585 2543 ἅ*
1599 2512 1719 2550 n-seqq.

1296 2553 1482 2598 Refieruntur
1503 2552 1710 2593 quadraginta
1716 2551 1773 2586 duo.
1779 2552 1987 2596 fundamenta
1992 2561 2051 2594 pro.
2065 2555 2203 2595 opinione

1338 2599 1485 2636 negativa
1494 2616 1504 2631 ‚
1520 2596 1539 2628 a¹
1549 2607 1579 2627 n.
1590 2594 1757 2636 2561us1‘1ue
1764 2594 1841 2628 adn.
1855 2606 1923 2637 392.

1295 2638 1482 2683 Referuntur
1489 2659 1500 2674 ,
1522 2637 1559 2672 &⁸
1568 2642 1781 2679 expenduntur
1788 2638 1943 2672 Authores
1948 2647 2003 2680 pro
2012 2638 2117 2674 eadem
2127 2640 2201 2681 sen—

1340 2685 1457 2718 tentia,
1477 2682 1497 2714 a
1507 2693 1534 2713 n.
1547 2683 1710 2725 340.usque
1725 2681 1802 2714 adn.
1814 2693 1882 2724 392.

1295 2726 1468 2758 Solvuntur
1476 2729 1633 2758 contraria
1643 2746 1653 2761 ,
1675 2737 1706 2757 n.
1714 2735 1784 2766 392.
1795 2725 1880 2766 usque
1888 2723 1930 2757 ad
1937 2737 1968 2757 n.
1977 2736 2050 2767 402.

1212 2777 1247 2810 25
1253 2777 1268 2810 5
1291 2770 1393 2801 Nemo
1402 2777 1521 2801 tenetur
1537 2768 1578 2801 ad
1584 2769 1618 2800 id
1627 2789 1636 2804 ‚
1659 2768 1734 2807 quod
1741 2767 1902 2812 perfet‘lius
1910 2766 1953 2811 est
1960 2779 1973 2805 ,-
1986 2768 2049 2811 sed.
2058 2769 2177 2812 sufficit
2187 2792 2198 2806 ‚

1339 2822 1372 2844 ut
1374 2812 1518 2854 sequatur
1525 2811 1689 2856 perfellum
1698 2823 1732 2844 ac
1742 2821 1838 2844 tutum
1849 2833 1861 2843 ..

1212 2858 1271 2898 258
1292 2858 1500 2891 Declaratur,
1521 2868 1550 2887 n.
1563 2865 1631 2895 293.

1295 2899 1440 2934 Formido
1449 2910 1507 2931 non
1513 2898 1691 2939 prejudicat
1699 2898 1808 2932 morali
1824 2897 2006 2932 certitudini
2012 2919 2028 2935 2
2043 2898 2075 2932 d.
2086 2910 2116 2933 n.
2128 2907 2162 2940 25
2167 2907 2195 2940 5.

1338 2943 1417 2984 vcrfi
1426 2945 1601 2976 Moventur
1604 2941 1733 2983 septimo
1743 2963 1757 2972 ..

1295 2988 1493 3018 Contrarium
1503 3006 1513 3021 ‚
1534 2997 1564 3016 n.
1577 2988 1644 3025 398.
1653 2982 1800 3025 verfiAd
1800 2984 1967 3026 septimum
1974 3006 1987 3016 2

1295 3030 1485 3061 Declaratur
1494 3050 1503 3064 ,
1513 3026 1588 3061 ibid.
1599 3027 1679 3069 verſs
1688 3026 1745 3059 Ad
1752 3030 1902 3060 rationem
1911 3031 2048 3067 quintam
2057 3050 2065 3058 .

1210 3079 1269 3113 257
1290 3072 1465 3104 Intellec‘lus
1482 3083 1539 3104 non
1556 3068 1642 3103 habet
1650 3068 1822 3103 libertatem
1837 3070 1985 3111 opinandi
1991 3068 2120 3105 utlibet,
2134 3069 2194 3110 sed

1336 3117 1488 3148 violenter
1495 3115 1662 3148 inclinatur
1669 3116 1704 3147 in
1711 3125 1777 3147 eam
1785 3122 1903 3155 partem
1912 3135 1923 3151 ‚
1943 3117 1977 3147 in
1986 3125 2041 3153 qua
2044 3111 2119 3154 fimt
2119 3113 2190 3157 for-

1337 3168 1418 3191 ttora
1427 3167 1547 3191 motiva
1555 3178 1566 3186 ·.

1209 3211 1270 3240 279
1290 3203 1455 3235 Diiiamen
1473 3202 1602 3233 rationis
1609 3199 1680 3239 quid
1687 3200 1752 3245 fit.

1210 3254 1269 3285 259
1290 3247 1383 3279 Ratio
1393 3244 1434 3286 est
1449 3243 1513 3275 dux
1522 3243 1709 3276 intellectus.

1210 3293 1275 3322 260
1291 3288 1484 3329 Conscientia
1493 3285 1582 3325 quid,
1603 3287 1641 3320 ἅ·
1649 3299 1681 3320 n.
1683 3287 1749 3329 seq.

1210 3336 1267 3366 261
1291 3330 1468 3364 Credulitas
1483 3330 1664 3371 quotuplex,
1684 3334 1726 3365 Φ*
1736 3339 1788 3371 per
1803 3338 1873 3373 quos
1885 3325 1998 3370 gradus
2013 3324 2055 3361 ad
2068 3329 2190 3370 plenam

1334 3372 1544 3407 credulitatem
1550 3376 1753 3415 perveniatur
1759 3395 1766 3403 .
2035 3408 2040 3415 ἱ

1291 3415 1400 3452 fides,
1421 3419 1538 3459 opinio,
1551 3415 1700 3460 suspicio,
1719 3414 1757 3450 (ῥ’
1766 3411 1935 3452 dubitatio,
1955 3412 2098 3454 inquibus
2106 3411 2193 3456 daffe-

1336 3469 1407 3492 rant
1417 3480 1427 3496 2
1447 3457 1522 3494 ibid.

1978 3505 2036 3533 262
2060 3501 2148 3538 Igno-
