2397 3664
761 9 846 66 De
860 7 984 66 offic.
1001 7 1212 79 Legati,
1241 27 1288 66 c.
1305 8 1535 67 Studuisti
1555 54 1566 64 .

155 105 244 153 φήμη
254 111 397 147 &minori
408 119 596 154 provocetur
607 111 643 142 ad
654 110 884 152 majorem,nec
895 117 1007 141 contra
1016 106 1151 140 substan-

154 159 233 191 tiam
244 157 288 190 rei
299 157 470 198 quidquam
482 153 577 196 potest
588 153 787 186 consuetudo
796 175 805 189 ,
826 161 858 184 ut
872 153 916 184 ibi
927 162 978 193 pet
990 152 1031 192 gl.
1052 152 1084 183 3<
1095 160 1148 192 per

157 202 238 234 Abb.
251 201 282 232 in
293 196 780 242 preal1.q.n.20.verſsAppeltaeio
790 195 921 228 em'mAEt
934 197 1084 236 probatur
1093 203 1148 226 na-

159 244 258 277 turali
270 244 411 276 ratione:
433 252 506 274 nam
516 242 608 284 judex
620 239 837 281 appellationis
847 238 980 280 corrigit
991 261 1000 276 ‚
1021 240 1053 270 &
1064 238 1148 270 infir-

154 297 221 320 mat
233 287 421 319 sententiam
434 285 549 328 judicis
558 284 575 315 a
583 293 648 324 quo
658 305 668 319 ‚
679 282 809 319 &illam
821 282 937 318 irritat,
948 284 982 314 &
992 281 1147 318 annullat,

154 330 244 372 atqui
257 340 290 362 ut
302 329 433 364 inferior
443 327 594 368 corrigat,
607 327 639 357 &
650 326 787 358 infirmet
796 326 879 365 gesta
895 325 1069 364 superioris,
1079 334 1148 356 om-

150 374 206 406 nia
218 373 287 415 jura
298 369 631 411 abhorrent,c.inferior
642 381 657 401 ι
668 367 875 409 i.dist.c.Cism
885 367 1025 410 inferior,
1037 368 1072 400 de
1083 378 1148 400 ma-

152 417 236 455 jorn.
250 416 287 449 (9⁶
296 414 375 449 obed.
388 416 420 447 δι
430 414 590 446 Clem.Ne
601 413 740 447 Romani,
751 410 788 442 de
798 411 930 443 eleH-ita
940 411 1021 444 Petr.
1032 413 1071 443 de
1084 410 1148 442 An-

155 460 239 492 char.
252 458 418 491 consilium
429 456 494 498 ejus
506 456 601 488 refert
612 478 621 492 ,
641 457 672 487 δι
684 455 831 496 approbat
845 455 877 486 in
887 458 953 487 ead.
964 453 1036 486 faeti
1048 453 1146 496 specie

156 501 453 542 Ruin.cons.3.eirca
465 499 541 532 illud
552 497 762 538 n.2.lib.4.Sed
775 497 829 529 etsi
839 499 1073 531 admitteremus
1083 497 1148 538 opi-

154 546 284 578 nionem
295 544 382 577 Host.
391 543 445 584 qui
457 542 558 574 voluit
570 542 769 584 charum,&
782 540 970 582 Delegatum
981 542 1039 573 effe
1049 550 1146 581 pares,

93 597 128 630 35
151 588 225 621 cum
235 598 367 629 uterque
379 596 466 627 gerat
478 586 562 618 vices
574 585 670 626 Pape,
691 595 724 615 ut
736 584 799 615 dixi
812 584 898 624 supra
908 583 969 616 cod.
981 596 1009 615 n.
1024 594 1052 624 3.
1063 583 1147 614 nihi-

155 631 290 663 lominus
301 640 368 661 non
380 629 473 661 licere
486 628 604 671 Legato
614 629 751 668 recipere
763 627 1014 672 appellationes-a
1027 627 1148 658 senten-

157 675 211 707 tiis
223 672 372 715 deiegari,
383 683 435 705 aut
448 673 515 704 illas
525 672 765 713 quomodolibet
779 680 938 707 revocare,
949 671 999 702 seu
1012 670 1147 706 irritare,

165 727 201 749 ut
213 715 262 748 hic
271 716 439 751 deciditur,
450 715 526 757 quia
536 725 589 756 par
600 715 632 746 in
644 724 746 756 parem
759 723 823 745 non
832 714 923 746 habet
937 714 1148 755 nuperimunt

163 759 352 801 l.Adversus
357 759 555 800 sternentium,
560 757 597 801 ff
601 761 633 832 'st
643 757 686 790 ad
692 756 793 798 versus
803 768 866 788 rem
875 756 1046 795 judicatam
1057 779 1066 794 ,
1076 756 1113 789 &⁴
1120 768 1146 789 c.

161 805 299 836 Innotuit
310 826 318 839 ‚
339 803 375 834 dc
384 803 465 834 elcfl.
487 813 560 834 cum
581 814 596 833 a
612 802 650 833 iis
671 802 726 832 hic·
742 800 902 842 aslignatis
921 801 953 832 in
973 802 1014 842 gl.
1033 801 1145 842 penult.

158 846 258 887 Qiod
271 844 350 878 adeo
362 856 468 878 verum
478 845 518 877 est
527 868 537 882 ,
557 855 590 877 ut
601 856 659 877 nec
672 846 772 877 valeat
785 844 981 888 consuetudo
993 845 1147 885 appellan-

155 891 188 921 di
200 892 235 921 ad
248 901 352 930 parem
363 913 372 926 ,
393 890 443 922 seu
455 891 490 921 ad
501 889 671 930 aequalem,
693 898 726 920 ut
747 888 850 920 firmat
869 889 911 928 gl.
923 887 1103 919 communis
1114 889 1147 917 in

155 931 185 964 d.
196 943 260 976 cap.
273 945 301 964 2.
322 936 354 964 in
365 945 429 965 ver.
443 933 584 974 Officiali'
595 932 637 964 acl
645 931 733 971 finem
747 954 756 968 ‚
775 930 811 962 de
827 930 992 971 conficetuol.
1004 928 1056 962 lib.
1069 934 1097 961 6.
1110 932 1143 961 &

90 980 127 1017 36
149 976 254 1009 Abbas
265 979 294 1009 d.
306 975 397 1015 quest.
415 986 438 1007 i.
449 987 528 1007 num.
543 987 592 1007 20.
613 976 834 1017 Quamobrem
845 975 913 1016 jure
923 974 1086 1006 communi
1099 973 1146 1004 in-

153 1019 253 1061 specto
272 1020 288 1051 a
309 1018 472 1051 sententiis
483 1042 492 1055 ,
512 1021 544 1051 &
564 1020 800 1059 gravaminibus
811 1017 1042 1050 Commisariis
1062 1016 1145 1048 Cru-

148 1064 242 1095 ciatae
251 1063 430 1095 nullatenus
441 1063 587 1103 appellari
598 1062 694 1103 potest
716 1064 750 1093 ad
763 1060 977 1094 Collec‘torem
987 1083 997 1096 ,
1015 1060 1062 1092 sed
1075 1070 1145 1092 tan-

148 1106 316 1138 tummodo
329 1108 365 1138 ad
377 1106 542 1138 Summum
559 1105 749 1137 Pontificem
759 1105 956 1146 delegantem
969 1126 978 1140 ,
990 1113 1021 1134 ut
1032 1102 1144 1144 cenaſsi-

149 1159 201 1190 per
211 1148 392 1190 quaestionum
403 1172 413 1185 ,
426 1146 497 1189 sup.
509 1149 544 1180 de
554 1149 629 1190 offic.
643 1150 785 1187 Delegat.
805 1146 842 1180 Φ
851 1156 917 1188 cap.
928 1145 1001 1178 lice't
1013 1150 1046 1178 in
1054 1149 1146 1178 corri—

153 1192 262 1233 gendis
272 1215 282 1229 ‚
291 1192 347 1233 insi
359 1191 395 1224 cie
406 1191 453 1234 off}
466 1191 655 1229 ordinarii,
680 1192 817 1223 Marian.
828 1190 935 1222 Socin.
948 1189 1078 1232 cons.83.
1088 1199 1142 1231 pro

155 1237 282 1268 clariori
292 1248 322 1267 n.
336 1246 364 1275 5.
373 1233 470 1277 &per
480 1245 534 1267 tot.
546 1235 598 1268 lib.
609 1247 639 1275 4.
652 1236 754 1267 Ancli.
766 1236 798 1266 ὃς
812 1233 909 1265 Ruin.
921 1236 974 1266 loc.
986 1236 1039 1265 cit.

92 1288 131 1320 37
193 1279 312 1311 Verum
323 1281 452 1313 attentis
464 1279 668 1312 facultatibus
678 1277 868 1311 Colleetoris
880 1277 964 1310 secus
975 1277 1146 1309 dicendum

152 1322 365 1365 videturzquia
378 1323 409 1354 in
421 1322 535 1354 litteris
547 1322 708 1363 specialem
718 1321 809 1352 habet
821 1320 1005 1352 facultatem
1016 1321 1145 1353 audien-

158 1365 205 1402 di,
216 1367 248 1398 &
259 1365 452 1398 terminandi
464 1366 569 1397 causas
579 1376 693 1402 motas,
703 1367 733 1397 &
746 1367 917 1396 movendas
927 1363 989 1395 tam
1001 1374 1053 1405 pet
1061 1364 1145 1396 viam

157 1409 304 1450 simplicis
312 1410 445 1451 querelae
456 1431 465 1446 ‚
485 1409 577 1450 quam
599 1417 650 1449 per
661 1408 743 1440 viam
764 1418 1036 1449 quarumcumque
1047 1408 1146 1448 appel-

151 1453 308 1485 lationum
317 1455 333 1483 :i
343 1452 501 1494 quibusvis
514 1452 672 1493 judicibus
681 1451 860 1494 Ordinarijs
873 1473 882 1486 ,
905 1452 936 1482 &
947 1451 963 1482 :i
974 1451 1051 1483 Sede
1063 1451 1146 1491 Apo-

150 1495 262 1528 stolica
272 1494 435 1536 Delegatis
445 1519 453 1526 .
474 1495 557 1535 Ergo
567 1496 665 1527 intrat
676 1495 820 1535 exceptio
838 1517 848 1531 ,
878 1504 946 1535 quae
966 1495 1096 1526 habetur
1112 1494 1144 1525 in

150 1540 208 1571 hac
220 1538 380 1571 Decretali
392 1539 435 1570 ibi
446 1561 455 1575 ,
466 1540 515 1570 Ni
512 1538 636 1581 fisuper
647 1538 698 1570 hoc
702 1538 836 1579 speciale
847 1539 1024 1569 mandatum
1034 1547 1147 1578 recepe-

153 1584 218 1619 rit,
231 1582 391 1622 &scripsit
404 1583 543 1614 Ferretus
553 1582 629 1622 confi
640 1591 710 1617 270.
732 1581 884 1622 incipien.
901 1579 1029 1613 Videtur
1042 1584 1143 1622 prima

145 1622 231 1666 facie
239 1636 318 1657 num.
333 1635 360 1664 5.
371 1626 426 1657 ubi
436 1628 473 1658 de
485 1625 614 1657 Nuntio
626 1626 770 1662 Veneto,
788 1625 844 1666 qui
854 1627 996 1657 eamdem
1009 1625 1143 1656 faculta-

84 1670 125 1710 38
145 1678 210 1700 tem
220 1669 364 1701 obtinuit
376 1670 412 1700 ab
427 1668 567 1701 Adriano
580 1669 634 1699 VI.
646 1668 704 1700 Sed
715 1669 791 1709 quia
801 1667 1041 1700 commissarius
1063 1667 1148 1700 Cru-

152 1711 244 1743 ciatae
256 1712 348 1744 habet
360 1712 392 1743 in
404 1712 517 1744 litteris
530 1711 586 1743 suae
598 1712 826 1743 commissionis
839 1711 1009 1743 clausulam
1022 1734 1030 1747 ,
1041 1712 1146 1752 appel-

151 1754 266 1786 latione
273 1754 449 1798 postpofita;
460 1754 582 1787 idcirco
592 1765 661 1786 tota
672 1755 733 1786 liaec
744 1755 959 1787 controversia
969 1755 1091 1786 videtur
1101 1755 1147 1786 di-

154 1797 291 1829 videnda
302 1798 336 1829 in
347 1808 409 1830 tres
420 1798 573 1830 articulos
583 1821 590 1829 .
625 1797 745 1829 Primus
755 1797 797 1830 cst
806 1820 815 1834 ,
838 1809 876 1829 an
896 1799 957 1829 litec
968 1798 1105 1829 clausula
1113 1798 1147 1829 in

150 1841 234 1878 casu,
243 1843 281 1873 de
291 1851 356 1882 quo
366 1842 471 1882 agitur
480 1864 490 1878 ,
500 1841 599 1873 solum
611 1841 721 1873 habeat
735 1842 840 1873 locum
849 1851 961 1873 contra
971 1841 1143 1872 resistentes

152 1886 191 1916 de
202 1883 302 1915 facto.
326 1884 487 1917 Secundus
498 1894 652 1926 quatenus
665 1885 771 1916 locum
782 1884 893 1917 habeat
912 1885 1008 1916 etiam
1025 1894 1140 1916 contra

158 1926 329 1959 resistentes
339 1929 378 1959 de
388 1929 456 1970 jure
467 1950 476 1964 ,
496 1938 548 1959 aut
569 1928 628 1959 sint
641 1927 740 1969 aliqui
751 1928 837 1959 casus
849 1950 859 1964 ‚
876 1928 909 1959 in
920 1928 1032 1968 quibus
1052 1928 1147 1959 liceat

155 1971 307 2010 appellare
316 1970 470 2011 ejusmodi
479 1970 616 2002 clausula
626 1980 692 2002 non
703 1970 844 2004 obstante
858 1994 866 2001 .
888 1970 1017 2002 Tertius
1027 1993 1037 2007 ‚
1060 1981 1098 2002 an
1112 1971 1146 2002 in

152 2013 216 2045 illis
227 2013 345 2045 casibus
356 2014 502 2054 appellari
513 2013 603 2055 possit
617 2015 653 2045 ad
665 2013 879 2046 Collestorem
888 2036 897 2052 ,
908 2025 949 2046 an
960 2012 1034 2046 vero
1045 2015 1147 2055 appel-

156 2057 286 2088 landum
299 2056 334 2088 sit
346 2059 382 2088 ad
394 2057 559 2089 Summum
571 2056 758 2089 Pontificem
770 2081 777 2088 .

94 2108 133 2140 39
194 2098 313 2140 Qioad
325 2100 460 2141 primum
480 2101 649 2133 articulum
668 2100 867 2141 supponimus
886 2099 1146 2134 Cominiffarium

151 2153 220 2175 non
230 2142 318 2175 fuisse
328 2143 535 2176 constitutum
544 2144 745 2187 judicem,sed
758 2154 1047 2176 execuroremmam
1060 2144 1148 2175 Bulla

155 2185 315 2218 Cruciatae
323 2189 388 2218 duo
399 2186 478 2219 facit
490 2211 497 2218 .
510 2187 615 2219 Primo
626 2190 755 2227 deputat
765 2197 965 2219 executorem
976 2187 1021 2219 liis
1033 2187 1145 2219 verbis?

153 2229 305 2260 Eumdem
314 2252 324 2266 ,
334 2229 397 2263 &c-
408 2227 670 2269 Indulgentiarum
679 2253 688 2267 ,
698 2231 735 2262 &¹
742 2233 919 2270 gratiaram
923 2229 1135 2272 spiritualium

152 2270 320 2312 hujusmodi
331 2274 361 2304 E
363 2283 533 2305 xecutorem
540 2295 549 2311 ,
572 2272 610 2306 θ’
619 2277 647 2306 C
648 2276 739 2305 ommi
736 2272 864 2316 ffarium
871 2275 1040 2313 generalem
1052 2272 1143 2313 depu-

156 2323 256 2347 tamus
266 2339 274 2347 .
287 2315 412 2348 Deinde
422 2327 562 2349 removet
573 2317 815 2358 appellationem
827 2317 860 2349 in
870 2318 931 2349 liaec
943 2318 1036 2349 verba
1048 2329 1054 2348 ε
1092 2316 1144 2348 Ei-

151 2359 284 2400 demque
295 2360 429 2399 plenam,
441 2362 474 2392 &
485 2361 615 2393 liberam
626 2361 658 2392 in
670 2360 829 2401 praemiffis
841 2360 1025 2392 facultatem
1037 2360 1147 2392 tribui-

153 2411 222 2432 mus
234 2404 271 2433 ad
284 2404 529 2443 exequutionem
541 2404 769 2445 premissorum,
781 2404 869 2436 omni
882 2426 892 2440 ‚
903 2406 936 2435 &
946 2414 1146 2445 quacumque

156 2444 364 2484 appellatione
377 2445 556 2486 postposita,
569 2448 779 2487 procedendi,
801 2448 924 2488 aliaque
935 2447 1093 2483 faciendi,
1114 2448 1147 2478 &

155 2487 352 2528 exequendi,
371 2498 438 2528 quae
457 2489 490 2520 in
508 2490 666 2530 praemiffis
677 2513 687 2526 ,
709 2492 741 2522 &
759 2491 845 2522 circa
854 2502 908 2527 ea,
931 2492 993 2522 &c.
1012 2490 1072 2521 His
1097 2500 1148 2521 au-

158 2540 224 2562 tem
235 2530 380 2562 clausulis
390 2541 455 2563 non
465 2534 672 2564 demandatur
683 2533 778 2564 causae
789 2534 936 2575 cognitio
946 2556 957 2570 ,
966 2533 1016 2565 sed
1027 2535 1147 2564 nudum

153 2573 362 2606 ministerium
381 2576 544 2607 dumtaxat
555 2598 564 2612 ,
583 2585 675 2614 juxta
695 2587 730 2607 ca
732 2584 762 2616 p.
782 2577 951 2617 Pastoralis
970 2598 981 2613 ,
1011 2579 1040 2613 §.
1060 2578 1146 2621 ,Quia

154 2617 226 2649 vero
235 2614 272 2648 de
282 2617 357 2658 offic.
369 2616 500 2657 delegati
509 2641 519 2655 ,
541 2619 604 2655 ibi,
626 2617 831 2650 Attendentes
849 2619 922 2658 quod
931 2631 988 2651 non
997 2622 1126 2659 cognitio
1136 2642 1146 2656 ,

145 2659 204 2700 sed
214 2663 369 2698 exequutio
379 2661 500 2693 tantam
511 2662 713 2693 demandatur
722 2662 818 2693 eidem
827 2684 837 2698 ,
859 2661 895 2694 Θ
915 2663 937 2695 l.
947 2665 984 2694 Si
994 2672 1028 2694 ut
1048 2672 1148 2703 propo-

156 2705 208 2735 nis
217 2725 227 2740 ,
247 2706 284 2735 C.
294 2702 331 2734 de
340 2714 477 2742 exequat.
488 2707 534 2736 rei
541 2705 631 2743 judic.
652 2704 811 2746 Qiamvis
822 2705 907 2737 enim
918 2707 1011 2737 verba
1022 2728 1032 2741 ,
1049 2715 1147 2746 proce-

157 2745 214 2778 das
222 2748 256 2778 in
266 2749 379 2786 negotio
389 2770 398 2785 ,
419 2749 470 2779 vel
479 2747 568 2788 causa
580 2771 589 2785 ‚
611 2750 784 2789 importent
796 2748 892 2780 causae
903 2748 1123 2789 cognitionem
1134 2771 1143 2785 ,

159 2798 192 2821 ut
201 2801 226 2821 c.
239 2791 293 2822 ult.
304 2790 398 2831 infin.
409 2790 466 2833 infi
477 2791 514 2823 de
524 2792 613 2831 judic.
627 2789 664 2824 &
675 2802 699 2823 c.
715 2800 797 2822 tenor
807 2813 817 2827 ,
835 2792 873 2823 de
885 2803 918 2823 re
928 2790 1020 2831 judic.
1031 2792 1146 2834 cumfi-

157 2833 224 2864 mil.
232 2833 327 2866 Secus
338 2843 443 2867 tamen
455 2834 496 2867 est
507 2835 525 2866 si
537 2836 672 2871 dicatur,
685 2837 832 2875 procedas
844 2836 881 2866 ad
892 2835 1147 2876 exequutionem,

156 2887 181 2907 c.
192 2875 360 2927 &scitatus
370 2900 379 2914 ,
391 2878 477 2919 fhpr.
488 2877 524 2910 de
533 2877 694 2920 rescriptis
707 2901 717 2914 ,
739 2877 826 2910 Rota
834 2877 895 2910 dec.
911 2889 959 2919 30.
978 2878 1039 2910 eod.
1047 2880 1098 2909 tit.
1111 2880 1143 2909 in

157 2929 245 2950 novt-l·
254 2945 262 2951 .

92 2970 132 2999 40
193 2961 266 3009 Hoc
277 2963 430 3004 supposito
440 2987 449 3002 ‚
478 2964 704 2998 observandum
715 2964 756 2996 est
777 2964 1018 3005 appellationem
1045 2964 1078 2995 in
1102 2974 1148 2995 re-

156 3003 271 3050 scripto
282 3006 366 3047 Papae
376 3009 566 3050 quandoque
577 3008 731 3041 removeri
742 3008 774 3039 in
785 3007 927 3040 clausulis
940 3007 1139 3048 exequutivis

159 3057 194 3078 in
205 3048 258 3079 fin.
271 3049 446 3083 litterarum
458 3062 510 3092 per
527 3052 583 3084 illa
591 3053 683 3083 verba
693 3074 702 3088 ,
723 3050 968 3084 Contradifbores
983 3048 1126 3088 quoslibet
1136 3072 1147 3085 ,

158 3089 373 3124 &inobediens
386 3095 568 3127 austeritate
577 3094 675 3136 nostra
687 3095 892 3136 appellatione
901 3093 1059 3137 postposita
1071 3103 1147 3124 com-

157 3132 296 3173 pescendo
309 3157 316 3165 .
339 3135 377 3167 Et
387 3145 463 3170 tunc
475 3139 672 3170 conveniunt
683 3149 792 3170 omnes
802 3148 854 3179 per
872 3137 1048 3180 hujusmodi
1060 3138 1146 3167 clau-

160 3175 258 3208 sulam
272 3179 408 3220 intelligi
419 3181 569 3213 collatam
580 3181 829 3226 jurisdictionem
848 3180 1034 3221 exequutori
1047 3179 1147 3210 solum

162 3219 304 3251 adversus
315 3231 369 3252 eos
378 3244 387 3258 ,
405 3224 507 3263 quide
520 3224 602 3256 fasto
612 3248 621 3262 ,
641 3235 707 3256 non
717 3234 821 3256 autem
841 3226 879 3256 de
899 3226 966 3265 jure
984 3222 1147 3254 contradi..

158 3272 236 3294 cunt
247 3285 263 3310 ,Ι
281 3265 313 3295 &
332 3265 472 3297 resistunt
491 3267 696 3308 impedientes
725 3267 869 3299 effectum
879 3289 889 3304 ,
910 3269 943 3299 &
961 3266 1145 3306 exequutio-

156 3315 231 3336 nem
243 3308 419 3339 litteratum
430 3310 677 3349 Apostolicarum
691 3333 700 3347 ‚
711 3313 757 3342 ita
769 3319 848 3342 tenet
855 3311 929 3349 gl.2.
941 3310 977 3341 (¹7
988 3311 1067 3340 DD.
1079 3311 1111 3339 in
1121 3324 1145 3344 c.

157 3350 218 3380 Pro
227 3350 348 3380 illorum
358 3373 368 3387 ,
379 3351 435 3393 ins}
446 3352 481 3383 de
489 3353 573 3393 praeb.
583 3353 714 3385 Oldrad.
725 3353 822 3394 cons.8
831 3364 855 3385 ι.
867 3352 956 3396 Quod
965 3351 1105 3393 proceffus
1114 3357 1147 3386 in

152 3389 443 3432 jin-verfil’raeterea'
451 3396 555 3437 pofito,
568 3396 662 3428 Rom.
673 3396 863 3437 cons-482.in
873 3406 942 3436 casu
952 3395 1104 3436 praemiffo‚
1115 3400 1147 3429 in

157 3435 388 3474 princ.Card.in
397 3438 525 3469 Clema.
533 3450 566 3470 an
575 3440 896 3476 veraeontradtftores,
906 3441 942 3472 cle
950 3438 1147 3479 relig.domib.

244 3480 347 3522 Prasp.
356 3483 383 3513 F
384 3491 493 3522 agnon.
505 3483 538 3514 in
548 3483 574 3514 J.
585 3480 671 3516 Libr.
689 3483 847 3516 Decretal.

2026 30 2124 80 545·

1184 109 1216 140 ὃ(
1226 108 1321 140 felin.
1332 110 1366 140 in
1375 108 1538 149 marusim}
1548 118 1605 147 1114ae
1616 117 1699 139 n.20.
1711 103 1748 139 de
1756 104 1847 146 refer.
1858 106 1918 139 Sed
1927 105 1978 137 hic
1991 114 2058 138 non
2072 108 2112 139 cll
2122 115 2176 140 ca-

1184 151 1230 185 sus
1241 151 1343 184 noller
1352 176 1360 183 .

1225 193 1430 237 Qtandoque
1450 204 1629 227 removetur
1649 194 1815 235 appellatio
1826 194 1860 226 in
1869 192 2048 234 dispositiva
2057 216 2067 230 ,
2089 197 2175 235 quod
2197 205 2235 235 41

1184 237 1281 278 potest
1292 239 1480 279 contingere
1490 240 1610 270 duobus
1621 238 1742 270 modis.
1764 236 1871 269 Primo
1890 236 2010 269 scilicet
2029 247 2103 269 cum
2124 248 2172 270 re-

1185 290 1329 313 movetur
1343 283 1374 313 in
1386 292 1422 313 ea
1432 291 1518 322 parte
1538 283 1713 313 litterarum
1727 303 1735 315 .
1756 281 1789 312 in
1806 290 1869 322 qua
1886 280 2100 312 committitur
2118 291 2176 313 co-

1184 325 1291 364 gnitio
1301 326 1396 356 causae
1409 347 1418 361 ,
1429 324 1526 356 veluti
1537 335 1611 356 cum
1620 324 1739 355 dicitur
1751 324 1783 355 in
1795 323 1943 364 rescripto
1953 345 1962 359 ,
1985 326 2135 356 Procedas
2144 327 2178 356 in

1183 369 1296 406 negotio
1306 391 1316 404 ,
1336 368 1537 408 appellatione
1555 377 1670 399 remota
1682 390 1691 403 ,
1723 376 1755 397 ut
1781 378 1846 407 eap-
1866 365 2032 405 pastoralis
2041 389 2050 403 ,
2073 370 2100 404 §.
2122 366 2176 406 fin.

1178 409 1272 451 supra
1284 410 1320 442 de
1329 411 1551 451 offic-Delegat.
1563 410 1601 441 Et
1611 421 1686 442 tunc
1701 410 1841 442 {imiliter
1850 409 1913 441 fere
1926 420 2036 442 omncs
2046 411 2174 443 consen-

1184 453 1269 486 tiunt
1279 454 1496 494 appellationis
1508 454 1681 485 remedium
1692 454 1749 485 else
1761 453 1915 485 sublatum
1926 476 1936 489 ‚
1956 455 2042 496 juxta
2061 454 2173 486 termi-

1184 507 1240 528 nos
1250 508 1295 533 ,ca
1299 506 1327 538 p.
1341 495 1529 536 Pastorali‘s,
1548 494 1633 536 infra
1646 498 1681 527 ae
1692 497 1839 536 appellat.
1852 500 1884 528 ὅ(
1895 501 1953 528 noc
1967 497 2037 528 casu
2050 498 2170 530 intrant

1183 540 1383 572 difficultates
1395 539 1526 572 inferius
1534 539 1747 571 examinanda:
1759 542 1790 570 in
1803 550 1830 570 2.
1842 541 1970 571 articulo
1980 552 2028 571 nu.
2039 550 2091 580 43.
2116 540 2174 573 Sed

1184 594 1285 624 neque
1298 584 1348 614 hic
1361 583 1402 615 est
1420 583 1506 615 casus
1527 582 1646 614 noster.
1668 582 1817 613 Secundo
1836 582 1934 621 potest
1946 584 2099 615 removeri
2120 595 2171 625 ap-

1185 627 1313 667 pellatio
1329 628 1357 658 in
1369 626 1546 667 dispositiva
1558 626 1590 657 in
1602 637 1637 656 ea
1648 636 1733 665 parte
1744 648 1753 661 ‚
1776 625 1808 656 in
1819 636 1879 665 qua
1890 627 2092 658 commititur
2103 636 2173 667 gra·
2186 620 2235 668 ‘42

1184 671 1234 702 tiae
1246 670 1417 711 exequutio
1428 682 1437 699 :
1456 669 1509 710 qui
1524 668 1645 709 proprie
1657 668 1698 700 est
1708 668 1794 700 casus
1804 690 1814 703 ,
1834 668 1868 699 in
1878 679 1943 708 quo
1964 679 2047 700 nunc
2071 670 2170 702 versa-

1184 724 1273 745 mur:
1293 715 1325 746 &
1337 712 1414 745 tunc'
1426 713 1548 744 videtur
1560 714 1755 744 admittenda
1773 710 1918 742 doctrina
1940 710 2068 752 Philippi
2083 713 2174 745 Fran-

1183 757 1234 788 clii
1244 759 1276 788 in
1287 768 1311 789 c.
1329 767 1353 788 1.
1365 768 1398 788 ιη
1407 759 1503 798 princ.
1513 767 1542 787 n.
1553 761 1582 787 6.
1593 755 1628 786 de
1637 753 1753 795 conceffi
1767 753 1886 794 prteben.
1896 753 1949 786 lib.
1960 760 1987 786 6.
2002 756 2055 786 ubi
2067 756 2171 789 firmat

1184 810 1390 841 exequutores
1402 801 1578 832 litterarum
1591 798 1839 839 Apollolicarum
1851 808 1916 828 non
1928 797 2038 829 babere
2049 798 2172 838 jurisdi-

1183 844 1321 875 ctionem
1335 843 1391 875 nisi
1403 853 1515 875 contra
1526 843 1654 875 rebelles
1665 865 1674 878 ,
1690 843 1736 873 vel
1758 841 1930 873 resistentes
1950 844 1987 872 de
2000 840 2082 873 facio
2093 865 2100 872 .
2121 843 2172 874 Se-

1183 898 1237 918 cus
1250 887 1270 918 si
1282 888 1434 928 appellent
1446 909 1455 923 ,
1474 886 1654 918 &resistant
1675 888 1712 917 de
1724 886 1792 928 jure
1803 908 1811 916 .
1831 884 2012 925 Sequuntur
2033 884 2171 917 Domini

1181 932 1219 962 de
1233 930 1318 962 Rota
1328 932 1405 971 apud
1420 930 1550 962 l‘utcum
1563 929 1623 961 dec.
1638 938 1711 965 271.
1723 940 1769 960 nti.
1781 932 1810 960 6.
1822 927 1875 960 lib.
1892 937 1916 958 1.
1937 929 1968 958 &
1987 928 2105 959 Achill.
2118 928 2171 959 de-

1182 973 1234 1014 cis.
1245 985 1277 1014 4.
1287 984 1364 1006 num.
1383 983 1429 1006 11.
1438 972 1555 1014 desent.
1571 982 1715 1006 excomm.
1735 971 1858 1003 Rebuff.
1879 973 1911 1002 in
1931 970 2029 1011 forma
2052 971 2174 1003 littera-

1181 1028 1246 1048 rum
1257 1018 1527 1056 exequutorialium
1538 1019 1570 1048 in
1582 1027 1646 1048 ver.
1658 1014 1902 1047 Contradaebores
1913 1037 1920 1044 .
1946 1014 1983 1045 Et
1994 1015 2027 1046 in
2038 1015 2171 1055 propriis

1182 1061 1326 1092 terminis
1347 1061 1483 1092 clausula
1492 1083 1501 1097 ,
1523 1061 1726 1101 appellatione
1744 1069 1860 1090 remota
1872 1080 1881 1093 ‚
1905 1058 2035 1098 politam
2055 1058 2089 1089 in
2108 1069 2173 1090 me-

1181 1105 1237 1136 dio
1247 1105 1378 1145 capituli
1390 1104 1584 1145 disponentis
1595 1107 1632 1134 de
1646 1103 1856 1142 exequutione
1869 1102 1902 1133 in
1914 1101 2029 1134 litteris
2041 1101 2173 1142 Aposto-

1183 1148 1252 1180 licis
1264 1148 1401 1188 intelligi
1412 1147 1511 1178 solum
1523 1149 1561 1178 de
1573 1146 1780 1187 appellatione
1789 1144 1974 1185 interposita
1985 1146 2022 1177 ab
2035 1145 2104 1176 adiu
2115 1155 2172 1177 exe

1181 1192 1335 1232 quutivo,
1354 1191 1450 1223 tradit
1461 1190 1562 1222 Corn.
1576 1188 1652 1229 cons}
1671 1200 1738 1220 122.
1760 1187 1887 1227 Egregie
1908 1185 2033 1229 dsscnffa
2052 1197 2172 1227 num-7.

1181 1236 1290 1267 volum.
1306 1244 1331 1275 3.
1354 1234 1391 1265 Et
1404 1235 1435 1265 in
1447 1234 1505 1265 lioc
1518 1233 1589 1264 casu
1600 1232 1755 1264 verificari
1769 1231 1864 1272 potest
1876 1234 1960 1272 quod
1982 1232 2167 1272 scripserunt

1181 1278 1270 1310 Host.
1282 1280 1313 1310 δέ
1326 1278 1379 1310 alii
1390 1278 1481 1309 relati
1490 1277 1506 1308 a
1519 1276 1682 1317 Praeposito
1693 1278 1725 1306 in
1738 1276 1766 1306 d.
1776 1272 2014 1316 cap.Pastoralis
2025 1285 2106 1307 num.
2119 1287 2170 1307 22.

1182 1322 1370 1363 deappellat.
1392 1321 1539 1353 videlicet
1549 1319 1737 1355 clausulam,
1758 1318 1964 1359 appellatione
1973 1328 2104 1354 remota,
2122 1319 2170 1349 ni-

1183 1365 1224 1396 liil
1234 1365 1357 1406 operari
1369 1367 1406 1396 de
1426 1363 1672 1396 consuetudine.
1695 1363 1724 1393 id
1746 1362 1833 1393 enim
1852 1362 1974 1402 proprie
1996 1363 2100 1393 locum
2119 1363 2172 1393 lia-

1183 1410 1234 1440 bet
1245 1419 1317 1440 cum
1330 1407 1505 1452 hujusmodi
1515 1406 1652 1438 clausula
1663 1406 1829 1446 apponitur
1841 1405 1874 1436 in
1885 1415 1921 1436 ea
1939 1415 2023 1444 parte
2034 1427 2044 1442 ‚
2065 1405 2096 1436 in
2108 1415 2172 1446 qua

1182 1452 1396 1484 committitur
1406 1450 1578 1491 exequutio
1588 1450 1764 1481 litterarum
1776 1471 1788 1484 ,
1797 1458 1831 1491 ut
1842 1449 1981 1480 declarat
1993 1447 2106 1480 Puteus
2117 1449 2171 1479 de-

1182 1494 1311 1537 cis.328.
1323 1493 1376 1527 lib.
1389 1504 1417 1526 2.
1429 1493 1570 1534 &scripsi
1583 1490 1706 1533 plenius
1719 1492 1751 1524 in
1763 1491 1905 1532 praeditsta
1914 1492 2065 1524 decretali
2075 1490 2173 1533 pasto-

1181 1540 1261 1571 ralis
1271 1549 1350 1570 num.
1363 1548 1411 1579 32.
1435 1538 1544 1578 Itaque
1557 1537 1578 1568 si
1589 1536 1659 1577 quis
1670 1538 1707 1567 de
1718 1535 1801 1567 facto
1811 1535 1944 1568 obstaret
1965 1534 2173 1576 exequutioni

1183 1581 1464 1618 BullaeCruciatae‚
1486 1590 1560 1622 puta
1571 1580 1771 1620 impediendo
1789 1579 1872 1611 illius
1893 1579 2142 1620 publicationem
2161 1599 2176 1615 „

1181 1628 1220 1658 de
1229 1625 1311 1658 facto
1323 1625 1435 1666 absque
1445 1626 1511 1656 ulla
1528 1623 1635 1659 causa,
1656 1633 1709 1654 aut
1729 1622 1895 1654 resistendo
1910 1633 1975 1664 quo
1993 1623 2097 1654 minus
2120 1623 2173 1654 ab-

1183 1670 1354 1701 solveretur
1365 1669 1435 1710 quis
1445 1668 1462 1699 a
1472 1667 1590 1700 casibus
1602 1664 1765 1699 reservatis
1778 1668 1863 1707 juxta
1882 1665 2018 1698 formam
2037 1666 2080 1697 ibi
2100 1676 2173 1706 prae‘

1182 1713 1346 1754 scriptam:
1370 1712 1479 1751 utique
1500 1711 1595 1751 pollet
1624 1709 1852 1742 commiffarius
1872 1719 1986 1750 cogere
2008 1709 2175 1741 contradi-

1183 1756 1283 1788 &ores
1295 1758 1331 1787 ad
1354 1755 1558 1787 desistendum
1568 1775 1578 1790 ,
1598 1763 1663 1785 non
1684 1753 1824 1785 obstante
1844 1753 1976 1784 illorum
1994 1753 2177 1794 appellatio-

1183 1811 1222 1832 ne
1231 1823 1239 1831 .
1260 1797 1379 1831 Verum
1391 1798 1411 1830 fi
1421 1798 1494 1840 quis
1505 1797 1638 1829 obstaret
1649 1798 1686 1829 de
1698 1799 1762 1839 jure
1773 1819 1781 1832 ‚
1804 1807 1878 1837 puta
1887 1796 1964 1837 quia
1975 1796 2099 1828 haberet
2111 1796 2174 1837 pti-

1184 1843 1335 1883 vilegium
1344 1853 1383 1873 ne
1396 1842 1429 1873 in
1441 1840 1493 1873 sua
1504 1840 1641 1873 Ecclesia
1653 1841 1760 1882 aliqua
1780 1840 1866 1872 Bulla
1886 1839 2099 1881 publicaretur
2109 1839 2173 1871 sine

1183 1888 1238 1918 suo
1250 1885 1402 1917 consensu
1413 1908 1422 1921 ,
1435 1886 1481 1917 vel
1493 1885 1568 1926 quia
1579 1883 1724 1915 Praelatus
1734 1885 1885 1922 regularis
1896 1886 2098 1924 praetenderet
2108 1883 2174 1915 Re-

1185 1929 1300 1971 ligiosis
1313 1939 1377 1960 non
1391 1929 1483 1960 licere
1497 1929 1530 1959 in
1541 1927 1605 1959 vim
1614 1926 1772 1959 Cruciatae
1784 1928 1929 1959 obtinete
1942 1926 2175 1959 absolutionem

1183 1976 1199 2005 a
1210 1972 1329 2005 casibus
1340 1971 1501 2003 reservatis
1512 1981 1621 2003 eorum
1633 1971 1839 2010 superioribus
1849 1993 1859 2006 ‚
1879 1980 1914 2002 ut
1925 1980 2023 2010 nuper
2034 1970 2176 2010 contigit

1184 2018 1217 2048 in
1231 2015 1400 2047 Monachis
1412 2013 1634 2046 BenediCtinis:
1649 2014 1693 2045 his
1704 2014 1823 2045 casibus
1835 2014 1946 2045 liceret
1958 2013 2107 2053 appellare
2121 2035 2131 2049 ‚
2143 2014 2176 2045 δε

1184 2058 1347 2091 collectori
1360 2058 1602 2099 appellationem
1615 2057 1781 2088 admittere
1791 2080 1804 2093 ,
1820 2067 1854 2088 ut
1866 2068 1900 2088 ex
1911 2056 2003 2088 dietis
2014 2056 2135 2088 colistat
2147 2080 2154 2087 .

1227 2102 1286 2134 Sed
1306 2111 1460 2142 quatenus
1481 2100 1618 2133 clausula
1635 2100 1805 2141 supradicta
1827 2101 1931 2132 locum
1952 2101 2063 2132 habere
2082 2100 2180 2132 etiam
2198 2110 2238 2142 43

1184 2156 1298 2177 contra
1310 2145 1480 2177 resistentes
1491 2148 1529 2176 de
1544 2146 1612 2186 jure
1625 2166 1637 2179 ,
1655 2154 1730 2175 tunc
1743 2144 1884 2176 succedit
1895 2144 2007 2175 secund
2014 2154 2047 2174 us
2057 2144 2176 2174 articu-

1184 2190 1251 2225 lus,
1272 2188 1421 2220 videlicet
1435 2211 1445 2225 ,
1463 2188 1515 2219 An
1535 2188 1594 2218 sint
1615 2187 1715 2227 aliqui
1727 2187 1812 2218 casus
1824 2210 1834 2223 ,
1855 2187 1888 2218 in
1905 2188 2019 2227 quibus
2031 2186 2177 2228 appellari

1184 2232 1296 2274 possit,
1318 2232 1462 2272 quamvis
1472 2231 1638 2272 appellatio
1650 2230 1685 2261 sit
1698 2240 1820 2262 remota
1832 2230 1863 2261 in
1875 2230 2025 2270 rescripto
2036 2253 2046 2263 .

1228 2276 1273 2307 Ad
1287 2275 1482 2307 evidentiam
1493 2276 1726 2315 praemittendus
1737 2274 1777 2304 est
1789 2283 1880 2305 tenor
1890 2272 2089 2313 c.Pasloralis
2099 2295 2108 2309 ,
2127 2275 2175 2304 in·
2195 2284 2239 2314 44.

1179 2317 1235 2359 fra
1247 2317 1282 2351 de
1292 2319 1438 2359 appellat.
1460 2318 1513 2349 ubi
1526 2317 1671 2348 Pontifex
1683 2317 1844 2348 consultus
1857 2339 1866 2353 ,
1885 2318 1934 2348 An
1946 2319 2073 2357 quando
2095 2316 2178 2347 inhi-

1186 2364 1276 2394 betur
1288 2361 1458 2402 appellatio
1469 2361 1501 2392 in
1511 2361 1678 2401 rescripto,
1701 2359 1879 2391 frustatoria
1899 2359 2024 2392 tantum
2042 2358 2181 2392 inhibita.

1187 2406 1329 2437 videatur
1339 2428 1346 2436 .
1361 2404 1580 2446 Respondetur
1590 2414 1640 2444 per
1651 2404 1713 2434 haec
1725 2402 1871 2434 formalia
1883 2404 1976 2435 verba
1987 2425 1996 2438 ,
2008 2402 2155 2434 videlicet
2164 2424 2179 2440 ‚

1185 2450 1254 2480 Nos
1265 2447 1553 2488 igiturattendentes
1562 2445 1637 2484 quod
1644 2455 1695 2487 per
1705 2447 1941 2486 appellationem
1949 2445 2179 2487 fiwstratoriam

1185 2494 1279 2524 etiam
1294 2505 1304 2524 ι
1316 2490 1481 2532 nonfiaffet
1491 2490 1625 2523 inhibita
1636 2511 1646 2525 ,
1664 2492 1811 2527 negotium
1824 2501 1880 2520 non
1890 2488 1995 2521 debeas
2016 2489 2157 2528 impediri
2167 2495 2177 2519 ἒ

1186 2534 1404 2578 Respondemus
1415 2532 1486 2571 quod
1496 2534 1626 2571 qualibet
1636 2535 1846 2572 provocatoria
1856 2534 2039 2570 intelligitur
2049 2542 2127 2562 remo
2134 2543 2180 2563 ve-

1184 2582 1213 2610 ri
1223 2602 1232 2616 ,
1252 2589 1308 2617 quae
1318 2579 1337 2609 [ι’
1345 2587 1408 2615 sare
1418 2589 1473 2609 non
1485 2576 1657 2615 indulgetur
1668 2575 1806 2616 expresse
1819 2588 1825 2607 :
1838 2579 1862 2608 S
1865 2577 1900 2606 eol
1905 2576 1934 2618 fi
1945 2588 1964 2607 a
1968 2585 1986 2615 p
1989 2574 2178 2616 pellazrzsfue-

1184 2625 1228 2654 rit
1235 2631 1386 2661 gravatus
1397 2618 1514 2661 iniuste,
1521 2631 1691 2658 gravamen
1702 2618 1865 2659 hujnsmodz
1879 2628 1929 2659 per
1933 2617 2116 2659 superiorem
2129 2627 2179 2658 po·-

1185 2668 1259 2697 terit
1270 2664 1424 2696 emendari
1435 2687 1442 2695 .
1463 2663 1539 2695 Haec
1552 2663 1615 2694 ibi.
1639 2663 1682 2694 Ex
1693 2673 1757 2703 quo
1769 2673 1922 2694 contextu
1934 2684 1943 2698 ,
1964 2666 2048 2702 quod
2061 2660 2174 2700 spectat

1185 2712 1221 2741 ad
1234 2719 1299 2740 rem
1311 2707 1489 2748 praesentem
1501 2728 1510 2743 ‚
1530 2706 1703 2738 eliciuntur
1725 2705 1742 2736 a
1754 2705 1946 2737 Dmstwibus
1958 2704 2178 2736 conclusiones

1186 2751 1388 2791 infrascripta
1400 2773 1407 2780 .

1228 2794 1331 2826 Prima
1338 2792 1508 2825 conclusio.
1521 2792 1577 2824 Per
1587 2792 1975 2832 clausulani‚appellatione
1984 2801 2179 2834 remmamon
2201 2799 2240 2832 45

1187 2838 1354 2879 impeditur
1365 2836 1531 2877 appellatio
1542 2859 1551 2872 ,
1562 2847 1630 2876 quae
1640 2834 1657 2866 a
1670 2836 1735 2876 jure
1745 2836 1879 2875 expresse
1893 2835 2105 2876 permittitur.
2117 2835 2169 2865 Sic

1184 2890 1298 2913 notant
1309 2881 1341 2911 in
1356 2880 1474 2911 summa
1486 2880 1568 2911 illius
1581 2889 1656 2910 text.
1668 2881 1756 2919 Joan.
1765 2875 2174 2919 Andr.ssald.Bell-anullini·-

1185 2924 1316 2956 Cardin.
1328 2923 1408 2954 Abb.
1420 2923 1575 2954 Franclius
1585 2945 1594 2958 ,
1615 2924 1647 2953 δέ
1659 2933 1768 2953 omnes
1780 2946 1787 2953 .
1810 2922 1937 2954 Dicitur
1950 2931 2054 2953 autem
2075 2922 2176 2961 appel—

1186 2968 1266 2998 latio
1278 2967 1293 2997 ἐι
1304 2967 1370 3009 jure
1379 2964 1516 3006 expresse
1529 2966 1669 3006 permilsa
1679 2987 1688 3001 ,
1710 2965 1901 3006 ubicumque
1914 2966 1946 2997 in
1959 2966 2024 3007 jure
2035 2963 2173 3004 expresse

1185 3012 1314 3042 'cautum
1325 3009 1414 3045 est,ut
1427 3009 1520 3040 liceat
1532 3010 1614 3048 appel
1623 3011 1683 3039 late
1698 3019 1761 3039 non
1773 3009 1913 3041 obstante
1926 3006 2176 3046 clausulaflp‘pel-

1185 3055 1299 3085 latione
1309 3062 1424 3084 remota
1433 3075 1442 3089 ,
1464 3056 1494 3082 ἃ
1508 3053 1539 3083 in
1554 3053 1613 3082 lioc
1633 3052 1830 3084 conveniunt
1843 3053 1884 3093 gl.
1906 3054 1937 3084 δέ
1950 3050 2103 3082 Doctores
2125 3059 2175 3083 nc-

1188 3097 1273 3127 mine
1283 3096 1480 3136 discrepante
1491 3097 1522 3125 in
1533 3094 1562 3125 d.
1574 3106 1598 3126 c.
1611 3093 1782 3134 Palloralis
1791 3118 1800 3132 ‚
1819 3100 1855 3128 Θ·
1864 3100 1897 3127 in
1908 3107 1933 3127 c.
1953 3095 1995 3128 Ut
2008 3093 2123 3124 debitus
2138 3092 2174 3123 de

1185 3140 1332 3180 appellat.
1345 3139 1460 3178 Accipe
1471 3138 1611 3179 quinque
1623 3139 1762 3178 exempla
1771 3161 1778 3169 .
1791 3138 1930 3171 Primum
1941 3140 1980 3169 eli
1994 3138 2065 3168 cum
2082 3138 2169 3166 locus

1186 3183 1292 3214 minus
1304 3191 1390 3213 tutus
1401 3182 1582 3221 assignatur,
1594 3189 1625 3212 ut
1635 3184 1668 3212 in
1677 3183 1760 3213 c.E.2.·
1769 3191 1856 3223 parte
1866 3183 1891 3214 il
1901 3183 1996 3222 primo
2006 3178 2173 3210 eod.t1t.Se-

1186 3227 1326 3257 cundum
1340 3224 1381 3256 est
1397 3224 1470 3255 cum
1483 3225 1616 3265 spoliato
1627 3224 1785 3256 restitutio
1795 3228 1968 3264 denegatur
1977 3244 1987 3258 ,
2008 3232 2037 3252 ut
2048 3225 2080 3252 in
2091 3223 2173 3254 c.E.t·

1187 3267 1326 3308 conquesti¹
1332 3279 1382 3298 one
1388 3266 1423 3307 su
1426 3276 1471 3308 pr.
1483 3268 1518 3298 de
1526 3267 1781 3309 restitspoliator.
1791 3268 1935 3299 Tertium
1945 3287 1955 3302 ,
1976 3265 2096 3308 siffidcx
2106 3276 2172 3298 non

1189 3312 1284 3343 faciat
1297 3311 1466 3351 specificati
1479 3321 1556 3347 rem,
1565 3321 1633 3351 quse
1644 3312 1759 3351 petitur
1773 3311 1805 3342 in
1818 3310 1925 3341 libello
1934 3331 1943 3344 ,
1954 3318 1985 3338 ut
1993 3310 2026 3339 in
2037 3319 2061 3340 c.
2073 3310 2174 3346 Signi-

1188 3354 1348 3394 ficantibus
1359 3356 1395 3385 de
1406 3355 1518 3395 appell.
1539 3353 1698 3393 Qiartum
1712 3354 1731 3384 si
1745 3353 1851 3393 justam
1863 3351 1985 3383 causam
2005 3351 2173 3383 recusatioe

1189 3398 1236 3429 nis
1249 3408 1312 3429 non
1326 3398 1487 3433 admittat,
1498 3396 1674 3438 c.Poslremo
1685 3395 1797 3427 eodan.
1809 3395 1972 3436 Quintum
1984 3393 2005 3425 si
2016 3404 2110 3433 cogat
2122 3404 2173 3424 co—

1187 3451 1253 3472 ram
1264 3440 1397 3481 suspecto
1408 3440 1615 3481 Subdclegato
1627 3440 1674 3470 liti
1678 3448 1796 3514 griffina
1806 3442 1837 3471 in
1848 3441 1916 3471 c·.Su
1917 3446 1970 3479 per
1979 3435 2172 3522 qnaestifienmm,

1773 3492 1805 3514 m
2039 3489 2064 3510 r.
2099 3491 2126 3510 n.
