2397 3664
324 95 391 157 76

675 171 774 205 Xiv.

273 217 465 254 Contractus
485 216 633 249 Moliatra
649 215 751 244 licitus
768 212 912 243 esic-riam
930 209 1065 251 respectu
1084 209 1216 250 ejusdcm

232 262 384 303 persons,
404 263 436 293 ὃ(
449 270 521 292 cuni
538 256 702 291 contractu
710 253 902 287 venditionis
924 252 1125 294 pra-vieinito
1141 263 1214 285 cnm

234 307 410 339 intentione
420 303 496 337 lucri
505 324 512 334 .

645 341 779 382 Censura
789 363 796 370 .

275 391 356 423 Falsa
366 391 405 422 cst
416 410 426 424 ‚
435 390 467 421 &
479 386 634 428 palliativa
643 384 803 416 usurarum
812 404 821 418 ,
841 383 1004 424 praesertim
1014 381 1086 414 ci'im
1093 391 1212 423 empto-

232 437 258 467 ri
269 435 440 475 imponitur
447 440 526 463 onus
536 429 751 503 revendengix}
757 436 790 459 ut
800 428 833 458 in
843 427 1003 459 assertione
1013 447 1021 457 .

267 520 357 551 Dare
371 515 537 555 temporale
548 525 603 555 pro
621 513 769 556 spirituali
780 523 844 544 non
866 512 1065 546 estsimonia,
1085 512 1211 552 quando

230 561 395 602 temporale
405 568 468 590 non
479 560 569 590 datur
577 567 727 597 tanquam
735 559 868 598 pretium
877 576 887 590 ,
904 555 953 587 sed
961 557 1123 586 dumtaxat
1134 564 1212 585 tam-

228 614 321 645 quam
332 604 487 632 motivum
505 599 685 632 conferendi
695 620 706 634 ,
727 600 776 630 vel
795 598 948 630 efficiendi
969 596 1142 637 spirituale3
1164 597 1211 627 vel

227 650 321 679 etiaim
331 646 456 686 quando
467 653 518 685 per
528 644 695 685 temporale
705 643 739 674 fit
750 642 847 673 solum
857 640 1068 681 compensatio
1077 639 1213 680 gratuita

231 700 285 730 pro
295 688 442 729 spirituali
452 708 461 721 ‚
484 696 535 718 aut
547 686 563 718 ὁ
579 695 688 718 contra
698 707 706 715 .
729 685 766 716 Et
790 685 821 715 id
830 691 953 724 quoque
977 684 1081 714 locum
1102 682 1192 713 babet
1203 701 1212 716 ‚

229 731 346 764 etiamsi
356 733 524 770 temporale
535 729 569 760 sit
589 728 755 769 principale
771 727 927 759 motivum
936 727 1029 757 dandi
1039 725 1192 765 spirituale
1203 743 1213 758 ,

229 774 294 808 imo
305 774 423 807 etiamsi
437 773 471 804 sit
482 770 552 804 finis
563 772 654 812 ipiius
673 773 716 802 rei
725 770 888 811 spititualis
899 789 909 804 2
931 769 990 803 fic,
1011 776 1046 800 ut
1062 768 1136 799 illud
1146 766 1213 808 plu·

228 821 269 852 ris
277 817 441 851 aestimetur
449 836 458 852 ‚
466 816 560 858 quain
569 825 616 847 res
626 814 791 855 spiritualis
801 834 809 843 .

643 856 778 898 Censura
787 878 795 886 .

271 905 374 936 Varii?
386 904 444 936 istae
456 902 659 934 formalitates
668 920 677 933 ‚
687 908 720 930 ut
731 900 898 940 plurimum
910 897 1000 937 pallia
1010 896 1078 928 sunt
1087 894 1212 927 latentis

227 948 384 983 simoniam
405 949 437 978 &
447 945 589 986 quamvis
602 944 665 975 tieri
676 941 802 974 subinde
814 940 899 981 poffit
911 960 919 974 ‚
941 949 975 971 ut
985 939 1069 970 nulla
1091 937 1212 978 proprie

224 990 460 1025 die'taesiiiionix
472 989 551 1019 labes
570 986 677 1021 subsit,
699 985 878 1026 plerumque
893 992 998 1014 tamen
1009 980 1132 1014 subsunt
1150 980 1213 1012 sor-

227 1039 279 1066 des
291 1034 426 1066 simon'iae
435 1030 539 1064 affines
550 1051 558 1060 .

669 1071 699 1101 X
709 1070 770 1102 VI.

269 1120 327 1150 Pio
343 1115 554 1149 intercessione
565 1116 601 1146 ad
619 1114 805 1146 beneficium
821 1112 1026 1144 obtinendum
1044 1109 1138 1152 potest
1155 1109 1213 1142 ali-

225 1163 299 1204 quid
308 1164 373 1193 dari
384 1161 446 1191 ime
456 1159 594 1191 simoniae
605 1156 776 1197 suspicione
787 1177 795 1185 .

642 1198 778 1239 Censura
788 1220 796 1229 .

267 1247 348 1279 falsa
357 1246 417 1280 est,
439 1246 473 1278 δι
485 1243 674 1286 perniciosa,
685 1238 1101 1281 honi'inibusqueambitiosis
1120 1239 1153 1271 &
1164 1240 1213 1269 in-

226 1292 329 1333 dignis
344 1291 465 1322 aditum
475 1289 614 1329 aperiens
629 1288 668 1319 ad
676 1285 825 1318 beneficia
844 1294 896 1325 per
909 1283 1076 1326 pecuniam
1096 1283 1211 1324 promi-

229 1334 298 1367 seue
307 1333 501 1376 procuranda
510 1352 518 1361 .

649 1373 681 1405 X
691 1372 718 1401 V
729 1371 743 1403 1
754 1371 778 1403 Ι.

265 1419 424 1453 Satisfac'it
445 1426 597 1459 praecepto
617 1415 757 1448 Ecclesiae
779 1415 815 1446 de
837 1413 994 1446 audiendo
1014 1411 1109 1443 sacro
1125 1431 1135 1446 ‚
1156 1412 1212 1452 qui

224 1466 300 1496 duas
309 1464 372 1502 ejus
385 1472 501 1504 partes,
522 1462 728 1502 imoquatuor
747 1458 835 1490 simul
846 1457 863 1488 a
884 1455 1009 1488 diversis
1026 1454 1210 1487 celebranti-

224 1509 280 1540 bus
293 1509 379 1539 audit
389 1528 396 1537 .

640 1544 791 1586 Censura.

264 1593 346 1626 Falsa
356 1592 414 1628 est,
436 1593 470 1624 &
488 1599 709 1633 praeceptorum
720 1586 858 1619 Ecclefiae
879 1585 993 1618 elusiva
1003 1606 1013 1619 ‚
1035 1594 1092 1616 nec
1114 1583 1212 1624 majo-

220 1647 287 1668 rem
299 1638 390 1668 habet
407 1636 620 1676 apparentiam
629 1635 665 1665 de
685 1640 819 1674 quatuor
829 1629 916 1663 Sacri
932 1629 1090 1670 partibus,
1110 1625 1205 1669 quam

223 1683 260 1714 dc
270 1680 385 1722 viginti
395 1700 403 1710 .

640 1721 672 1752 X
681 1720 731 1751 VI
743 1720 756 1750 1
766 1719 790 1750 1.

264 1766 392 1807 Urgens
400 1774 500 1797 metus
508 1764 611 1805 gravis
622 1784 630 1797 ‚
640 1763 681 1794 est
688 1761 777 1794 causa
789 1761 861 1802 justa
870 1759 1142 1792 Sacrainentoriim
1151 1759 1207 1790 ad-

220 1809 483 1843 ministrationem
500 1808 679 1839 simulandi.

641 1847 778 1888 Censura
786 1870 794 1879 .

263 1894 436 1937 Irreligiosa
445 1894 487 1926 est
496 1915 506 1929 ‚
527 1895 560 1926 δε
570 1893 778 1925 sacramentis
786 1889 903 1922 Christi
914 1888 1061 1930 injuriosa
1071 1910 1079 1918 .

263 1982 333 2022 (Qi'i
344 1982 500 2013 mediante
521 1978 797 2011 commendatione
807 1996 816 2011 ‚
838 1977 887 2008 vel
905 1985 1032 2007 munere
1043 1976 1080 2006 ad
1102 1974 1210 2015 Magi-

220 2027 347 2058 stratum
357 2045 367 2059 ,
389 2025 436 2056 vel
444 2022 583 2056 officium
595 2021 922 2062 publicumpromotus
932 2018 972 2050 est
982 2038 991 2053 ,
1015 2019 1128 2058 poterit
1136 2026 1210 2048 cum

220 2069 413 2101 restrictione
431 2068 559 2098 mentali
572 2065 706 2106 praestate
715 2062 926 2106 juramentum
936 2082 945 2096 ‚
967 2063 1049 2102 quod
1071 2062 1107 2091 de
1118 2070 1207 2091 man-

220 2115 294 2144 dato
307 2110 427 2150 Regisa
446 2109 593 2141 similibus
603 2108 676 2140 solet
691 2108 794 2147 exigi,
815 2115 878 2136 non
891 2105 997 2136 habito
1012 2102 1150 2144 respeetu
1169 2105 1210 2134 ad

220 2158 432 2187 intentionem
440 2153 593 2195 exigentis
605 2171 616 2187 ,
636 2149 712 2195 quia
721 2159 786 2182 non
796 2157 917 2180 tenetur
927 2146 1018 2179 fateri
1026 2147 1148 2178 crimen
1156 2156 1210 2179 oc-

220 2205 341 2231 cultum
352 2219 360 2228 .

641 2237 791 2279 Cenfiira.

262 2284 480 2316 Patrocinatur
490 2282 633 2314 liumanae
642 2279 829 2315 ambitioni,
851 2277 995 2319 justificat
1005 2275 1137 2317 perjuria
1147 2295 1158 2311 ‚
1174 2276 1208 2307 δε

222 2330 406 2360 mandatum
423 2328 548 2368 regium
557 2325 668 2358 inutile
689 2324 790 2355 reddit
801 2344 809 2352 .

265 2413 459 2455 Supetfluum
474 2421 539 2444 non
556 2412 617 2446 est,
637 2412 723 2451 quod
743 2408 887 2440 homines
903 2406 1023 2438 servant
1049 2415 1104 2445 pro
1121 2404 1212 2435 status

224 2465 268 2489 lui
279 2479 287 2492 ,
300 2458 344 2487 vel
358 2465 518 2496 parentum
528 2452 678 2495 qualitat'e
688 2473 697 2487 2
709 2454 813 2484 habita
823 2451 887 2486 ‚vel
899 2447 1115 2490 adipiscenda3
1128 2446 1212 2478 ideo-

223 2511 282 2541 que
295 2502 345 2531 vi<
358 2508 501 2540 poterunt
513 2499 593 2529 inter
615 2495 771 2529 saeculares
783 2495 942 2528 inveniri,
962 2493 1017 2533 qui
1028 2491 1214 2532 superfluum

227 2545 357 2576 habeant
370 2564 377 2572 .

645 2582 797 2623 Censura.

270 2629 355 2661 Prior
367 2638 432 2670 pars
443 2630 476 2660 in
486 2627 537 2659 sua
548 2627 749 2668 generalitate
760 2623 879 2656 falsaest
888 2643 898 2658 ‚
909 2624 942 2655 &
954 2631 1024 2653 :um
1037 2619 1216 2661 posteriori,

228 2683 293 2712 qui·
305 2673 374 2703 inde
394 2673 557 2703 deducitur
568 2690 577 2704 ‚
598 2669 684 2700 elidit
695 2669 920 2708 obligationem
944 2663 1159 2704 elcemosynse,
1182 2664 1215 2694 δε

230 2715 441 2746 iiiiicricordiae
451 2713 666 2755 impendenda:
675 2732 686 2747 ,
705 2712 722 2742 a
731 2711 889 2751 Scriptura
898 2707 981 2740 sacra
998 2706 1106 2738 crebro
1115 2705 1216 2737 incul-

231 2767 350 2789 eatam.

276 2842 352 2875 Non
373 2842 413 2873 est
436 2843 491 2874 nisi
511 2843 653 2876 veniale,
674 2843 771 2873 etiam
789 2838 899 2878 absque
921 2837 1057 2869 utilitate
1075 2834 1102 2866 se
1125 2835 1217 2869 cibo,

235 2890 267 2920 &
292 2896 366 2927 potu
386 2884 477 2924 usque
498 2889 536 2918 :id
557 2885 714 2917 vomitum
737 2882 929 2924 ingurgitare
946 2900 956 2914 ‚
979 2879 1035 2910 nisi
1057 2888 1094 2909 ex
1118 2876 1219 2917 liujus-

237 2929 322 2962 modi
355 2928 523 2960 vomitibus
552 2931 660 2970 gravia
683 2927 856 2959 valetudini
886 2923 1087 2955 incommoda
1113 2923 1219 2953 otian-

235 2983 284 3006 tur
307 2994 315 3002 .

650 3015 804 3054 Censura.

278 3056 461 3091 Scandalosa
481 3055 541 3090 cst,
562 3057 595 3087 &
617 3056 732 3088 falsain
755 3053 1036 3095 suageneralirate‚
1057 3061 1092 3083 ac
1115 3051 1220 3082 laxans

238 3103 370 3135 habenas
393 3099 584 3140 potatoribus
600 3101 638 3130 ad
658 3100 686 3131 se
704 3099 867 3132 liberaliter
886 3096 1164 3137 ingurgitandum,
1187 3094 1220 3125 &

242 3146 459 3177 inebriandum
472 3163 480 3172 .

664 3185 694 3215 X
703 3185 756 3216 XI
770 3185 793 3216 1.

280 3230 350 3271 Qui
370 3230 504 3262 dormite
526 3228 633 3269 nequit
656 3226 712 3257 nisi
735 3227 847 3267 vesperi
871 3225 989 3266 sumpta
1011 3233 1101 3255 coena
1118 3243 1128 3257 ‚
1158 3231 1222 3253 non

240 3283 360 3304 tenetur
391 3273 557 3314 jejunate3
585 3270 650 3302 imo
673 3279 771 3309 neque
801 3273 832 3301 ‘in
863 3270 991 3310 piandio
1019 3267 1223 3298 collationem

241 3317 356 3348 sumere
376 3336 386 3350 ³
415 3315 561 3356 quamvis
591 3313 649 3345 hoc
672 3313 766 3342 modo
796 3312 842 3343 isti
865 3311 1067 3344 'incommodo
1095 3309 1222 3340 obviare

242 3359 351 3400 posim,
372 3360 444 3398 quia
466 3367 561 3390 nemo
581 3364 702 3389 tenetur
724 3363 892 3395 pervertere
912 3355 1057 3386 ordinem
1076 3350 1222 3384 rechtio-

246 3413 322 3434 [iiim
345 3423 352 3430 .

656 3440 809 3483 Censura.

289 3486 436 3521 hisacii,
457 3487 487 3519 δε
501 3485 627 3518 fundam
648 3483 856 3525 supert'iiiolo
876 3491 1035 3522 pi‘aethtu.

594 86 772 157 Prosp.
790 84 1025 154 Fagnan.
1042 84 1099 139 in
1119 81 1363 139 Primum
1385 80 1615 138 Librum
1634 76 1912 139 Decretal.

1297 208 1436 241 Defessus
1458 218 1494 239 cx
1524 218 1722 249 quocumque
1744 208 1846 240 labore
1870 209 1960 240 licito
1978 226 1989 244 ³
2020 210 2069 242 vel
2090 211 2203 245 illicito
2224 233 2234 248 2

1253 254 1402 302 3²⁰.sz5‘·
1424 260 1497 283 cum
1516 249 1656 283 foeminis
1683 250 1912 284 commixtione
1929 271 1939 287 ‚
1967 251 2112 286 liberatur
2130 254 2149 287 a
2169 256 2235 298 lege

1254 305 1361 338 ,ejunii
1383 315 1391 324 .

1669 337 1823 379 Censura.

1293 379 1395 415 Falsa,
1415 379 1546 411 &castis
1556 381 1680 412 :iuribus
1700 380 1856 412 horribilis
1866 402 1874 411 .

1676 423 1705 453 X
1715 423 1746 454 X
1757 423 1768 453 1
1779 423 1817 454 V.

1292 466 1329 498 In
1341 466 1443 506 rigore
1453 465 1628 505 loquendo,
1649 466 1789 499 videtur,
1808 464 1893 506 qubd
1905 465 2001 499 homo
2020 476 2084 499 non
2094 475 2236 500 teneatur

1250 518 1387 550 unquam
1397 517 1450 549 per
1458 517 1559 540 totam
1575 510 1676 541 vitam
1687 506 1773 539 suam
1789 508 1899 540 elicere
1907 508 2013 542 aistuiii
2028 514 2144 543 amoris
2154 511 2235 544 Dei.

1666 551 1817 591 Censura.

1293 594 1392 635 Impia
1400 613 1411 628 ‚
1431 595 1465 627 δε
1474 595 1610 635 primam
1620 594 1719 668 lege}
1726 592 1913 667 >{Ilivris'tianae
1922 597 1994 628 vitae
2013 606 2155 629 evertens
2164 619 2172 628 .

1291 678 1342 712 Ut
1351 678 1436 711 actio
1443 679 1597 721 quaepiam
1608 679 1643 712 fit
1654 678 1868 721 peccaminosa
1877 677 2017 721 {oportet
2027 702 2037 717 ‚
2046 693 2080 714 ut
2091 685 2236 724 procedat

1251 723 1289 755 ab
1298 722 1427 755 bomine
1437 725 1491 763 qui
1504 723 1603 754 noscit
1613 743 1623 758 ,
1643 724 1675 754 ὅ(
1689 723 1834 763 percipit,
1851 722 1927 762 quid
1938 725 2011 756 boni
2030 727 2144 757 malive
2154 729 2187 757 in
2198 737 2236 758 ca

1251 764 1306 802 sit;
1326 767 1358 797 ὅ(
1370 775 1539 806 antequam
1548 767 1579 797 id
1602 768 1726 801 videat,
1747 775 1799 797 aut
1809 764 1953 797 animum
1973 767 2128 804 reflectat,
2148 769 2236 802 aistio

1251 817 1350 849 neque
1358 809 1439 840 bona
1448 808 1489 840 est
1499 828 1510 842 ‚
1531 818 1631 850 neque
1642 809 1723 840 mala
1731 830 1739 838 .

1667 849 1820 893 Cenfhra.

1292 893 1342 926 Est
1351 903 1461 925 contra
1469 896 1653 926 communia
1672 893 1856 926 Christianae
1865 892 2049 938 Theologiae
2065 895 2236 938 principia,

1250 938 1283 968 δι
1299 939 1465 968 innumera
1473 937 1569 968 etiam
1587 936 1808 969 immanissima
1817 936 1982 969 hominum
1999 949 2127 980 peccata
2143 949 2237 972 excu-

1252 979 1295 1012 sat
1306 1000 1315 1015 ‚
1334 990 1409 1012 cum
1417 980 1554 1021 pernicie
1571 980 1770 1012 animarum.

1275 1065 1578 1116 ‘Authoritasunius
1596 1065 1746 1099 Doetotis
1756 1067 1862 1107 probi,
1882 1066 2031 1103 &dosth
2052 1068 2154 1101 reddit
2164 1070 2234 1111 opi-

1251 1118 1380 1141 nionem
1393 1110 1583 1150 probabilem
1593 1130 1601 1140 .

1667 1151 1819 1193 Cenfhra.

1293 1194 1470 1227 Perniciosa
1489 1195 1550 1230 est,
1570 1196 1605 1227 ὃς
1627 1197 1807 1228 innumeras
1817 1195 2017 1229 absurditates
2031 1198 2184 1232 invehens
2199 1198 2236 1230 in

1250 1240 1338 1270 omni
1350 1241 1479 1270 materia
1490 1238 1638 1271 destrinae
1649 1239 1775 1270 moralis
1785 1261 1792 1269 .

1292 1280 1426 1313 Inferius
1447 1281 1632 1313 habebatur.

1293 1324 1342 1356 Ita
1359 1323 1530 1366 judicatum
1541 1335 1593 1365 per
1608 1323 1787 1366 Collegium
1804 1324 2009 1359 S-FacultatIs
2030 1324 2236 1369 Theologicae

1249 1366 1474 1399 Univetsitatis
1485 1367 1685 1399 Lovaniensis
1705 1370 1756 1400 die
1763 1379 1792 1408 4.
1803 1368 1883 1410 Maji
1896 1374 1982 1408 1655.
1992 1380 2028 1402 ac
2037 1372 2074 1401 de
2084 1372 2235 1402 mandato

1251 1409 1326 1441 DD.
1340 1410 1461 1442 Decani
1472 1430 1481 1444 ‚
1503 1411 1736 1451 &reliquorum
1752 1411 1972 1452 Magistrorum
1984 1412 2118 1454 ejusdem
2128 1413 2236 1445 Facul-

1250 1456 1323 1485 tatis
1333 1453 1518 1494 subscripsit.
1542 1452 1706 1494 Signatum
1716 1475 1724 1483 .
1746 1454 1916 1495 Gregorius
1926 1456 2042 1497 Lipsius
2052 1477 2063 1491 ‚
2084 1457 2170 1489 'istius
2180 1456 2236 1487 Fa-

1250 1496 1376 1529 cultatis
1388 1496 1544 1531 Bedellus,
1562 1497 1594 1528 &
1609 1495 1759 1528 Notarius
1777 1498 1933 1538 publicus.

1292 1538 1352 1570 His
1370 1540 1497 1570 demum
1507 1539 1670 1580 adjicimus
1688 1538 1735 1570 sex
1745 1542 1820 1571 alias
1836 1542 2082 1583 propositiones,
2102 1542 2236 1576 inUtbe

1250 1580 1411 1615 novissime
1420 1582 1614 1624 qualificatas
1624 1602 1634 1617 ‚
1656 1591 1690 1614 ut
1701 1581 1836 1624 sequitur
1845 1605 1853 1614 .

1462 1669 1628 1702 Decretum
1643 1666 1692 1701 die
1710 1670 1916 1713 300Januarii
1935 1675 2025 1711 1659.

1292 1758 1329 1789 In
1338 1758 1576 1797 Congregatione
1583 1757 1720 1799 generali
1729 1760 1763 1789 S.
1774 1759 1911 1790 Romane
1921 1778 1931 1793 ‚
1940 1756 1978 1790 (ῥ’
1985 1755 2173 1800 universalis
2183 1760 2238 1789 ln-

1250 1801 1421 1844 quisttionis
1437 1798 1540 1832 habita
1549 1803 1582 1832 in
1600 1801 1725 1832 Palatio
1735 1799 1908 1841 Apostolico
1924 1803 2050 1832 Mmztis
2057 1802 2236 1847 Quirinalis

1249 1855 1350 1877 coram
1357 1842 1547 1885 Sanfflffimo
1554 1845 1597 1875 D.
1608 1844 1654 1874 N.
1667 1845 1710 1876 D.
1721 1843 1908 1875 Alexandro
1919 1846 1987 1875 V'Il.
1999 1856 2034 1876 ac
2046 1843 2237 1885 Eminentzs—

1245 1887 1335 1930 fimis
1352 1886 1389 1919 &⁹
1406 1886 1671 1928 Reverendiffimis
1688 1889 1731 1919 D.
1750 1889 1794 1918 D.
1811 1890 1844 1919 S.
1856 1889 1892 1919 R.
1905 1889 1943 1920 E.
1962 1890 1989 1919 C
1989 1884 2183 1919 ardinalibus
2201 1889 2237 1918 in

1250 1929 1393 1971 universa
1401 1927 1564 1971 Republica
1572 1927 1749 1971 Christiana
1757 1940 1861 1961 contra
1870 1929 2039 1962 haeretisam
2044 1938 2103 1970 pra
2109 1933 2239 1962 vitatem

1247 1970 1437 2049 ,generalibus
1452 1972 1681 2016 Inquifitoribus
1689 1971 1716 2005 a*
1723 1975 1758 2007 S.
1768 1975 1847 2006 Sede
1868 1971 2046 2015 Apostolica
2056 1972 2239 2015 specialiter

1273 2025 1402 2058 eputatis
1420 2038 1429 2046 .

1292 2063 1320 2092 C
1321 2057 1375 2093 um
1383 2067 1474 2106 nuper
1483 2057 1503 2091 a
1512 2057 1711 2098 Regularilms
1717 2057 1972 2093 Mendai-antibus
1985 2057 2118 2102 dioecefis
2129 2058 2240 2092 Ande-

1248 2114 1349 2142 gaven
1345 2103 1392 2146 fis
1401 2101 1511 2141 judicio
1520 2102 1611 2134 Sedis
1620 2102 1799 2144 Apostolicae
1816 2105 1826 2144 (
1836 2101 1877 2135 ad
1886 2113 1975 2142 quam
1982 2104 2148 2135 dumtaxat
2160 2099 2240 2144 fidei

1250 2155 1351 2178 contro
1359 2146 1473 2188 uerstas
1481 2166 1491 2180 ‚
1513 2152 1550 2177 U
1559 2156 1674 2176 morum
1683 2148 1736 2177 uni
1739 2145 1871 2185 verfizlzs
1879 2148 1908 2178 E
1909 2147 2016 2188 eclesia
2024 2149 2155 2185 pertinet
2161 2142 2240 2184 defi—

1250 2191 1317 2222 nire
1329 2188 1339 2228 )
1349 2186 1436 2229 infra
1445 2186 1562 2227 inserta
1568 2188 1779 2230 propositiones
1783 2187 1906 2230 fuerint
1915 2187 2017 2219 oblata
2033 2199 2044 2217 .·
2064 2187 2102 2218 de
2109 2188 2240 2219 manda-

1251 2242 1282 2264 to
1297 2230 1482 2272 Sanfflffimi
1497 2231 1540 2261 D.
1550 2230 1598 2260 N.
1616 2231 1660 2261 D.
1680 2228 1865 2262 Alexandri
1886 2231 2013 2261 Divina
2034 2232 2095 2262 Pro
2101 2229 2240 2262 videntia

1252 2277 1339 2314 Papa
1349 2275 1418 2307 VII.
1428 2273 1559 2313 plurium
1569 2272 1789 2311 Theologorum
1799 2293 1809 2306 ‚
1831 2272 1870 2304 ΰ·
1876 2270 2111 2313 Canomstarum
2120 2273 2140 2304 a
2158 2275 2241 2305 San-

1251 2318 1358 2351 &itate
1368 2316 1425 2358 fim
1433 2314 1513 2351 adid
1529 2315 1703 2356 specialiter
1712 2317 1920 2354 deputatorum
1930 2317 2070 2347 examini
2081 2315 2149 2358 sint
2159 2327 2238 2348 com-

1252 2360 1337 2402 miJJae
1347 2371 1357 2390 .·
1367 2370 1420 2397 quo
1425 2358 1546 2399 peraih
1553 2379 1573 2393 ,γ
1583 2369 1619 2390 ac
1627 2359 1672 2390 rel
1675 2367 1727 2390 ata
1736 2356 1969 2398 Sanffltatisuae
1978 2360 2115 2391 unanimi
2124 2370 2241 2391 eorum-

1253 2402 1322 2435 dem
1334 2401 1553 2441 Theologorum
1569 2410 1656 2439 atque
1664 2399 1897 2442 Canonistarum
1906 2401 2028 2443 cenfi⁴ra
2036 2411 2049 2438 ‚⁶
2067 2401 2149 2433 idem
2158 2405 2240 2434 San-

1254 2448 1393 2489 Hiffimus
1401 2466 1410 2481 ‚
1423 2444 1538 2476 auditis
1547 2447 1629 2476 votis
1639 2445 1947 2486 Eminentiffimorum
1957 2465 1967 2479 ,
1989 2442 2027 2477 Θ
2038 2444 2242 2487 Reverendt's-

1249 2491 1398 2535 fimorum
1407 2490 1450 2520 D.
1462 2489 1504 2520 D.
1515 2487 1733 2520 Cardinalium
1739 2489 1927 2527 generalium
1939 2487 2148 2531 lpqmfitorum
2158 2508 2168 2523 ,
2177 2487 2243 2530 eas-

1255 2533 1322 2566 dem
1338 2531 1551 2574 propofitiones
1563 2538 1652 2570 prout
1659 2529 1747 2606 infra
1764 2530 1955 2573 qualificatas
1969 2533 2136 2563 autoritate
2153 2532 2190 2563 A
2191 2540 2242 2571 po—

1250 2574 1361 2619 stolica
1368 2574 1561 2608 declaravit,
1582 2573 1619 2606 Θ
1627 2573 1679 2606 dec
1692 2583 1800 2607 aratas
1808 2576 1965 2610 decrevit,
1985 2572 2023 2607 &⁹
2038 2575 2118 2607 tales
2125 2572 2164 2607 ab
2181 2585 2242 2606 om·-

1257 2617 1342 2652 nibus
1349 2616 1454 2651 haberi
1470 2619 1625 2657 precepit.

1300 2703 1484 2737 Concilium
1493 2702 1717 2736 Tridentinum
1734 2714 1799 2735 non
1809 2704 1926 2746 obligat
1943 2702 2113 2745 Regum&
2123 2704 2156 2735 in
2167 2704 2242 2735 Gal-

1260 2749 1301 2780 lia
1318 2748 1550 2780 adobtinendas
1572 2747 1808 2788 approbationes
1817 2748 1854 2779 ab
1876 2746 2049 2787 Episcopis,
2071 2742 2243 2778 ut'saecula-

1259 2794 1342 2824 tium
1351 2790 1553 2823 confeffiones
1570 2790 1674 2821 audire
1684 2788 1795 2831 possint
1819 2801 1826 2820 ε
1845 2800 1945 2831 neque
1964 2791 2091 2821 dcillius
2101 2790 2243 2821 Loiicilii

1259 2833 1445 2867 auctoritate
1458 2834 1619 2874 privilegia
1631 2832 1835 2873 Regularium
1856 2833 1996 2874 restringi
2007 2833 2146 2873 possunt,
2168 2842 2243 2863 cum

1261 2879 1292 2910 id
1300 2878 1335 2910 in
1347 2877 1447 2909 Gallia
1457 2886 1614 2916 receptum
1623 2875 1733 2906 nonsit
1742 2895 1754 2909 ‚
1775 2876 1976 2917 praeterquam
1993 2878 2025 2906 'in
2035 2876 2242 2907 decisionibus

1259 2922 1349 2953 fidei.
1372 2919 1589 2961 Nequeetiam
1607 2917 1692 2950 Bulla
1701 2918 1844 2951 SixtiIV.
1855 2929 1911 2960 pro
1932 2919 2014 2950 illius
2027 2918 2244 2950 confirmatio-

1261 2974 1299 2996 ne
1311 2963 1504 3005 promulgata
1514 2986 1522 2993 .

1303 3006 1351 3038 Est
1371 3005 1461 3041 falsa,
1483 3005 1664 3039 temeraria,
1689 3003 1881 3039 scandalosa,
1903 3005 1937 3035 in
1958 3004 2136 3037 haeresim&
2154 3003 2245 3036 schis-

1261 3060 1313 3082 ma
1330 3049 1500 3083 inducens,
1522 3047 1617 3079 Sacro
1635 3046 1761 3079 Concil.
1773 3047 1960 3080 Trident.&
1976 3047 2047 3080 Sedi
2063 3047 2245 3089 Apostolicae

1262 3091 1429 3134 injuriosa.

1304 3178 1373 3211 Ubi
1390 3176 1572 3210 Concilium
1589 3176 1813 3208 Tridentinum
1834 3177 1875 3208 est
1897 3186 2073 3219 receptum,
2095 3188 2158 3210 non
2181 3176 2245 3219 pos-

1264 3222 1332 3254 sunt
1354 3221 1495 3262 Episcopi
1517 3221 1696 3262 rcstringere
1714 3239 1724 3254 ,
1754 3221 1801 3250 vel
1823 3221 1958 3252 limitare
1979 3228 2214 3261 approbationes
2234 3239 2245 3254 ‚

1264 3276 1339 3306 quas
1359 3264 1565 3305 Regulatibus
1583 3264 1759 3295 concedunt
1777 3264 1814 3294 ad
1836 3263 2038 3296 coni'cli‘ioncs·
2060 3265 2246 3297 audiendas:

1266 3318 1364 3349 neque
1383 3307 1449 3338 illas
1469 3308 1530 3338 ulla
1549 3317 1585 3337 ex
1608 3305 1698 3337 causa
1719 3315 1882 3337 revocare.
1905 3307 2068 3348 Qiinimb
2089 3306 2246 3338 Ordiniim

1265 3350 1521 3383 Mendicantium
1545 3349 1694 3389 Religiosi
1718 3350 1755 3380 ad
1778 3359 1827 3381 cas
1849 3350 2085 3391 approbationes
2102 3349 2247 3381 obtinen-

1265 3396 1318 3425 das
1336 3404 1400 3426 non
1425 3402 1587 3425 tenentur.
1610 3391 1646 3423 Et
1664 3391 1733 3423 stab
1756 3392 1910 3434 Episcopis
1933 3393 2080 3434 Religion
2094 3402 2157 3423 non
2181 3402 2249 3432 pro-

1267 3439 1394 3470 bentur,
1416 3435 1605 3476 relectioilla
1615 3434 1695 3466 valet
1718 3436 1861 3473 tantuin,
1884 3444 1919 3469 ac
1942 3437 1962 3469 si
1972 3437 2152 3477 approbatio
2173 3444 2250 3466 con-

1267 3480 1344 3511 (Cli-l
1363 3478 1477 3509 suisset.

2111 3519 2210 3552 Com-
