2397 3664
795 3 882 60 De
903 0 1113 59 Constit.
1130 14 1174 52 c„
1196 0 1478 67 Quoniam.

267 92 310 125 ad
325 91 421 134 ipfiem
438 89 665 134 Apostolicum‚
684 87 796 123 ibidem
807 113 816 122 .
1130 130 1135 135 ¹

166 148 202 172 ιε».
225 135 372 173 Verbum,
397 135 598 171 Decerneoe,
616 134 816 176 neceffltatem
825 131 961 168 inducit,
980 127 1135 178 &referri

268 177 359 221 potest
375 178 441 212 τὴν,
458 177 500 210 ad
515 189 595 210 nova
613 178 690 215 legis*
704 174 885 213 editionem,
905 174 996 214 quam
1014 171 1051 205 de
1060 173 1135 212 legis

269 222 333 261 jam
353 222 437 254 edita
452 220 709 254 declarationem.

163 278 200 311 13
220 264 438 300 Cardinalium
447 264 620 297 authoritas
637 263 671 294 in
680 259 780 293 dubiis
790 261 828 295 όν
844 261 944 303 caufis
960 256 1136 292 decidendis

268 309 334 341 ta'm
354 320 395 341 ex
412 309 529 344 veteri,
549 304 639 345 quam
655 315 696 343 ex
705 304 997 345 navoTestamento
1013 301 1137 344 causam

268 351 385 385 trahit.

226 395 398 430 Intellet‘ius
406 404 473 434 cap.
484 392 541 424 Per
552 390 784 429 venerabilem,
804 392 831 430 §.
842 389 1036 422 Rationibus
1047 411 1057 425 ,
1077 388 1134 430 qui

268 440 310 471 fil.
322 438 382 470 fint
399 436 485 477 legit.
506 433 582 467 ibid.

164 493 204 524 14
225 483 408 516 Declaratio
415 480 490 517 legis
510 476 550 510 ab
560 489 591 509 eo
595 475 683 519 fozt‘ia
693 499 704 517 ‚
724 478 775 514 qui
783 476 803 508 d
814 478 957 518 Principe
965 475 1135 508 authorita-

269 535 327 559 tem
340 522 428 556 habet
437 522 531 561 legem
538 520 760 561 interpretandi
769 542 779 557 ‚
801 518 996 561 effentialiter
1007 529 1062 550 non
1071 518 1105 549 di
1102 515 1135 558 f—

264 567 330 610 fert
344 566 364 597 a¹
372 566 433 604 tege
444 563 603 597 declarata
613 588 621 596 .

165 621 199 653 15
224 611 399 644 Declarans
408 619 466 639 non
473 606 590 639 inducit
598 607 645 645 jus
662 616 772 643 novum
780 628 790 643 ‚
805 604 863 646 sed
873 602 998 637 tantiam
1007 604 1136 646 manife-

260 650 327 694 stat
337 650 413 689 quod
422 648 509 692 prius
526 649 643 682 latebat
653 673 661 682 .

224 696 394 728 Enucleare
411 693 482 732 quid
486 694 532 737 fit
541 717 550 731 ‚
571 692 646 725 ibid.
657 691 736 733 vers.
748 689 838 737 Quod
840 689 925 732 satis
934 687 1134 738 confirmant:

162 743 198 774 16
220 741 302 772 Inter
304 740 436 779 pretatio
437 737 552 778 statuti
560 735 673 769 dicitur
675 735 866 778 statutum,fi
868 735 913 778 stt
923 732 1088 773 intrinseca
1100 738 1138 764 ω*

258 779 474 823 substantialis
481 803 491 817 ‚
514 779 551 813 &⁶
560 778 771 821 inseperabilis
779 779 800 811 a*
801 777 932 819 statuto,
955 777 992 810 ὁ·
1001 786 1135 812 num.19.

160 835 203 866 27
222 826 397 858 Declarare
406 825 478 862 quid
479 824 526 867 stt
535 848 544 855 .
1033 865 1038 869 ι
1088 864 1092 869 .

163 873 201 902 18
222 866 321 902 Verba
331 890 342 905 ,
365 867 516 900 resolvere
527 890 536 905 ,
559 867 703 899 decidere
716 888 728 903 ‚
753 865 937 907 respondere
948 887 958 902 ‚
988 861 1062 902 qued
1080 872 1137 894 xm-

289 920 386 943 ortent
395 934 403 941 .

144 966 182 992 19
204 921 421 996 Inte-{pretorio
431 951 505 991 quid
506 953 553 995 stt
563 976 573 990 ,
596 956 634 985 (φ’
658 951 730 991 quid
742 950 896 994 differata
913 950 1118 998 declaratione
1128 972 1136 980 .

141 1011 184 1035 20
203 1000 401 1038 congregatio
410 997 542 1029 Concilii
552 1008 584 1027 tn
596 995 663 1036 suis
680 997 837 1036 rescriptis
841 992 1033 1036 frequentius
1043 995 1139 1024 utitur

227 1041 338 1078 verbo,
357 1038 503 1080 Cenfiait‚
524 1038 562 1071 (ῥ’
580 1051 648 1071 cur.

161 1096 178 1118 2
188 1095 200 1118 1
223 1086 390 1118 Declarati
393 1094 461 1115 ones
471 1083 718 1122 congregationis
727 1075 859 1114 Concilii
869 1078 971 1118 infimt
981 1079 1118 1111 Concilio
1127 1100 1137 1116 ,

269 1126 306 1160 Θ·
315 1125 492 1169 οὸίίξαηιηιη
504 1135 622 1164 utroque
635 1123 702 1167 foro
713 1136 752 1155 ex
763 1126 799 1156 vi
809 1126 884 1163 tegis
895 1121 1055 1153 declarata
1066 1146 1074 1154 .

161 1182 200 1209 22
223 1172 359 1203 Decreta
369 1170 404 1201 A
404 1167 547 1210 postolica
558 1192 566 1205 ‚
591 1168 627 1201 ά·
639 1168 829 1200 Conciliaria
837 1165 990 1204 obligandi
1003 1167 1070 1197 vim
1083 1163 1138 1197 ha-

270 1212 338 1245 bent
348 1214 442 1244 etiam
446 1210 503 1253 sub
512 1222 599 1244 reatu
617 1211 758 1244 mortalis
767 1212 884 1251 peccati
894 1234 902 1240 .

162 1267 203 1299 23
225 1257 407 1301 Qalitates
426 1266 524 1287 omnes
534 1278 544 1292 ‚
564 1266 621 1294 quae
642 1253 742 1295 insunt
752 1255 811 1293 legi
822 1252 981 1285 declarata
989 1274 999 1288 ‚
1022 1250 1136 1293 censen-

267 1309 316 1330 tur
326 1296 414 1340 incffe
431 1300 516 1330 illius
533 1298 753 1331 declarationi.

160 1353 203 1384 ²4
222 1344 394 1384 Baptizati
414 1341 433 1374 a
452 1339 641 1383 Calvimstis
651 1364 660 1377 ,
684 1339 757 1381 sum
776 1339 848 1379 vere
868 1339 905 1372 ba
908 1341 1029 1379 ptizati
1045 1360 1056 1375 ,
1085 1350 1138 1371 nec

218 1386 292 1428 sunt
311 1384 423 1418 iterum
433 1383 619 1426 baptizandi
631 1387 725 1415 etiam
738 1381 794 1424 fiaeb
805 1382 973 1415 conditione
983 1405 990 1413 .

161 1438 199 1471 25
221 1431 465 1463 Adatrimonium
483 1429 668 1461 contrastum
678 1438 778 1459 coram
795 1425 930 1459 Parocho
950 1428 1045 1457 etiam
1056 1427 1138 1457 invi-

267 1482 297 1504 to
308 1495 317 1509 ‚
338 1471 401 1505 &a
423 1481 477 1504 aut
487 1483 527 1503 ex
546 1473 612 1504 alia
623 1470 715 1511 causa
737 1479 844 1502 vocato
854 1493 864 1507 ‚
884 1468 1023 1501 adhibito
1035 1478 1138 1500 tamen

266 1515 310 1547 ad
319 1516 410 1548 illum
419 1516 517 1547 ac'ium
527 1538 537 1551 ‚
558 1524 612 1546 aut
631 1513 790 1546 interdieta
800 1536 809 1550 ‚
831 1514 881 1545 vel
892 1523 947 1545 non
951 1510 1108 1553 sacerdote
1127 1534 1138 1549 ‚

267 1559 411 1591 validum
422 1557 464 1599 est
475 1581 484 1594 ,
504 1557 542 1591 (θ’
551 1557 714 1598 numfiqq.

162 1612 202 1642 27
223 1604 400 1635 Procuratio
409 1600 470 1643 post
487 1603 656 1634 Concilium
669 1603 693 1632 7
703 1599 889 1632 ridentinum
900 1611 956 1631 non
965 1599 1085 1631 debetur
1096 1601 1139 1632 E—

268 1644 345 1686 p1sco
346 1654 383 1686 po
391 1645 536 1687 visttanti
550 1647 577 1676 E
579 1644 701 1688 cclestas
711 1666 721 1680 ‚
732 1643 768 1675 effi*
779 1644 843 1676 loca
855 1647 908 1685 pia
913 1643 971 1683 suae
981 1645 1137 1675 civitatis.

161 1691 199 1722 28
220 1687 370 1721 Sacerdos
381 1690 409 1719 E
412 1691 674 1720 :ceommunicatus
685 1710 695 1724 ‚
716 1684 754 1720 ὠ·
764 1686 957 1718 denuntiatus
967 1698 1024 1718 non
1045 1684 1138 1727 potest

259 1730 535 1772 sacramentaliter
546 1729 703 1772 absolvere
721 1733 913 1772 poenitentem
932 1732 1026 1761 etiam
1045 1732 1078 1761 in
1089 1741 1138 1760 ar—

270 1775 361 1806 ticulo
378 1777 484 1805 mortis
495 1797 502 1806 .

159 1829 201 1856 29
223 1819 366 1858 Episcopi
376 1828 431 1848 non
440 1816 551 1858 poffunt
563 1815 716 1853 absolvere
726 1819 759 1848 in
766 1815 882 1860 cafibus
893 1816 1015 1848 occultis
1022 1829 1054 1848 tn
1065 1816 1138 1849 Bul-

266 1862 298 1893 la
308 1863 336 1893 C
338 1871 403 1892 oenae
414 1863 439 1892 S
441 1860 489 1892 edi
501 1860 675 1902 Apostolicae
695 1860 861 1902 reservatis
873 1884 880 1892 .

163 1914 200 1946 30
222 1905 299 1936 Item
310 1902 372 1944 post
381 1904 507 1936 Bullam
517 1907 607 1936 S.Pii
618 1907 799 1942 [Knequeunt
810 1902 964 1945 absolvere
976 1903 1136 1936 Moniales

269 1958 301 1977 in
311 1948 444 1977 materia
458 1947 596 1987 clausura
608 1946 725 1986 secreto
741 1947 947 1985 delinquentes
958 1969 965 1977 .

163 2000 198 2031 31
223 1988 366 2030 Epist-opi
384 1989 593 2030 absolventes,
615 2001 652 2021 ac
671 1989 879 2031 dispensantes
888 1992 920 2020 in
930 1987 1051 2033 casibus.
1063 1987 1138 2020 Sedi

270 2031 447 2074 Apostolicae
466 2033 651 2073 reservatis,
675 2034 812 2064 incidunt
827 2037 860 2064 in
879 2034 1003 2065 Bullan:
1024 2034 1052 2063 C
1054 2043 1136 2063 «τη-ε.

162 2086 201 2117 32
224 2078 253 2108 E
255 2075 388 2117 pist-opus
407 2088 465 2108 non
480 2074 574 2117 potest
589 2075 762 2117 dispensare
782 2087 849 2108 cum
868 2087 941 2108 vera
959 2074 1076 2115 bigamo
1095 2075 1139 2107 ad

268 2122 401 2159 primam
420 2118 574 2159 tonsuram
584 2142 593 2156 ,
613 2129 667 2150 aut
685 2118 989 2162 bcneficiafimpitcia
1000 2142 1008 2150 .

164 2171 200 2204 33
222 2164 400 2200 Ignorantia
418 2162 495 2201 juris
503 2161 588 2194 dubii
596 2174 637 2193 an
647 2161 685 2194 (ῥ’
703 2161 820 2200 quando
829 2162 949 2203 excuset
959 2185 966 2192 .

164 2216 204 2246 34
224 2206 335 2244 Legem
353 2207 541 2237 Canonicam
552 2206 634 2236 malit
655 2206 827 2244 intelligens
835 2217 891 2236 non
912 2214 1014 2245 peccat
1024 2214 1137 2237 morta-

269 2248 342 2280 liter
352 2271 362 2285 ‚
382 2250 415 2279 ni
413 2249 444 2291 fi
452 2247 512 2289 post
525 2248 716 2279 declaratam
727 2248 788 2286 ejus
800 2248 1010 2288 obscuritatem
1023 2272 1030 2279 .

164 2301 178 2334 3
185 2300 199 2331 5
221 2294 469 2331 Congregationis
479 2294 506 2323 C
507 2292 593 2323 oncili
599 2294 610 2322 i
613 2290 714 2336 stylus
723 2293 757 2323 in
767 2290 866 2324 dubiis
885 2291 1058 2324 decidendis
1068 2314 1078 2329 ‚
1099 2290 1138 2324 ὠ·

268 2336 365 2377 causis
385 2333 585 2376 expediendis
596 2358 603 2366 .

164 2380 203 2417 36
224 2379 422 2416 Congregatio
431 2380 458 2409 C
459 2380 562 2410 oncilii
571 2376 686 2410 inhibet
696 2377 876 2419 officialibus
886 2375 978 2412 Urbis
996 2379 1028 2410 in
1038 2389 1092 2410 cau
1088 2378 1136 2422 fis

270 2421 495 2453 Conciliaribus
503 2444 512 2458 ‚
533 2424 566 2452 in
585 2421 687 2459 quibus
707 2419 797 2455 habet
815 2421 1053 2464 jurisditlionem
1071 2424 1137 2463 pri-

271 2462 383 2494 vative
392 2462 486 2501 quoad
505 2475 605 2495 omnes
615 2488 623 2495 .

164 2515 205 2549 37
224 2509 424 2545 Congregatio
436 2508 466 2538 Ε
468 2508 501 2546 pi
497 2506 650 2546 scaporum
659 2506 696 2541 de
707 2510 748 2539 iis
758 2530 769 2545 ‚
789 2518 846 2546 qua
858 2508 899 2540 ad
910 2510 1136 2548 interpretatio-

269 2560 337 2580 nem
347 2549 480 2581 Concilii
497 2552 647 2589 pertinent
656 2572 666 2585 ,
687 2560 740 2582 aut
751 2551 786 2582 de
796 2552 870 2594 ipfis
889 2554 1134 2591 Congregationis

269 2595 297 2624 C
299 2593 401 2624 oncilii'
412 2592 540 2624 decretis
559 2591 723 2632 cognoscere
732 2605 788 2625 non
796 2593 885 2636 potest
896 2619 903 2627 .

163 2637 203 2677 38
223 2638 249 2668 S
250 2636 331 2678 tylus
340 2638 373 2666 in
382 2646 435 2667 cau
432 2636 478 2678 fis
488 2635 724 2671 Rotalibus,cum
731 2635 822 2669 dubia
833 2647 983 2678 emergunt
992 2637 1035 2669 ad
1044 2641 1136 2669 inter-

272 2681 469 2719 pretationem
482 2681 510 2710 C
511 2680 614 2712 oncilii
623 2681 807 2718 pertinentia
818 2703 828 2717 ‚
839 2681 876 2713 δ’
885 2693 913 2712 n.
919 2680 1040 2721 seqqs'ff
1052 2691 1134 2719 n.72..

165 2731 205 2763 39
225 2723 262 2754 In
284 2722 528 2763 commiffionibus
546 2721 703 2762 causarum
712 2744 721 2758 ,
743 2722 859 2759 quando
868 2726 900 2758 in
913 2722 1137 2765 supplicatione

271 2776 328 2796 non
346 2767 532 2806 exprimitur
549 2765 695 2797 articulus
713 2775 809 2797 certus
819 2765 894 2803 jum
905 2788 914 2801 ‚
937 2766 1051 2804 jubetur
1060 2767 1135 2799 addi

270 2805 424 2848 clausula:
447 2807 633 2839 Dummodo
646 2818 710 2839 non
731 2817 841 2848 agatur
853 2811 890 2841 de
903 2810 1136 2851 interpretatio—

272 2861 311 2882 ne
322 2854 523 2883 decretorum
546 2851 689 2883 concilii
702 2875 709 2881 .

164 2904 207 2933 40
225 2896 254 2926 C
255 2896 346 2925 iimo
355 2897 455 2935 partis
466 2897 498 2925 in
509 2893 716 2927 declaratione
724 2895 798 2934 legis
808 2906 848 2926 an
869 2893 905 2927 O'*
917 2894 1032 2933 quando
1041 2899 1136 2934 requi-

272 2946 360 2969 ratur
371 2961 379 2970 .

166 2989 201 3020 41
226 2982 313 3019 Papa
325 2978 381 3014 dat
391 2981 516 3012 litteras
528 2983 565 3012 in·
565 2980 669 3024 forma
679 2983 793 3013 Brevis
804 3003 813 3018 ,
834 2980 871 3013 Θ
881 2981 1018 3012 Auditor
1028 2984 1136 3013 Came-

272 3033 308 3053 rae
328 3025 490 3055 monitoria
509 3034 560 3065 pro
579 3023 788 3065 observatione
802 3022 1039 3056 declarationum
1057 3028 1135 3056 Con-

269 3068 454 3104 gregationis
462 3070 554 3099 Conci
557 3068 595 3099 lii
605 3090 615 3104 ‚
637 3066 674 3099 &⁶
682 3077 761 3098 num.
773 3075 823 3105 70.

165 3118 204 3148 42
228 3111 376 3141 Lexante
385 3109 615 3150 prohibitionem
634 3122 689 3142 non
701 3111 779 3149 ligat
791 3133 798 3141 .

166 3161 205 3192 43
232 3151 464 3184 Declarattones
485 3155 731 3193 Congregationis
753 3156 779 3184 C
780 3153 883 3185 oncilii
908 3165 964 3185 non
983 3156 1136 3190 requirunt

272 3191 502 3236 publicationem
513 3218 523 3233 ‚
544 3195 581 3229 (θ’
590 3209 641 3229 nn.
653 3196 736 3237 se‘H·

165 3247 208 3278 44
227 3236 408 3271 Declaratio
425 3239 499 3277 legis
507 3242 602 3271 etiam
610 3238 749 3281 obscur-e,
768 3250 805 3271 ac
825 3236 935 3275 dubia,
956 3237 1136 3280 publicatio-

272 3290 339 3313 nem
348 3291 404 3311 non
414 3291 541 3319 requirit
552 3305 560 3314 .

165 3331 205 3364 45
228 3323 411 3356 Declaratio
427 3325 543 3365 triplex
555 3347 565 3362 ‚
585 3329 623 3358 ω’
641 3325 760 3368 proprie
775 3324 818 3368 fit
821 3324 912 3367 super
933 3323 1021 3358 dubio
1032 3348 1042 3363 ,
1060 3324 1134 3358 ibid.

271 3366 350 3406 vers.
375 3368 420 3397 Et
431 3365 508 3406 sane
519 3390 527 3398 .

227 3410 410 3443 Declaratio
427 3410 501 3448 legis
518 3411 654 3443 trahitur
663 3414 758 3449 etiam
776 3411 817 3445 ad
825 3414 978 3455 preterita
989 3433 999 3451 ,
1020 3412 1080 3445 imo
1098 3411 1137 3447 &⁰

230 3452 332 3495 Prosp.
343 3454 482 3494 Pugnan.
492 3454 526 3487 in
540 3455 568 3499 ζ.
581 3452 651 3489 Lib,
660 3456 817 3490 Decretal.

2031 17 2125 58 129

1298 81 1340 114 ad
1348 83 1527 123 pendentia,
1549 79 1588 114 (θ’
1595 87 1674 115 num.
1688 87 1739 122 53.
1750 78 1874 120 &seqffi

1191 129 1232 166 46
1253 127 1433 165 Ignorantia
1451 124 1691 157 declarationum
1710 124 1960 163 Congregationis
1979 123 2114 156 Concilii
2133 135 2176 157 an

1300 167 1338 202 (θ’
1348 167 1466 207 quando
1475 166 1596 209 excuset
1605 191 1615 205 ,
1637 166 1674 201 ὠ·
1685 178 1764 200 num.
1780 176 1828 207 50.

1192 220 1234 252 47
1255 212 1487 253 constitutiones
1507 211 1684 252 Apostolicae
1701 219 1773 243 ante
1791 211 1918 243 illarum
1934 208 2174 251 publicationem

1300 266 1342 287 au
1351 254 1389 287 &¹
1398 253 1514 293 quando
1525 255 1624 294 ligent
1642 258 1813 294 ignorantes
1823 277 1831 287 .

1192 300 1234 339 48
1258 299 1327 331 Lex
1345 296 1505 330 declarata
1525 298 1726 338 intelligenda
1748 307 1816 329 erat
1831 296 1924 336 juxta
1935 296 2174 330 declarationem

1302 339 1441 377 habentis
1451 340 1668 373 authoritatem
1677 352 1744 377 eam
1755 339 1935 373 declarandi
1945 363 1955 377 ,
1975 342 2070 374 etiam
2087 349 2176 373 anto·-

1301 393 1389 422 quam
1401 383 1572 416 declaratio
1591 383 1755 426 emanasset
1765 408 1773 416 .

1192 436 1235 467 49
1257 429 1436 467 Ignorantia
1447 428 1523 467 juris
1529 425 1613 472 dubii
1630 438 1687 459 non
1696 426 1823 468 excusat
1835 450 1845 465 ,
1865 426 1982 466 quando
1995 426 2107 468 consuli
2113 426 2178 470 pos-

1297 469 1371 509 sunt
1392 472 1552 512 peritiores
1560 494 1568 502 .

1195 521 1234 553 50
1254 515 1387 552 Ignoran
1394 515 1441 545 tia
1452 512 1529 551 juvis
1538 525 1578 545 an
1586 512 1624 546 ὥ·
1633 512 1750 551 quando
1761 513 1881 554 excuset
1891 538 1899 546 .

1196 566 1230 596 51
1254 559 1281 588 C
1282 554 1434 597 onstitutio
1452 568 1532 588 nova
1551 559 1646 588 etiam
1665 566 1735 588 ante
1753 554 1984 597 publicationem
2004 557 2085 597 ligat
2096 569 2142 590 eos
2164 580 2174 596 ‚

1303 601 1354 637 qui
1364 599 1451 631 illius
1462 599 1574 633 habent
1584 602 1729 632 notitiam
1740 622 1748 630 .
2171 620 2173 624 -

1195 651 1232 684 52
1254 643 1488 684 Constituti-'ones
1509 643 1641 684 Papales
1658 654 1715 676 non
1727 645 1909 677 continentes
1929 653 2043 687 tempus
2052 667 2063 686 ,
2085 643 2124 678 &⁶
2132 645 2176 679 loe

1303 697 1368 718 cum
1377 708 1388 723 ,
1409 697 1450 718 an
1472 687 1603 718 valeant
1615 710 1621 719 .

1261 731 1298 762 In
1311 729 1566 762 declarationibus
1575 731 1825 769 Congregationis
1845 731 1978 762 Concilii
1996 743 2052 763 non
2061 730 2177 770 conlue-

1302 775 1354 813 vit
1362 775 1475 814 apponi
1486 782 1704 814 tempus‚71eque
1712 772 1845 810 locun&
1855 771 2036 809 cur‚ibid.&
2045 774 2177 815 nn.seqt1.

1196 824 1234 858 53
1257 817 1443 849 Declaratio
1451 818 1527 856 legis
1538 814 1628 852 babet
1647 819 1782 856 vigorem
1791 826 1831 847 ex
1852 824 1981 858 tempore
1991 817 2066 857 legis
2075 818 2178 851 decla«-

1303 869 1376 891 ratae
1387 883 1395 892 .

1196 910 1236 943 54
1256 905 1546 938 Excommunicatus
1563 912 1616 944 per
1627 901 1866 936 declarationem*
1880 902 2017 944 dmpliits
2027 915 2084 937 non
2095 905 2177 944 liga-

1302 956 1368 983 tur,
1389 957 1457 979 cum
1475 945 1513 979 ab
1524 949 1616 978 initio
1626 947 1741 985 ligatus-
1750 958 1807 977 non
1821 944 1920 988 fuerit
1931 970 1939 978 .
2068 944 2069 951 ¹

1196 997 1231 1028 55
1254 991 1390 1024 Canones
1401 992 1533 1022 Concilii
1545 991 1723 1023 Trid.circa
1745 989 1888 1028 dogmata
1901 991 1977 1030 juris
1990 989 2095 1023 divini
2101 990 2177 1031 fient

1303 1031 1525 1067 declarationes
1532 1056 1541 1070 ,
1563 1032 1601 1066 &³
1610 1036 1622 1065 i
1626 1032 1679 1064 deo
1699 1044 1756 1066 non
1765 1035 1915 1073 incipiunt
1926 1033 2058 1073 obligare
2068 1035 2089 1066 a‘
2099 1033 2176 1067 Kal0

1302 1079 1394 1108 Mau·
1411 1087 1421 1108 1
1430 1081 1500 1117 564.
1506 1077 1587 1119 ficut
1595 1077 1662 1108 alia
1674 1077 1792 1108 decreta
1802 1074 2047 1117 reformationem
2057 1088 2176 1110 concer-

1302 1122 1405 1152 nentia
1416 1141 1426 1156 ‚
1439 1118 1494 1159 sed
1504 1120 1525 1151 a'
1537 1118 1648 1151 divina
1668 1118 1854 1159 institutione
1864 1144 1872 1152 .

1196 1165 1233 1202 56
1256 1162 1490 1194 Declarationes
1508 1165 1756 1201 Congregationis
1773 1163 1906 1195 Concilii
1926 1174 1968 1195 an
1984 1173 2112 1196 careant
2131 1164 2178 1196 le-

1299 1207 1348 1244 gis
1369 1204 1557 1240 authoritate
1566 1228 1577 1243 ,
1606 1208 1637 1239 eo
1656 1204 1732 1244 quod
1750 1205 1916 1244 aliquando
1934 1205 2100 1241 videantur
2112 1205 2178 1251 fib»⁴

1303 1258 1459 1281 contraria
1471 1272 1479 1280 .

1196 1300 1236 1331 57
1258 1293 1287 1324 E
1289 1290 1367 1333 pisto
1369 1295 1401 1332 pi
1420 1293 1689 1333 comprovinciales
1699 1314 1709 1329 ,
1738 1303 1790 1324 nec
1807 1291 2004 1333 personaliter
2014 1315 2024 1330 ‚
2053 1305 2105 1326 nec
2123 1302 2177 1334 per

1304 1339 1533 1368 Procuratorem
1561 1345 1698 1367 tenentur
1726 1336 1864 1367 accedere
1886 1335 1928 1367 ad
1948 1338 2056 1368 Metro
2059 1338 2176 1377 polita-

1302 1389 1374 1410 nam
1386 1381 1414 1410 E
1417 1380 1475 1410 cele
1471 1379 1554 1422 stam
1565 1401 1575 1416 ‚
1596 1376 1795 1419 nonobstante
1805 1381 1962 1412 contraria
1971 1379 2178 1420 consuetudine

1305 1426 1398 1453 etiam
1410 1420 1648 1454 immemorabili
1659 1446 1667 1454 .
1959 1458 1964 1462 .

1198 1467 1236 1505 58
1258 1464 1423 1505 Concursus
1431 1477 1487 1497 non
1497 1469 1662 1504 requiritur
1680 1467 1713 1497 in
1721 1465 1903 1499 Parochiali
1920 1464 2177 1507 jurispatronatus

1305 1511 1402 1540 mixti
1421 1509 1566 1541 laicorum
1577 1532 1586 1547 ‚
1608 1509 1645 1542 Ψ
1664 1508 1945 1552 Ecclefiasticorum
1955 1533 1963 1542 .

1198 1561 1236 1592 59
1257 1551 1531 1585 Declarattonibus
1541 1555 1789 1592 Congregationis
1798 1554 1932 1586 Concilii
1941 1555 2085 1596 impreffis
2096 1576 2106 1590 ‚
2126 1553 2178 1586 vel

1304 1596 1520 1637 manuscriptis
1529 1619 1539 1633 ,
1553 1597 1678 1640 figillo,
1700 1595 1738 1629 (ῥ’
1749 1595 1968 1639 subscriptione
1987 1596 2159 1630 carentibus
2167 1619 2178 1635 ἰ

1305 1651 1345 1671 an
1355 1638 1392 1672 05⁹
1402 1650 1458 1677 quae
1474 1638 1555 1682 fides
1561 1642 1609 1683 sit
1620 1638 1794 1672 adhibenda
1805 1664 1815 1676 .,

1197 1686 1237 1715 60
1259 1685 1477 1724 Interpretatio
1495 1685 1571 1722 legis
1589 1684 1749 1725 quotuplex
1763 1684 1800 1718 lit
1808 1708 1816 1716 .

1197 1731 1234 1758 61
1259 1729 1287 1758 C
1288 1736 1437 1766 ongregat1
1442 1729 1507 1757 onis
1517 1728 1650 1759 Concilii
1660 1729 1874 1768 interpretatio
1884 1739 1941 1761 non
1961 1727 2003 1770 est
2011 1729 2177 1770 probabilis

1303 1769 1427 1801 tantiam
1441 1792 1450 1807 ‚
1465 1768 1522 1810 sed
1531 1768 1694 1811 neceffaria
1704 1793 1716 1806 ,
1735 1768 1773 1803 ὠ
1782 1776 1917 1814 num.63.

1197 1817 1237 1845 62
1262 1815 1449 1844 Innocentius
1459 1816 1513 1845 IV.
1526 1816 1624 1846 Pater
1641 1814 1719 1854 juris
1728 1836 1738 1850 ,
1761 1813 1857 1847 &cur
1868 1839 1877 1847 .

1196 1861 1239 1897 64
1248 1855 1484 1898 Jurisditbones
1503 1867 1601 1889 omnes
1614 1856 1689 1897 sunt
1707 1859 1923 1899 principaliter
1940 1858 2026 1901 apud
2053 1862 2176 1894 Princi-

1304 1909 1370 1940 pem
1382 1922 1392 1937 ,
1413 1905 1569 1938 tamquam
1589 1912 1608 1931 a
1611 1901 1672 1941 pud
1676 1899 1793 1943 fontem
1805 1925 1813 1932 .

1196 1946 1234 1983 65
1257 1946 1457 1982 Congregatio
1468 1945 1601 1976 Concilii
1611 1943 1767 1985 respondet
1776 1946 1817 1976 ad
1827 1943 1919 1977 dubia
1941 1946 2017 1983 juris
2028 1969 2039 1983 ,
2057 1959 2093 1978 ea
2103 1948 2179 1980 vero

1304 1997 1360 2024 quae
1367 1985 1483 2028 fat‘lum
1494 1997 1668 2020 concernunt
1681 2010 1689 2024 ‚
1700 1987 1803 2026 rejicit
1814 1987 1858 2020 ad
1869 1987 1983 2026 judices
1994 1989 2176 2023 ordinarios.

1196 2033 1236 2062 66
1258 2031 1424 2063 Declarati
1426 2042 1492 2062 ones
1501 2032 1819 2070 Congregat.Concilii
1826 2054 1837 2068 ‚
1852 2035 1994 2069 quamvis
2003 2036 2133 2065 edantur
2142 2037 2176 2066 in

1303 2074 1404 2111 aliquo
1408 2073 1538 2114 speciali
1548 2074 1618 2115 casu
1629 2096 1638 2110 ‚
1652 2073 1881 2116 tamenfaeiunt
1890 2075 1936 2113 jus
1946 2080 2043 2114 quoad
2052 2074 2154 2109 omnes
2165 2100 2175 2110 .

1196 2120 1237 2156 67
1257 2119 1417 2149 Sententia
1429 2119 1585 2159 Principis
1601 2116 1810 2150 declaratoria
1821 2119 1898 2158 juris
1916 2117 2006 2153 habet
2017 2123 2176 2160 vimgene-

1303 2161 1383 2193 ralis
1400 2158 1511 2200 statuti
1522 2184 1530 2192 .

1194 2206 1235 2237 68
1256 2206 1504 2243 congregationis
1523 2207 1551 2237 C
1552 2206 1656 2241 oncilii
1674 2204 1824 2246 rescripta
1827 2204 1902 2246 sunt
1921 2207 2019 2239 veluti
2036 2207 2175 2249 responsa

1302 2246 1479 2288 prudentum
1490 2271 1498 2278 .

1201 2294 1241 2328 69
1262 2293 1462 2329 congregatio
1476 2293 1503 2323 C
1504 2292 1608 2323 oncit'ii
1618 2292 1765 2335 occasione
1775 2292 1966 2336 vtfitasionis
1984 2295 2141 2327 Liminum
2161 2316 2172 2330 ‚

1303 2332 1340 2366 (θ’
1347 2345 1388 2365 rec
1395 2336 1556 2373 agnitionis
1565 2335 1767 2367 Consiliorum
1779 2337 2022 2369 Provincialium
2033 2360 2042 2373 ,
2052 2336 2173 2377 respon-

1302 2375 1353 2408 det
1364 2380 1458 2409 etiam
1466 2377 1508 2408 ad
1527 2376 1618 2410 dubia
1628 2389 1684 2409 non
1703 2381 1895 2410 Conciliaria
1906 2402 1913 2409 .

1194 2429 1235 2459 70
1256 2423 1334 2453 Rotae
1346 2423 1483 2453 Romanae
1493 2420 1692 2461 testimonium
1710 2420 1746 2452 de
1756 2422 1942 2453 authoritate
1961 2422 2172 2461 resolutionum

1302 2466 1587 2503 S.Congregationis
1595 2465 1728 2497 Concilii
1737 2486 1746 2501 ‚
1768 2463 1806 2496 (ῥ’
1815 2475 1893 2496 num.
1906 2474 1957 2503 71.
1967 2463 2004 2497 &¹
2015 2475 2069 2504 72.Ὶ

1257 2549 1386 2581 Uoniam
1397 2573 1405 2580 .
1425 2549 1624 2582 Constitutio
1635 2549 1740 2581 futura
1752 2550 1874 2591 respicit
1885 2573 1894 2587 ,
1916 2561 1980 2583 non
1993 2552 2149 2593 praeterita
2159 2575 2173 2595 ³.

1175 2555 1249 2631 O
1268 2592 1323 2623 nin
1336 2593 1369 2625 in
1380 2603 1416 2624 ea
1425 2594 1463 2625 de
1474 2593 1637 2633 praeteritis
1650 2603 1810 2625 caveatur.
1821 2594 1892 2625 Hoc
1905 2594 1986 2625 dicit
1999 2595 2171 2631 secundnm

1174 2635 1301 2667 omnes.
1323 2635 1489 2668 Dnviditur
1509 2637 1543 2667 in
1554 2646 1616 2667 tres
1635 2646 1753 2676 partes.
1778 2636 1880 2668 Prima
1899 2638 1989 2678 ponit
2009 2639 2041 2669 in
2053 2648 2169 2679 genere

1173 2679 1401 2711 declarationis
1412 2679 1552 2712 causam.
1574 2680 1718 2711 Secunda
1727 2680 1997 2717 declarationem,
2019 2681 2084 2718 ibi,
2104 2683 2170 2714 De-

1173 2722 1326 2756 claramus
1335 2745 1343 2753 .
1356 2721 1466 2754 Tertia
1477 2723 1701 2754 declarationis
1712 2724 1868 2755 rationem
1879 2743 1889 2760 ‚
1902 2723 1943 2756 ibi
1953 2746 1963 2760 ‚
1979 2726 2055 2756 Cum
2070 2725 2148 2764 leges
2158 2749 2166 2757 .
2180 2731 2194 2752 s

1217 2764 1306 2796 Nota
1326 2765 1428 2805 ptimo
1440 2766 1507 2801 ibi,
1528 2765 1626 2797 Nihil
1645 2764 1729 2797 debet
1739 2765 1908 2806 obscurum,
1930 2768 1982 2799 vel
1998 2766 2168 2807 ambiguum

1174 2811 1341 2844 continere,
1364 2809 1464 2849 legem
1484 2808 1824 2846 seuconstitutionem‚
1847 2810 1991 2851 quamvis
2009 2822 2076 2842 non
2089 2811 2167 2844 fera-

1175 2862 1246 2888 tur,
1257 2851 1314 2882 mfi
1325 2854 1335 2882 Ι
1339 2861 1411 2892 uper
1422 2852 1520 2884 dubio
1530 2874 1541 2889 ,
1559 2851 1735 2890 leg.Labeo,
1754 2851 1824 2893 ffide
1831 2851 2167 2887 Carbaszaedizflaamen

1174 2896 1285 2925 debere
1296 2894 1354 2926 e1se
1365 2897 1482 2928 claram
1494 2917 1503 2932 ‚
1524 2906 1589 2936 cap.
1602 2897 1677 2926 Erit
1696 2904 1796 2926 autem
1806 2896 1860 2927 lex
1871 2907 1902 2936 4.
1920 2895 1989 2937 dist.
2004 2898 2066 2929 ubi:
2088 2901 2168 2930 Ma

1172 2949 1203 2970 m
1202 2936 1281 2979 festa
1292 2947 1397 2976 quoque
1407 2950 1442 2969 ne
1458 2940 1577 2976 aliquid
1583 2948 1636 2978 per
1654 2937 1861 2978 obscuritatem
1872 2942 1905 2971 in
1923 2943 2090 2980 captionem
2101 2953 2166 2973 con-

1173 2984 1290 3016 tineat,
1313 2981 1384 3011 idest
1397 3003 1407 3017 ,
1428 2992 1467 3014 ne
1478 2982 1591 3021 aliquis
1602 2981 1689 3021 ponit
1703 2992 1773 3013 eam
1791 2983 1930 3023 captiosi*
1944 2984 2166 3024 interpretari,

1174 3033 1208 3054 ut
1228 3024 1275 3055 ibi
1293 3023 1426 3063 explicat
1455 3025 1543 3065 gloss'.
1568 3026 1613 3054 vel
1636 3035 1674 3055 ne
1703 3035 1755 3065 per
1773 3026 1936 3058 obscuram
1963 3027 2165 3058 constumia-

1173 3076 1245 3098 nem
1258 3066 1447 3106 inslaqueum
1460 3068 1636 3099 incidamus
1647 3089 1656 3101 ,
1668 3069 1785 3108 cap.De
1799 3067 1899 3101 viduis
1910 3068 2054 3110 27.qu‹est.
2063 3068 2123 3100 1.U
2132 3081 2165 3100 11»

1173 3108 1211 3140 ἀὲ
1224 3109 1303 3140 nihil
1316 3110 1356 3141 est
1370 3112 1431 3140 tam
1451 3111 1608 3150 proprium
1621 3110 1724 3150 legum
1738 3111 1971 3149 sncuecmitas,
1994 3124 2025 3144 uc
2049 3112 2080 3143 in
2095 3114 2164 3143 Au.-

1173 3151 1424 3192 tharatensium.
1445 3152 1565 3194 imperfi
1579 3156 1604 3184 ὃ.
1626 3154 1815 3193 Nosigitur,
1839 3155 1971 3196 ideoque
1984 3155 2128 3186 statutum
2151 3177 2164 3192 ,

1173 3193 1257 3235 quod
1278 3195 1319 3226 cst
1332 3197 1535 3234 ambiguum,
1558 3207 1771 3232 nonmeretur
1792 3199 1824 3230 in
1834 3200 1930 3230 eaufis
1950 3198 2097 3237 alxegarj,
2119 3198 2163 3228 sc-

1174 3237 1313 3269 cundum
1325 3238 1409 3269 Ram.
1421 3235 1470 3269 hic
1481 3249 1560 3272 num.
1576 3249 1622 3279 13.
1638 3242 1670 3272 &
1682 3240 1852 3273 lexhabenc,
1872 3240 1973 3272 varios
1986 3240 2162 3272 intellectus
2185 3254 2202 3274 2

1174 3280 1301 3321 assegari
1314 3282 1480 3312 nondebet
1491 3284 1526 3313 ad
1546 3283 1737 3316 decifionem
1756 3285 1936 3317 causarum,
1959 3284 2052 3321 leg-In
2063 3281 2161 3315 ambi-

1170 3336 1244 3363 guo,
1265 3325 1297 3355 &
1309 3323 1352 3354 ibi
1367 3323 1446 3357 Barr.
1456 3324 1646 3365 num.2.ff.de
1653 3325 1783 3358 reb.dub.
1792 3327 1927 3366 Jason.in
1937 3324 2016 3357 rubr.
2026 3337 2125 3358 num-2
2136 3336 2162 3358 1.

1174 3366 1302 3407 &stiffi
1318 3365 1354 3407 ff.
1373 3369 1410 3397 de
1430 3367 1577 3408 transac't.
1589 3369 1734 3408 Idemque
1756 3370 1787 3399 in
1810 3369 1943 3405 flatum,
1965 3369 2160 3403 &constitn—

1174 3411 1263 3444 tione
1277 3410 1373 3449 tradit
1385 3410 1580 3453 felimfhpra
1591 3424 1624 3446 in
1634 3422 1754 3453 procem.
1764 3422 1877 3485 num.2l‚
1888 3413 1920 3446 ὃς
1931 3411 2088 3445 sententia
2099 3414 2161 3446 lara

2045 3465 2119 3487 con-
