<?xml version="1.0" encoding="UTF-8"?>
<!DOCTYPE html PUBLIC "-//W3C//DTD XHTML 1.0 Transitional//EN"
    "http://www.w3.org/TR/xhtml1/DTD/xhtml1-transitional.dtd">
<html xmlns="http://www.w3.org/1999/xhtml" xml:lang="en" lang="en">
 <head>
  <title>
</title>
<meta http-equiv="Content-Type" content="text/html;charset=utf-8" />
  <meta name='ocr-system' content='tesseract 3.04.00' />
  <meta name='ocr-capabilities' content='ocr_page ocr_carea ocr_par ocr_line ocrx_word'/>
</head>
<body>
  <div class='ocr_page' id='page_1' title='image "./commentariainpri01fagn_0114.png"; bbox 0 0 2397 3664; ppageno 0'>
   <div class='ocr_carea' id='block_1_1' title="bbox 318 27 1924 147">
    <p class='ocr_par' dir='ltr' id='par_1_1' title="bbox 318 20 1924 147">
     <span class='ocr_line' id='line_1_1' title="bbox 318 27 1924 147; baseline -0.003 -16"><span class='ocrx_word' id='word_1_1' title='bbox 318 29 391 147; x_wconf 50' lang='lat'>93</span> <span class='ocrx_word' id='word_1_2' title='bbox 594 70 773 141; x_wconf 89' lang='lat' dir='ltr'>Prosp.</span> <span class='ocrx_word' id='word_1_3' title='bbox 793 68 1028 139; x_wconf 79' lang='lat' dir='ltr'>Fagnan.</span> <span class='ocrx_word' id='word_1_4' title='bbox 1047 66 1104 119; x_wconf 87' lang='lat' dir='ltr'>in</span> <span class='ocrx_word' id='word_1_5' title='bbox 1125 62 1370 125; x_wconf 84' lang='lat' dir='ltr'>Primum</span> <span class='ocrx_word' id='word_1_6' title='bbox 1394 63 1621 124; x_wconf 79' lang='lat' dir='ltr'>Librum</span> <span class='ocrx_word' id='word_1_7' title='bbox 1645 27 1924 126; x_wconf 80' lang='lat' dir='ltr'>Decretal.</span> 
     </span>
    </p>
   </div>
   <div class='ocr_carea' id='block_1_2' title="bbox 505 187 2145 370">
    <p class='ocr_par' dir='ltr' id='par_1_2' title="bbox 505 187 2145 370">
     <span class='ocr_line' id='line_1_2' title="bbox 505 187 2145 263; baseline -0.009 -7"><span class='ocrx_word' id='word_1_8' title='bbox 505 196 645 255; x_wconf 86' lang='lat' dir='ltr'>DE</span> <span class='ocrx_word' id='word_1_9' title='bbox 708 187 1966 250; x_wconf 83' lang='lat' dir='ltr'><strong>CONSTITUT&#39;IONIBUS.&#39;</strong></span> <span class='ocrx_word' id='word_1_10' title='bbox 2102 208 2145 263; x_wconf 46' lang='grc' dir='ltr'>’ζ</span> 
     </span>
     <span class='ocr_line' id='line_1_3' title="bbox 741 296 1918 370; baseline -0.004 -19"><span class='ocrx_word' id='word_1_11' title='bbox 741 299 855 352; x_wconf 73' lang='lat' dir='ltr'>Idem</span> <span class='ocrx_word' id='word_1_12' title='bbox 883 305 1131 350; x_wconf 76' lang='lat' dir='ltr'><em>Innocentius</em></span> <span class='ocrx_word' id='word_1_13' title='bbox 1166 305 1236 350; x_wconf 80' lang='lat'><em>111.</em></span> <span class='ocrx_word' id='word_1_14' title='bbox 1263 296 1500 349; x_wconf 76' lang='lat' dir='ltr'><em>Tridentino</em></span> <span class='ocrx_word' id='word_1_15' title='bbox 1530 299 1741 370; x_wconf 44' lang='lat' dir='ltr'>sspiftopo„</span> <span class='ocrx_word' id='word_1_16' title='bbox 1910 300 1918 310; x_wconf 89' lang='lat'>&#39;</span> 
     </span>
    </p>
   </div>
   <div class='ocr_carea' id='block_1_3' title="bbox 837 402 1640 479">
    <p class='ocr_par' dir='ltr' id='par_1_3' title="bbox 837 402 1640 479">
     <span class='ocr_line' id='line_1_4' title="bbox 837 402 1640 479; baseline -0.007 -18"><span class='ocrx_word' id='word_1_17' title='bbox 837 402 1640 479; x_wconf 27' lang='lat' dir='ltr'>CAPUT‘vu.</span> 
     </span>
    </p>
   </div>
   <div class='ocr_carea' id='block_1_4' title="bbox 324 507 2245 598">
    <p class='ocr_par' dir='ltr' id='par_1_4' title="bbox 324 507 2245 598">
     <span class='ocr_line' id='line_1_5' title="bbox 324 507 2245 598; baseline 0.001 -40"><span class='ocrx_word' id='word_1_18' title='bbox 324 522 395 562; x_wconf 86' lang='lat' dir='ltr'>Uae</span> <span class='ocrx_word' id='word_1_19' title='bbox 403 516 698 557; x_wconf 67' lang='lat' dir='ltr'>itu-:eclesiarum</span> <span class='ocrx_word' id='word_1_20' title='bbox 707 531 717 553; x_wconf 69' lang='grc' dir='ltr'><strong>ε</strong></span> <span class='ocrx_word' id='word_1_21' title='bbox 732 516 772 556; x_wconf 88' lang='lat'>&amp;</span> <span class='ocrx_word' id='word_1_22' title='bbox 780 513 892 556; x_wconf 63' lang='lat' dir='ltr'>insta.</span> <span class='ocrx_word' id='word_1_23' title='bbox 917 514 1014 554; x_wconf 74' lang='lat' dir='ltr'>Sane</span> <span class='ocrx_word' id='word_1_24' title='bbox 1023 515 1192 563; x_wconf 84' lang='lat' dir='ltr'>pervenit</span> <span class='ocrx_word' id='word_1_25' title='bbox 1201 514 1243 552; x_wconf 87' lang='lat' dir='ltr'>ad</span> <span class='ocrx_word' id='word_1_26' title='bbox 1252 513 1476 555; x_wconf 86' lang='lat' dir='ltr'>audientiam</span> <span class='ocrx_word' id='word_1_27' title='bbox 1485 511 1647 551; x_wconf 86' lang='lat' dir='ltr'>nostram</span> <span class='ocrx_word' id='word_1_28' title='bbox 1658 507 1672 554; x_wconf 65' lang='lat'>,&#39;</span> <span class='ocrx_word' id='word_1_29' title='bbox 1692 512 1796 598; x_wconf 60' lang='grc' dir='ltr'>Ἣιὸά</span> <span class='ocrx_word' id='word_1_30' title='bbox 1805 513 1905 555; x_wconf 78' lang='lat' dir='ltr'>cives</span> <span class='ocrx_word' id='word_1_31' title='bbox 1912 515 2101 561; x_wconf 62' lang='lat' dir='ltr'>Tetvilini,</span> <span class='ocrx_word' id='word_1_32' title='bbox 2109 516 2245 558; x_wconf 59' lang='lat' dir='ltr'>consti-¹</span> 
     </span>
     <span class='ocr_line' id='line_1_6' title="bbox 1684 572 1704 598; baseline 0 0"><span class='ocrx_word' id='word_1_33' title='bbox 1684 572 1704 598; x_wconf 87' lang='lat' dir='ltr'>a</span> 
     </span>
    </p>
   </div>
   <div class='ocr_carea' id='block_1_5' title="bbox 338 561 1659 614">
    <p class='ocr_par' dir='ltr' id='par_1_5' title="bbox 338 561 1659 614">
     <span class='ocr_line' id='line_1_7' title="bbox 338 561 1659 614; baseline -0.006 -8"><span class='ocrx_word' id='word_1_34' title='bbox 338 578 507 609; x_wconf 85' lang='lat' dir='ltr'>tucrum,</span> <span class='ocrx_word' id='word_1_35' title='bbox 531 565 606 603; x_wconf 83' lang='lat' dir='ltr'>utfi</span> <span class='ocrx_word' id='word_1_36' title='bbox 622 563 748 614; x_wconf 88' lang='lat' dir='ltr'>quisse</span> <span class='ocrx_word' id='word_1_37' title='bbox 763 564 884 602; x_wconf 87' lang='lat' dir='ltr'>adino</span> <span class='ocrx_word' id='word_1_38' title='bbox 912 564 986 600; x_wconf 77' lang='lat' dir='ltr'>iam</span> <span class='ocrx_word' id='word_1_39' title='bbox 994 574 1147 610; x_wconf 84' lang='lat' dir='ltr'>vergere</span> <span class='ocrx_word' id='word_1_40' title='bbox 1164 561 1402 611; x_wconf 72' lang='lat' dir='ltr'>probabiliter</span> <span class='ocrx_word' id='word_1_41' title='bbox 1427 561 1659 609; x_wconf 83' lang='lat' dir='ltr'>allegaverit,</span> 
     </span>
    </p>
   </div>
   <div class='ocr_carea' id='block_1_6' title="bbox 1731 561 2243 614">
    <p class='ocr_par' dir='ltr' id='par_1_6' title="bbox 1731 561 2243 614">
     <span class='ocr_line' id='line_1_8' title="bbox 1731 561 2243 614; baseline 0.018 -17"><span class='ocrx_word' id='word_1_42' title='bbox 1731 561 1862 599; x_wconf 85' lang='lat' dir='ltr'>enandi</span> <span class='ocrx_word' id='word_1_43' title='bbox 1876 562 2026 603; x_wconf 88' lang='lat' dir='ltr'>feudum</span> <span class='ocrx_word' id='word_1_44' title='bbox 2036 591 2047 608; x_wconf 95' lang='lat'>,</span> <span class='ocrx_word' id='word_1_45' title='bbox 2071 568 2173 614; x_wconf 89' lang='lat' dir='ltr'>quod</span> <span class='ocrx_word' id='word_1_46' title='bbox 2197 569 2243 606; x_wconf 80' lang='lat' dir='ltr'>ab</span> 
     </span>
    </p>
   </div>
   <div class='ocr_carea' id='block_1_7' title="bbox 224 608 2244 763">
    <p class='ocr_par' dir='ltr' id='par_1_7' title="bbox 224 608 2244 763">
     <span class='ocr_line' id='line_1_9' title="bbox 225 608 2244 657; baseline -0.001 -2"><span class='ocrx_word' id='word_1_47' title='bbox 225 615 405 657; x_wconf 73' lang='lat' dir='ltr'>Ecclefia,</span> <span class='ocrx_word' id='word_1_48' title='bbox 431 615 489 654; x_wconf 89' lang='lat' dir='ltr'>vel</span> <span class='ocrx_word' id='word_1_49' title='bbox 499 615 704 654; x_wconf 84' lang='lat' dir='ltr'>aliistenet‚</span> <span class='ocrx_word' id='word_1_50' title='bbox 726 613 882 650; x_wconf 82' lang='lat' dir='ltr'>liberam</span> <span class='ocrx_word' id='word_1_51' title='bbox 919 611 1022 648; x_wconf 87' lang='lat' dir='ltr'>abeat</span> <span class='ocrx_word' id='word_1_52' title='bbox 1043 610 1256 649; x_wconf 78' lang='lat' dir='ltr'>facultatem</span> <span class='ocrx_word' id='word_1_53' title='bbox 1278 608 1459 648; x_wconf 69' lang='lat' dir='ltr'>:&amp;insrsl.</span> <span class='ocrx_word' id='word_1_54' title='bbox 1485 609 1787 657; x_wconf 80' lang='lat' dir='ltr'>Volentesigitur</span> <span class='ocrx_word' id='word_1_55' title='bbox 1803 610 2046 651; x_wconf 81' lang='lat' dir='ltr'>Ecclesiamm</span> <span class='ocrx_word' id='word_1_56' title='bbox 2062 615 2244 653; x_wconf 84' lang='lat' dir='ltr'>indemni-</span> 
     </span>
     <span class='ocr_line' id='line_1_10' title="bbox 224 656 2243 705; baseline -0 -3"><span class='ocrx_word' id='word_1_57' title='bbox 224 667 292 705; x_wconf 82' lang='lat' dir='ltr'>tati</span> <span class='ocrx_word' id='word_1_58' title='bbox 311 663 520 704; x_wconf 81' lang='lat' dir='ltr'>consulere,</span> <span class='ocrx_word' id='word_1_59' title='bbox 547 661 857 701; x_wconf 84' lang='lat' dir='ltr'>constitutionem</span> <span class='ocrx_word' id='word_1_60' title='bbox 876 658 1103 703; x_wconf 78' lang='lat' dir='ltr'>hujusmodi,</span> <span class='ocrx_word' id='word_1_61' title='bbox 1128 659 1167 696; x_wconf 71' lang='grc' dir='ltr'>δε</span> <span class='ocrx_word' id='word_1_62' title='bbox 1182 658 1417 695; x_wconf 84' lang='lat' dir='ltr'>venditiones</span> <span class='ocrx_word' id='word_1_63' title='bbox 1425 656 1623 694; x_wconf 84' lang='lat' dir='ltr'>feudorum</span> <span class='ocrx_word' id='word_1_64' title='bbox 1640 656 2094 701; x_wconf 74' lang='lat' dir='ltr'>Ecclefiasticormnfactas</span> <span class='ocrx_word' id='word_1_65' title='bbox 2109 661 2185 701; x_wconf 86' lang='lat' dir='ltr'>fine</span> <span class='ocrx_word' id='word_1_66' title='bbox 2196 664 2243 702; x_wconf 86' lang='lat' dir='ltr'>le—</span> 
     </span>
     <span class='ocr_line' id='line_1_11' title="bbox 224 704 1767 763; baseline -0.005 -11"><span class='ocrx_word' id='word_1_67' title='bbox 224 713 361 763; x_wconf 77' lang='lat' dir='ltr'>gitimo</span> <span class='ocrx_word' id='word_1_68' title='bbox 369 710 702 756; x_wconf 74' lang='lat' dir='ltr'>Ecdefiafflearum</span> <span class='ocrx_word' id='word_1_69' title='bbox 710 706 949 762; x_wconf 79' lang='lat' dir='ltr'>personatum</span> <span class='ocrx_word' id='word_1_70' title='bbox 959 705 1115 749; x_wconf 63' lang='lat' dir='ltr'>mensu,</span> <span class='ocrx_word' id='word_1_71' title='bbox 1138 707 1233 746; x_wconf 82' lang='lat' dir='ltr'>vires</span> <span class='ocrx_word' id='word_1_72' title='bbox 1241 706 1478 746; x_wconf 84' lang='lat' dir='ltr'>decemimus</span> <span class='ocrx_word' id='word_1_73' title='bbox 1493 716 1576 746; x_wconf 82' lang='lat' dir='ltr'>non</span> <span class='ocrx_word' id='word_1_74' title='bbox 1587 704 1741 745; x_wconf 83' lang='lat' dir='ltr'>habete.</span> <span class='ocrx_word' id='word_1_75' title='bbox 1753 746 1767 763; x_wconf 56' lang='lat'><strong>·</strong></span> 
     </span>
    </p>
   </div>
   <div class='ocr_carea' id='block_1_8' title="bbox 271 801 1215 971">
    <p class='ocr_par' dir='ltr' id='par_1_8' title="bbox 271 801 1215 971">
     <span class='ocr_line' id='line_1_12' title="bbox 480 801 1020 838; baseline -0.015 0"><span class='ocrx_word' id='word_1_76' title='bbox 480 807 505 838; x_wconf 88' lang='lat' dir='ltr'><em>S</em></span> <span class='ocrx_word' id='word_1_77' title='bbox 525 804 560 838; x_wconf 90' lang='lat' dir='ltr'><em>U</em></span> <span class='ocrx_word' id='word_1_78' title='bbox 576 806 628 838; x_wconf 92' lang='lat' dir='ltr'><em>M</em></span> <span class='ocrx_word' id='word_1_79' title='bbox 642 805 694 837; x_wconf 94' lang='lat' dir='ltr'><em>M</em></span> <span class='ocrx_word' id='word_1_80' title='bbox 708 804 745 838; x_wconf 83' lang='lat' dir='ltr'><em>A</em></span> <span class='ocrx_word' id='word_1_81' title='bbox 766 804 795 835; x_wconf 86' lang='lat' dir='ltr'><em>R</em></span> <span class='ocrx_word' id='word_1_82' title='bbox 814 803 835 834; x_wconf 91' lang='lat' dir='ltr'>I</span> <span class='ocrx_word' id='word_1_83' title='bbox 849 801 883 835; x_wconf 94' lang='lat' dir='ltr'><strong><em>U</em></strong></span> <span class='ocrx_word' id='word_1_84' title='bbox 897 803 960 836; x_wconf 87' lang='lat' dir='ltr'>M.</span> <span class='ocrx_word' id='word_1_85' title='bbox 1018 821 1020 823; x_wconf 64' lang='grc'><em>»</em></span> 
     </span>
     <span class='ocr_line' id='line_1_13' title="bbox 271 884 1215 971; baseline -0.011 -43"><span class='ocrx_word' id='word_1_86' title='bbox 271 904 286 928; x_wconf 89' lang='lat'>1</span> <span class='ocrx_word' id='word_1_87' title='bbox 309 890 558 971; x_wconf 67' lang='lat' dir='ltr'>CQnstitutio</span> <span class='ocrx_word' id='word_1_88' title='bbox 562 889 651 935; x_wconf 64' lang='lat' dir='ltr'>falla</span> <span class='ocrx_word' id='word_1_89' title='bbox 654 889 746 940; x_wconf 75' lang='lat' dir='ltr'>super</span> <span class='ocrx_word' id='word_1_90' title='bbox 757 886 841 936; x_wconf 68' lang='lat' dir='ltr'>rebus</span> <span class='ocrx_word' id='word_1_91' title='bbox 850 899 908 920; x_wconf 88' lang='lat' dir='ltr'>non</span> <span class='ocrx_word' id='word_1_92' title='bbox 919 887 1081 930; x_wconf 78' lang='lat' dir='ltr'>supposttis</span> <span class='ocrx_word' id='word_1_93' title='bbox 1088 884 1215 927; x_wconf 71' lang='lat' dir='ltr'>iurisdi-</span> 
     </span>
    </p>
   </div>
   <div class='ocr_carea' id='block_1_9' title="bbox 179 930 1216 2223">
    <p class='ocr_par' dir='ltr' id='par_1_9' title="bbox 179 930 1216 2223">
     <span class='ocr_line' id='line_1_14' title="bbox 402 930 1023 976; baseline -0.01 -9"><span class='ocrx_word' id='word_1_94' title='bbox 402 936 495 970; x_wconf 73' lang='lat' dir='ltr'>ttioni</span> <span class='ocrx_word' id='word_1_95' title='bbox 502 933 668 976; x_wconf 79' lang='lat' dir='ltr'>statuentis</span> <span class='ocrx_word' id='word_1_96' title='bbox 677 954 686 969; x_wconf 91' lang='lat'>,</span> <span class='ocrx_word' id='word_1_97' title='bbox 707 932 768 973; x_wconf 71' lang='lat' dir='ltr'>ipso</span> <span class='ocrx_word' id='word_1_98' title='bbox 776 940 841 970; x_wconf 71' lang='lat' dir='ltr'>jure</span> <span class='ocrx_word' id='word_1_99' title='bbox 850 942 908 962; x_wconf 89' lang='lat' dir='ltr'>non</span> <span class='ocrx_word' id='word_1_100' title='bbox 917 930 1006 962; x_wconf 83' lang='lat' dir='ltr'>valet</span> <span class='ocrx_word' id='word_1_101' title='bbox 1016 952 1023 960; x_wconf 93' lang='lat'><strong><em>.</em></strong></span> 
     </span>
     <span class='ocr_line' id='line_1_15' title="bbox 266 970 1216 1020; baseline -0.012 -7"><span class='ocrx_word' id='word_1_102' title='bbox 266 992 285 1012; x_wconf 81' lang='lat'>2</span> <span class='ocrx_word' id='word_1_103' title='bbox 307 977 491 1020; x_wconf 67' lang='lat' dir='ltr'>Constitutus</span> <span class='ocrx_word' id='word_1_104' title='bbox 509 979 670 1009; x_wconf 90' lang='lat' dir='ltr'>Laicorum</span> <span class='ocrx_word' id='word_1_105' title='bbox 679 971 845 1016; x_wconf 58' lang='lat' dir='ltr'>non-potest</span> <span class='ocrx_word' id='word_1_106' title='bbox 854 970 985 1009; x_wconf 78' lang='lat' dir='ltr'>tribuere</span> <span class='ocrx_word' id='word_1_107' title='bbox 1002 970 1216 1014; x_wconf 70' lang='lat' dir='ltr'>vaffizllopote-</span> 
     </span>
     <span class='ocr_line' id='line_1_16' title="bbox 346 1015 1151 1063; baseline -0.011 -8"><span class='ocrx_word' id='word_1_108' title='bbox 346 1021 460 1063; x_wconf 79' lang='lat' dir='ltr'>statem</span> <span class='ocrx_word' id='word_1_109' title='bbox 469 1017 627 1052; x_wconf 83' lang='lat' dir='ltr'>alienandi</span> <span class='ocrx_word' id='word_1_110' title='bbox 640 1016 766 1061; x_wconf 81' lang='lat' dir='ltr'>feudum</span> <span class='ocrx_word' id='word_1_111' title='bbox 774 1015 851 1055; x_wconf 78' lang='lat' dir='ltr'>quod</span> <span class='ocrx_word' id='word_1_112' title='bbox 858 1026 941 1048; x_wconf 81' lang='lat' dir='ltr'>tenet</span> <span class='ocrx_word' id='word_1_113' title='bbox 948 1015 985 1047; x_wconf 86' lang='lat' dir='ltr'>ab</span> <span class='ocrx_word' id='word_1_114' title='bbox 996 1016 1135 1059; x_wconf 80' lang='lat' dir='ltr'>Ecclesia</span> <span class='ocrx_word' id='word_1_115' title='bbox 1143 1038 1151 1046; x_wconf 88' lang='lat'><strong>.</strong></span> 
     </span>
     <span class='ocr_line' id='line_1_17' title="bbox 268 1057 1215 1108; baseline -0.01 -10"><span class='ocrx_word' id='word_1_116' title='bbox 268 1076 285 1108; x_wconf 84' lang='lat'><em>3</em></span> <span class='ocrx_word' id='word_1_117' title='bbox 304 1068 402 1104; x_wconf 63' lang='lat' dir='ltr'>Cives</span> <span class='ocrx_word' id='word_1_118' title='bbox 414 1062 522 1098; x_wconf 87' lang='lat' dir='ltr'>habent</span> <span class='ocrx_word' id='word_1_119' title='bbox 532 1061 718 1106; x_wconf 78' lang='lat' dir='ltr'>facultatem</span> <span class='ocrx_word' id='word_1_120' title='bbox 727 1058 873 1094; x_wconf 83' lang='lat' dir='ltr'>condendi</span> <span class='ocrx_word' id='word_1_121' title='bbox 882 1057 1002 1101; x_wconf 86' lang='lat' dir='ltr'>statuta</span> <span class='ocrx_word' id='word_1_122' title='bbox 1010 1061 1043 1091; x_wconf 85' lang='lat' dir='ltr'>in</span> <span class='ocrx_word' id='word_1_123' title='bbox 1050 1059 1117 1101; x_wconf 81' lang='lat' dir='ltr'>suis</span> <span class='ocrx_word' id='word_1_124' title='bbox 1133 1061 1215 1094; x_wconf 78' lang='lat' dir='ltr'>civi-</span> 
     </span>
     <span class='ocr_line' id='line_1_18' title="bbox 355 1105 491 1140; baseline -0.022 -1"><span class='ocrx_word' id='word_1_125' title='bbox 355 1105 470 1140; x_wconf 69' lang='lat' dir='ltr'>tatibus</span> <span class='ocrx_word' id='word_1_126' title='bbox 483 1128 491 1136; x_wconf 85' lang='lat'><strong>.</strong></span> 
     </span>
     <span class='ocr_line' id='line_1_19' title="bbox 308 1148 872 1187; baseline -0.012 -3"><span class='ocrx_word' id='word_1_127' title='bbox 308 1153 419 1184; x_wconf 80' lang='lat' dir='ltr'>Etiam</span> <span class='ocrx_word' id='word_1_128' title='bbox 427 1158 534 1182; x_wconf 82' lang='lat' dir='ltr'>contra</span> <span class='ocrx_word' id='word_1_129' title='bbox 549 1148 595 1187; x_wconf 72' lang='lat' dir='ltr'>jus</span> <span class='ocrx_word' id='word_1_130' title='bbox 605 1157 759 1180; x_wconf 79' lang='lat' dir='ltr'>commune</span> <span class='ocrx_word' id='word_1_131' title='bbox 768 1167 779 1182; x_wconf 88' lang='lat'>‚</span> <span class='ocrx_word' id='word_1_132' title='bbox 800 1158 829 1178; x_wconf 89' lang='lat' dir='ltr'>n.</span> <span class='ocrx_word' id='word_1_133' title='bbox 846 1153 872 1185; x_wconf 80' lang='grc' dir='ltr'>ς.</span> 
     </span>
     <span class='ocr_line' id='line_1_20' title="bbox 264 1186 1214 1237; baseline -0.007 -10"><span class='ocrx_word' id='word_1_134' title='bbox 264 1206 286 1237; x_wconf 83' lang='lat' dir='ltr'>q.</span> <span class='ocrx_word' id='word_1_135' title='bbox 306 1193 395 1228; x_wconf 71' lang='lat' dir='ltr'>Diem</span> <span class='ocrx_word' id='word_1_136' title='bbox 404 1190 576 1237; x_wconf 76' lang='lat' dir='ltr'>tamenfint</span> <span class='ocrx_word' id='word_1_137' title='bbox 586 1192 675 1224; x_wconf 85' lang='lat' dir='ltr'>licita</span> <span class='ocrx_word' id='word_1_138' title='bbox 684 1212 693 1225; x_wconf 88' lang='lat'><strong>‚</strong></span> <span class='ocrx_word' id='word_1_139' title='bbox 716 1189 754 1224; x_wconf 66' lang='grc' dir='ltr'>ά·</span> <span class='ocrx_word' id='word_1_140' title='bbox 762 1189 799 1222; x_wconf 91' lang='lat' dir='ltr'>de</span> <span class='ocrx_word' id='word_1_141' title='bbox 807 1188 892 1222; x_wconf 88' lang='lat' dir='ltr'>rebus</span> <span class='ocrx_word' id='word_1_142' title='bbox 901 1194 1000 1226; x_wconf 71' lang='lat' dir='ltr'>eorum</span> <span class='ocrx_word' id='word_1_143' title='bbox 1010 1186 1214 1228; x_wconf 65' lang='lat' dir='ltr'>jurisdit‘lioni</span> 
     </span>
     <span class='ocr_line' id='line_1_21' title="bbox 367 1240 724 1270; baseline -0.02 0"><span class='ocrx_word' id='word_1_144' title='bbox 367 1250 383 1270; x_wconf 89' lang='lat' dir='ltr'>u</span> <span class='ocrx_word' id='word_1_145' title='bbox 423 1248 438 1267; x_wconf 86' lang='lat' dir='ltr'>o</span> <span class='ocrx_word' id='word_1_146' title='bbox 453 1246 509 1270; x_wconf 78' lang='lat' dir='ltr'>ttts</span> <span class='ocrx_word' id='word_1_147' title='bbox 516 1257 524 1265; x_wconf 87' lang='lat'><strong>.</strong></span> <span class='ocrx_word' id='word_1_148' title='bbox 715 1240 724 1251; x_wconf 91' lang='lat'><strong>·</strong></span> 
     </span>
     <span class='ocr_line' id='line_1_22' title="bbox 259 1237 1213 1327; baseline -0.009 -11"><span class='ocrx_word' id='word_1_149' title='bbox 259 1284 282 1315; x_wconf 83' lang='grc'><strong><em>6</em></strong></span> <span class='ocrx_word' id='word_1_150' title='bbox 303 1283 330 1316; x_wconf 86' lang='lat' dir='ltr'><em>S</em></span> <span class='ocrx_word' id='word_1_151' title='bbox 330 1237 472 1315; x_wconf 44' lang='lat' dir='ltr'>Aegeasa&#39;</span> <span class='ocrx_word' id='word_1_152' title='bbox 479 1280 573 1312; x_wconf 90' lang='lat' dir='ltr'>Clero</span> <span class='ocrx_word' id='word_1_153' title='bbox 589 1278 682 1310; x_wconf 83' lang='lat' dir='ltr'>et&#39;iam</span> <span class='ocrx_word' id='word_1_154' title='bbox 697 1287 762 1310; x_wconf 85' lang='lat' dir='ltr'>cum</span> <span class='ocrx_word' id='word_1_155' title='bbox 777 1275 922 1327; x_wconf 79' lang='lat' dir='ltr'>Episcopo</span> <span class='ocrx_word' id='word_1_156' title='bbox 929 1273 1006 1317; x_wconf 83' lang='lat' dir='ltr'>fieri</span> <span class='ocrx_word' id='word_1_157' title='bbox 1021 1285 1080 1306; x_wconf 92' lang='lat' dir='ltr'>non</span> <span class='ocrx_word' id='word_1_158' title='bbox 1101 1273 1213 1317; x_wconf 74' lang='lat' dir='ltr'>possunt</span> 
     </span>
     <span class='ocr_line' id='line_1_23' title="bbox 350 1315 1214 1364; baseline -0.008 -8"><span class='ocrx_word' id='word_1_159' title='bbox 350 1333 458 1358; x_wconf 86' lang='lat' dir='ltr'>contra</span> <span class='ocrx_word' id='word_1_160' title='bbox 472 1325 500 1356; x_wconf 90' lang='lat' dir='ltr'><strong><em>C</em></strong></span> <span class='ocrx_word' id='word_1_161' title='bbox 501 1332 612 1354; x_wconf 74' lang='lat' dir='ltr'>anone:</span> <span class='ocrx_word' id='word_1_162' title='bbox 620 1341 631 1357; x_wconf 66' lang='lat' dir='ltr'>a</span> <span class='ocrx_word' id='word_1_163' title='bbox 639 1319 703 1362; x_wconf 75' lang='lat' dir='ltr'>&#39;sed</span> <span class='ocrx_word' id='word_1_164' title='bbox 718 1317 789 1355; x_wconf 76' lang='lat' dir='ltr'>bene</span> <span class='ocrx_word' id='word_1_165' title='bbox 796 1331 816 1352; x_wconf 83' lang='lat' dir='ltr'>a</span> <span class='ocrx_word' id='word_1_166' title='bbox 831 1318 936 1364; x_wconf 77' lang='lat' dir='ltr'>populo</span> <span class='ocrx_word' id='word_1_167' title='bbox 952 1326 1059 1353; x_wconf 86' lang='lat' dir='ltr'>contra</span> <span class='ocrx_word' id='word_1_168' title='bbox 1073 1315 1120 1357; x_wconf 78' lang='lat' dir='ltr'>jus</span> <span class='ocrx_word' id='word_1_169' title='bbox 1136 1328 1214 1352; x_wconf 73' lang='lat' dir='ltr'>com·</span> 
     </span>
     <span class='ocr_line' id='line_1_24' title="bbox 351 1378 462 1400; baseline -0.027 0"><span class='ocrx_word' id='word_1_170' title='bbox 351 1378 439 1400; x_wconf 88' lang='lat' dir='ltr'>mune</span> <span class='ocrx_word' id='word_1_171' title='bbox 453 1388 462 1397; x_wconf 88' lang='lat'><strong>.</strong></span> 
     </span>
     <span class='ocr_line' id='line_1_25' title="bbox 263 1405 914 1454; baseline -0.011 -10"><span class='ocrx_word' id='word_1_172' title='bbox 263 1419 286 1452; x_wconf 89' lang='grc'>7</span> <span class='ocrx_word' id='word_1_173' title='bbox 308 1412 355 1444; x_wconf 83' lang='lat' dir='ltr'>Et</span> <span class='ocrx_word' id='word_1_174' title='bbox 364 1420 421 1449; x_wconf 77' lang='lat' dir='ltr'>quae</span> <span class='ocrx_word' id='word_1_175' title='bbox 432 1409 480 1454; x_wconf 85' lang='lat' dir='ltr'>stt</span> <span class='ocrx_word' id='word_1_176' title='bbox 488 1405 570 1442; x_wconf 79' lang='lat' dir='ltr'>ratio</span> <span class='ocrx_word' id='word_1_177' title='bbox 577 1406 754 1452; x_wconf 66' lang='lat' dir='ltr'>differentiae</span> <span class='ocrx_word' id='word_1_178' title='bbox 761 1429 768 1438; x_wconf 90' lang='lat'><strong>.</strong></span> <span class='ocrx_word' id='word_1_179' title='bbox 911 1445 914 1450; x_wconf 34' lang='grc' dir='ltr'>Ι</span> 
     </span>
     <span class='ocr_line' id='line_1_26' title="bbox 260 1446 1168 1494; baseline -0.009 -8"><span class='ocrx_word' id='word_1_180' title='bbox 260 1457 284 1490; x_wconf 81' lang='lat'><em>8</em></span> <span class='ocrx_word' id='word_1_181' title='bbox 306 1456 478 1494; x_wconf 74' lang='lat' dir='ltr'>Paupertas</span> <span class='ocrx_word' id='word_1_182' title='bbox 487 1464 545 1484; x_wconf 85' lang='lat' dir='ltr'>non</span> <span class='ocrx_word' id='word_1_183' title='bbox 553 1449 595 1493; x_wconf 88' lang='lat' dir='ltr'>est</span> <span class='ocrx_word' id='word_1_184' title='bbox 611 1449 689 1493; x_wconf 81' lang='lat' dir='ltr'>justa</span> <span class='ocrx_word' id='word_1_185' title='bbox 695 1450 782 1492; x_wconf 87' lang='lat' dir='ltr'>causa</span> <span class='ocrx_word' id='word_1_186' title='bbox 792 1448 952 1494; x_wconf 82' lang='lat' dir='ltr'>auferendi</span> <span class='ocrx_word' id='word_1_187' title='bbox 967 1446 1042 1482; x_wconf 85' lang='lat' dir='ltr'>bona</span> <span class='ocrx_word' id='word_1_188' title='bbox 1051 1448 1153 1480; x_wconf 84' lang='lat' dir='ltr'>aliena</span> <span class='ocrx_word' id='word_1_189' title='bbox 1161 1470 1168 1477; x_wconf 96' lang='lat'>.</span> 
     </span>
     <span class='ocr_line' id='line_1_27' title="bbox 262 1489 1213 1540; baseline -0.009 -10"><span class='ocrx_word' id='word_1_190' title='bbox 262 1507 285 1536; x_wconf 79' lang='lat'><strong><em>9</em></strong></span> <span class='ocrx_word' id='word_1_191' title='bbox 308 1494 541 1540; x_wconf 71' lang='lat' dir='ltr'>Eleemosynam</span> <span class='ocrx_word' id='word_1_192' title='bbox 549 1504 611 1526; x_wconf 87' lang='lat' dir='ltr'>tem</span> <span class='ocrx_word' id='word_1_193' title='bbox 633 1505 682 1525; x_wconf 85' lang='lat' dir='ltr'>ore</span> <span class='ocrx_word' id='word_1_194' title='bbox 689 1492 827 1535; x_wconf 86' lang='lat' dir='ltr'>egestatis</span> <span class='ocrx_word' id='word_1_195' title='bbox 832 1490 925 1533; x_wconf 85' lang='lat' dir='ltr'>potest</span> <span class='ocrx_word' id='word_1_196' title='bbox 925 1491 1032 1535; x_wconf 85' lang='lat' dir='ltr'>facere</span> <span class='ocrx_word' id='word_1_197' title='bbox 1040 1489 1213 1523; x_wconf 78' lang='lat' dir='ltr'>Monachus</span> 
     </span>
     <span class='ocr_line' id='line_1_28' title="bbox 352 1534 1169 1585; baseline -0.011 -13"><span class='ocrx_word' id='word_1_198' title='bbox 352 1539 389 1572; x_wconf 87' lang='lat' dir='ltr'>de</span> <span class='ocrx_word' id='word_1_199' title='bbox 397 1538 483 1572; x_wconf 78' lang='lat' dir='ltr'>bonis</span> <span class='ocrx_word' id='word_1_200' title='bbox 492 1541 596 1573; x_wconf 87' lang='lat' dir='ltr'>Mona</span> <span class='ocrx_word' id='word_1_201' title='bbox 625 1539 683 1570; x_wconf 83' lang='lat' dir='ltr'>erii</span> <span class='ocrx_word' id='word_1_202' title='bbox 692 1558 702 1572; x_wconf 88' lang='lat'>‚</span> <span class='ocrx_word' id='word_1_203' title='bbox 712 1539 806 1570; x_wconf 79' lang='lat' dir='ltr'>etiam</span> <span class='ocrx_word' id='word_1_204' title='bbox 804 1536 842 1585; x_wconf 72' lang='lat' dir='ltr'><em>fi</em></span> <span class='ocrx_word' id='word_1_205' title='bbox 843 1546 879 1566; x_wconf 85' lang='lat' dir='ltr'>ne</span> <span class='ocrx_word' id='word_1_206' title='bbox 888 1536 1014 1566; x_wconf 78' lang='lat' dir='ltr'>licentia</span> <span class='ocrx_word' id='word_1_207' title='bbox 1024 1534 1151 1566; x_wconf 81' lang='lat' dir='ltr'>Praelati</span> <span class='ocrx_word' id='word_1_208' title='bbox 1162 1556 1169 1563; x_wconf 94' lang='lat'>.</span> 
     </span>
     <span class='ocr_line' id='line_1_29' title="bbox 236 1578 937 1624; baseline -0.01 -8"><span class='ocrx_word' id='word_1_209' title='bbox 236 1587 285 1619; x_wconf 66' lang='grc' dir='ltr'>ἰο</span> <span class='ocrx_word' id='word_1_210' title='bbox 306 1585 346 1616; x_wconf 84' lang='lat' dir='ltr'>Si</span> <span class='ocrx_word' id='word_1_211' title='bbox 354 1582 557 1624; x_wconf 84' lang='lat' dir='ltr'>neceffltasstt</span> <span class='ocrx_word' id='word_1_212' title='bbox 565 1590 707 1613; x_wconf 85' lang='lat' dir='ltr'>extrema</span> <span class='ocrx_word' id='word_1_213' title='bbox 716 1600 726 1614; x_wconf 85' lang='lat'>,</span> <span class='ocrx_word' id='word_1_214' title='bbox 746 1579 829 1611; x_wconf 74' lang='lat' dir='ltr'>alias</span> <span class='ocrx_word' id='word_1_215' title='bbox 834 1578 921 1620; x_wconf 84' lang='lat' dir='ltr'>secus</span> <span class='ocrx_word' id='word_1_216' title='bbox 930 1599 937 1609; x_wconf 79' lang='grc'><em>.</em></span> 
     </span>
     <span class='ocr_line' id='line_1_30' title="bbox 241 1620 1212 1671; baseline -0.008 -11"><span class='ocrx_word' id='word_1_217' title='bbox 241 1635 259 1662; x_wconf 74' lang='lat'>1</span> <span class='ocrx_word' id='word_1_218' title='bbox 267 1635 281 1661; x_wconf 86' lang='lat'>1</span> <span class='ocrx_word' id='word_1_219' title='bbox 304 1628 438 1671; x_wconf 82' lang='lat' dir='ltr'>Pauperi</span> <span class='ocrx_word' id='word_1_220' title='bbox 439 1622 682 1665; x_wconf 71' lang='lat' dir='ltr'>fisbveniendum</span> <span class='ocrx_word' id='word_1_221' title='bbox 690 1620 732 1664; x_wconf 86' lang='lat' dir='ltr'>est</span> <span class='ocrx_word' id='word_1_222' title='bbox 738 1620 776 1655; x_wconf 85' lang='lat' dir='ltr'>de</span> <span class='ocrx_word' id='word_1_223' title='bbox 782 1622 915 1661; x_wconf 83' lang='lat' dir='ltr'>proprio,</span> <span class='ocrx_word' id='word_1_224' title='bbox 923 1631 982 1652; x_wconf 85' lang='lat' dir='ltr'>non</span> <span class='ocrx_word' id='word_1_225' title='bbox 990 1620 1027 1652; x_wconf 87' lang='lat' dir='ltr'>de</span> <span class='ocrx_word' id='word_1_226' title='bbox 1033 1620 1212 1664; x_wconf 68' lang='lat' dir='ltr'>alienofive</span> 
     </span>
     <span class='ocr_line' id='line_1_31' title="bbox 343 1663 1148 1710; baseline -0.009 -9"><span class='ocrx_word' id='word_1_227' title='bbox 343 1669 402 1710; x_wconf 90' lang='lat' dir='ltr'>sua</span> <span class='ocrx_word' id='word_1_228' title='bbox 409 1668 495 1710; x_wconf 87' lang='lat' dir='ltr'>culpa</span> <span class='ocrx_word' id='word_1_229' title='bbox 506 1669 540 1698; x_wconf 87' lang='lat' dir='ltr'>in</span> <span class='ocrx_word' id='word_1_230' title='bbox 549 1664 706 1707; x_wconf 88' lang='lat' dir='ltr'>egestatem</span> <span class='ocrx_word' id='word_1_231' title='bbox 717 1663 864 1697; x_wconf 82' lang='lat' dir='ltr'>inciderit</span> <span class='ocrx_word' id='word_1_232' title='bbox 873 1664 957 1706; x_wconf 84' lang='lat' dir='ltr'>,five</span> <span class='ocrx_word' id='word_1_233' title='bbox 963 1674 1022 1695; x_wconf 87' lang='lat' dir='ltr'>non</span> <span class='ocrx_word' id='word_1_234' title='bbox 1031 1684 1040 1698; x_wconf 88' lang='lat'>,</span> <span class='ocrx_word' id='word_1_235' title='bbox 1048 1663 1148 1704; x_wconf 76' lang='lat' dir='ltr'>n.seq.</span> 
     </span>
     <span class='ocr_line' id='line_1_32' title="bbox 235 1704 1124 1754; baseline -0.01 -9"><span class='ocrx_word' id='word_1_236' title='bbox 235 1714 258 1749; x_wconf 60' lang='grc' dir='ltr'>ζ</span> <span class='ocrx_word' id='word_1_237' title='bbox 264 1724 281 1744; x_wconf 86' lang='lat'>2</span> <span class='ocrx_word' id='word_1_238' title='bbox 303 1714 334 1744; x_wconf 78' lang='lat' dir='ltr'><em>E</em></span> <span class='ocrx_word' id='word_1_239' title='bbox 336 1711 454 1754; x_wconf 80' lang='lat' dir='ltr'>leemas</span> <span class='ocrx_word' id='word_1_240' title='bbox 445 1721 507 1754; x_wconf 76' lang='lat' dir='ltr'>yna</span> <span class='ocrx_word' id='word_1_241' title='bbox 511 1718 566 1753; x_wconf 83' lang='lat' dir='ltr'>pro</span> <span class='ocrx_word' id='word_1_242' title='bbox 575 1711 762 1742; x_wconf 79' lang='lat' dir='ltr'>nutrimento</span> <span class='ocrx_word' id='word_1_243' title='bbox 769 1705 943 1748; x_wconf 68' lang='lat' dir='ltr'>indistinfle</span> <span class='ocrx_word' id='word_1_244' title='bbox 951 1704 1056 1738; x_wconf 87' lang='lat' dir='ltr'>danda</span> <span class='ocrx_word' id='word_1_245' title='bbox 1064 1717 1078 1737; x_wconf 92' lang='lat' dir='ltr'>e</span> <span class='ocrx_word' id='word_1_246' title='bbox 1073 1704 1106 1748; x_wconf 78' lang='lat' dir='ltr'><em>st</em></span> <span class='ocrx_word' id='word_1_247' title='bbox 1115 1727 1124 1736; x_wconf 87' lang='lat'><strong>.</strong></span> 
     </span>
     <span class='ocr_line' id='line_1_33' title="bbox 243 1747 1082 1796; baseline -0.008 -9"><span class='ocrx_word' id='word_1_248' title='bbox 243 1764 280 1796; x_wconf 84' lang='lat'>13</span> <span class='ocrx_word' id='word_1_249' title='bbox 303 1758 424 1795; x_wconf 79' lang='lat' dir='ltr'>Pauper</span> <span class='ocrx_word' id='word_1_250' title='bbox 436 1753 564 1793; x_wconf 77' lang='lat' dir='ltr'>&amp;inops</span> <span class='ocrx_word' id='word_1_251' title='bbox 574 1753 608 1785; x_wconf 85' lang='lat' dir='ltr'>in</span> <span class='ocrx_word' id='word_1_252' title='bbox 616 1749 717 1790; x_wconf 79' lang='lat' dir='ltr'>quibus</span> <span class='ocrx_word' id='word_1_253' title='bbox 726 1748 874 1792; x_wconf 78' lang='lat' dir='ltr'>differant</span> <span class='ocrx_word' id='word_1_254' title='bbox 881 1769 891 1784; x_wconf 78' lang='lat'><strong>‚</strong></span> <span class='ocrx_word' id='word_1_255' title='bbox 912 1747 1066 1790; x_wconf 70' lang='lat' dir='ltr'>remt&#39;fflve</span> <span class='ocrx_word' id='word_1_256' title='bbox 1074 1771 1082 1779; x_wconf 88' lang='lat'><strong>.</strong></span> 
     </span>
     <span class='ocr_line' id='line_1_34' title="bbox 238 1791 1211 1839; baseline -0.008 -6"><span class='ocrx_word' id='word_1_257' title='bbox 238 1807 281 1839; x_wconf 68' lang='lat'>14</span> <span class='ocrx_word' id='word_1_258' title='bbox 300 1800 326 1831; x_wconf 87' lang='lat' dir='ltr'><em>S</em></span> <span class='ocrx_word' id='word_1_259' title='bbox 326 1797 457 1831; x_wconf 65' lang='lat' dir='ltr'>tat&#39;utum</span> <span class='ocrx_word' id='word_1_260' title='bbox 465 1797 609 1828; x_wconf 80' lang='lat' dir='ltr'>laicorum</span> <span class='ocrx_word' id='word_1_261' title='bbox 612 1792 754 1836; x_wconf 81' lang='lat' dir='ltr'>specifice</span> <span class='ocrx_word' id='word_1_262' title='bbox 762 1792 921 1834; x_wconf 81' lang='lat' dir='ltr'>disponens</span> <span class='ocrx_word' id='word_1_263' title='bbox 928 1792 965 1824; x_wconf 84' lang='lat' dir='ltr'>de</span> <span class='ocrx_word' id='word_1_264' title='bbox 975 1791 1122 1838; x_wconf 82' lang='lat' dir='ltr'>Ecclefiis</span> <span class='ocrx_word' id='word_1_265' title='bbox 1131 1812 1141 1828; x_wconf 86' lang='lat'>,</span> <span class='ocrx_word' id='word_1_266' title='bbox 1157 1794 1211 1826; x_wconf 83' lang='lat' dir='ltr'>vel</span> 
     </span>
     <span class='ocr_line' id='line_1_35' title="bbox 347 1836 1145 1879; baseline -0.006 -7"><span class='ocrx_word' id='word_1_267' title='bbox 347 1851 449 1873; x_wconf 87' lang='lat' dir='ltr'>earum</span> <span class='ocrx_word' id='word_1_268' title='bbox 458 1838 541 1873; x_wconf 84' lang='lat' dir='ltr'>bom&#39;s</span> <span class='ocrx_word' id='word_1_269' title='bbox 550 1860 561 1874; x_wconf 85' lang='lat'>‚</span> <span class='ocrx_word' id='word_1_270' title='bbox 572 1850 631 1870; x_wconf 84' lang='lat' dir='ltr'>non</span> <span class='ocrx_word' id='word_1_271' title='bbox 639 1838 726 1870; x_wconf 85' lang='lat' dir='ltr'>valet</span> <span class='ocrx_word' id='word_1_272' title='bbox 737 1857 746 1872; x_wconf 81' lang='grc'>,</span> <span class='ocrx_word' id='word_1_273' title='bbox 755 1836 877 1879; x_wconf 78' lang='lat' dir='ltr'>etiamst</span> <span class='ocrx_word' id='word_1_274' title='bbox 885 1836 963 1867; x_wconf 86' lang='lat' dir='ltr'>alios</span> <span class='ocrx_word' id='word_1_275' title='bbox 971 1837 1128 1875; x_wconf 81' lang='lat' dir='ltr'>contingat</span> <span class='ocrx_word' id='word_1_276' title='bbox 1137 1857 1145 1866; x_wconf 82' lang='grc'><em>.</em></span> 
     </span>
     <span class='ocr_line' id='line_1_36' title="bbox 306 1880 1078 1924; baseline -0.01 -8"><span class='ocrx_word' id='word_1_277' title='bbox 306 1882 390 1917; x_wconf 83' lang='lat' dir='ltr'>Idem</span> <span class='ocrx_word' id='word_1_278' title='bbox 399 1886 431 1916; x_wconf 80' lang='lat' dir='ltr'>in</span> <span class='ocrx_word' id='word_1_279' title='bbox 441 1880 649 1924; x_wconf 71' lang='lat' dir='ltr'>consuetudine</span> <span class='ocrx_word' id='word_1_280' title='bbox 657 1881 802 1912; x_wconf 84' lang='lat' dir='ltr'>laicorum</span> <span class='ocrx_word' id='word_1_281' title='bbox 812 1900 822 1914; x_wconf 85' lang='lat'>‚</span> <span class='ocrx_word' id='word_1_282' title='bbox 830 1891 860 1910; x_wconf 89' lang='lat' dir='ltr'>n.</span> <span class='ocrx_word' id='word_1_283' title='bbox 874 1887 920 1917; x_wconf 81' lang='lat'>52.</span> <span class='ocrx_word' id='word_1_284' title='bbox 930 1882 1002 1911; x_wconf 68' lang='lat' dir='ltr'>&amp;n-</span> <span class='ocrx_word' id='word_1_285' title='bbox 1009 1881 1078 1911; x_wconf 71' lang='lat'><em>1‘0&#39;0.</em></span> 
     </span>
     <span class='ocr_line' id='line_1_37' title="bbox 305 1920 1207 1966; baseline -0.006 -8"><span class='ocrx_word' id='word_1_286' title='bbox 305 1928 377 1960; x_wconf 90' lang='lat' dir='ltr'>Nec</span> <span class='ocrx_word' id='word_1_287' title='bbox 407 1925 477 1958; x_wconf 81' lang='lat' dir='ltr'>inde</span> <span class='ocrx_word' id='word_1_288' title='bbox 505 1925 599 1958; x_wconf 86' lang='lat' dir='ltr'>ullum</span> <span class='ocrx_word' id='word_1_289' title='bbox 627 1922 830 1964; x_wconf 71' lang='lat' dir='ltr'>prejudicium</span> <span class='ocrx_word' id='word_1_290' title='bbox 851 1920 995 1966; x_wconf 83' lang='lat' dir='ltr'>Ecclestis</span> <span class='ocrx_word' id='word_1_291' title='bbox 1013 1931 1176 1964; x_wconf 83' lang='lat' dir='ltr'>generatur</span> <span class='ocrx_word' id='word_1_292' title='bbox 1196 1943 1207 1958; x_wconf 87' lang='lat'>,</span> 
     </span>
     <span class='ocr_line' id='line_1_38' title="bbox 346 1979 490 2006; baseline -0.021 -5"><span class='ocrx_word' id='word_1_293' title='bbox 346 1980 428 2001; x_wconf 86' lang='lat' dir='ltr'>num.</span> <span class='ocrx_word' id='word_1_294' title='bbox 443 1979 455 2000; x_wconf 94' lang='lat'>1</span> <span class='ocrx_word' id='word_1_295' title='bbox 463 1980 490 2006; x_wconf 91' lang='lat'>9.</span> 
     </span>
     <span class='ocr_line' id='line_1_39' title="bbox 304 2007 1121 2052; baseline -0.009 -7"><span class='ocrx_word' id='word_1_296' title='bbox 304 2013 490 2052; x_wconf 79' lang='lat' dir='ltr'>Ampliatur</span> <span class='ocrx_word' id='word_1_297' title='bbox 499 2022 607 2043; x_wconf 83' lang='lat' dir='ltr'>novem</span> <span class='ocrx_word' id='word_1_298' title='bbox 617 2007 717 2042; x_wconf 90' lang='lat' dir='ltr'>modis</span> <span class='ocrx_word' id='word_1_299' title='bbox 725 2030 735 2044; x_wconf 92' lang='lat'>‚</span> <span class='ocrx_word' id='word_1_300' title='bbox 751 2017 784 2041; x_wconf 90' lang='lat' dir='ltr'>ut</span> <span class='ocrx_word' id='word_1_301' title='bbox 792 2020 822 2040; x_wconf 88' lang='lat' dir='ltr'>n.</span> <span class='ocrx_word' id='word_1_302' title='bbox 833 2020 882 2041; x_wconf 87' lang='lat'>20.</span> <span class='ocrx_word' id='word_1_303' title='bbox 893 2007 931 2041; x_wconf 60' lang='grc' dir='ltr'>ὠ·</span> <span class='ocrx_word' id='word_1_304' title='bbox 938 2008 1021 2050; x_wconf 78' lang='lat' dir='ltr'>seqq.</span> <span class='ocrx_word' id='word_1_305' title='bbox 1032 2019 1063 2040; x_wconf 91' lang='lat' dir='ltr'>n.</span> <span class='ocrx_word' id='word_1_306' title='bbox 1073 2016 1121 2048; x_wconf 84' lang='lat'>57.</span> 
     </span>
     <span class='ocr_line' id='line_1_40' title="bbox 179 2051 685 2097; baseline -0.006 -9"><span class='ocrx_word' id='word_1_307' title='bbox 179 2083 182 2087; x_wconf 77' lang='grc'><strong><em>,</em></strong></span> <span class='ocrx_word' id='word_1_308' title='bbox 239 2064 276 2097; x_wconf 82' lang='lat'>15</span> <span class='ocrx_word' id='word_1_309' title='bbox 300 2058 346 2088; x_wconf 85' lang='lat' dir='ltr'>Et</span> <span class='ocrx_word' id='word_1_310' title='bbox 346 2055 508 2097; x_wconf 79' lang='lat' dir='ltr'>statutarii</span> <span class='ocrx_word' id='word_1_311' title='bbox 510 2055 585 2096; x_wconf 88' lang='lat' dir='ltr'>sunt</span> <span class='ocrx_word' id='word_1_312' title='bbox 592 2056 604 2085; x_wconf 88' lang='lat' dir='ltr'>i</span> <span class='ocrx_word' id='word_1_313' title='bbox 603 2051 685 2097; x_wconf 71' lang='lat' dir='ltr'>psof</span> 
     </span>
     <span class='ocr_line' id='line_1_41' title="bbox 223 2093 973 2141; baseline -0.009 -9"><span class='ocrx_word' id='word_1_314' title='bbox 223 2098 226 2102; x_wconf 46' lang='lat'><strong><em>⁴</em></strong></span> <span class='ocrx_word' id='word_1_315' title='bbox 345 2098 380 2131; x_wconf 89' lang='lat' dir='ltr'>di</span> <span class='ocrx_word' id='word_1_316' title='bbox 382 2099 459 2140; x_wconf 85' lang='lat' dir='ltr'>sunt</span> <span class='ocrx_word' id='word_1_317' title='bbox 462 2097 556 2141; x_wconf 89' lang='lat' dir='ltr'>feudo</span> <span class='ocrx_word' id='word_1_318' title='bbox 571 2095 645 2136; x_wconf 82' lang='lat' dir='ltr'>quod</span> <span class='ocrx_word' id='word_1_319' title='bbox 654 2093 763 2129; x_wconf 78' lang='lat' dir='ltr'>habent</span> <span class='ocrx_word' id='word_1_320' title='bbox 771 2093 809 2127; x_wconf 88' lang='lat' dir='ltr'>ab</span> <span class='ocrx_word' id='word_1_321' title='bbox 818 2094 957 2138; x_wconf 83' lang='lat' dir='ltr'>Ecclesia</span> <span class='ocrx_word' id='word_1_322' title='bbox 966 2116 973 2124; x_wconf 90' lang='lat'>.</span> 
     </span>
     <span class='ocr_line' id='line_1_42' title="bbox 230 2135 1207 2183; baseline -0.013 -7"><span class='ocrx_word' id='word_1_323' title='bbox 230 2146 278 2177; x_wconf 77' lang='lat'>216</span> <span class='ocrx_word' id='word_1_324' title='bbox 300 2144 390 2179; x_wconf 78' lang='lat' dir='ltr'>Laici</span> <span class='ocrx_word' id='word_1_325' title='bbox 393 2142 482 2183; x_wconf 82' lang='lat' dir='ltr'>super</span> <span class='ocrx_word' id='word_1_326' title='bbox 493 2141 640 2181; x_wconf 76' lang='lat' dir='ltr'>Ecclefiis</span> <span class='ocrx_word' id='word_1_327' title='bbox 648 2161 658 2175; x_wconf 87' lang='lat'>‚</span> <span class='ocrx_word' id='word_1_328' title='bbox 667 2137 965 2178; x_wconf 70' lang='lat' dir='ltr'>earumque-personis</span> <span class='ocrx_word' id='word_1_329' title='bbox 973 2157 983 2172; x_wconf 81' lang='lat'>‚</span> <span class='ocrx_word' id='word_1_330' title='bbox 992 2147 1027 2171; x_wconf 86' lang='lat' dir='ltr'>ac</span> <span class='ocrx_word' id='word_1_331' title='bbox 1034 2135 1129 2175; x_wconf 75' lang='lat' dir='ltr'>bonis,</span> <span class='ocrx_word' id='word_1_332' title='bbox 1138 2137 1207 2170; x_wconf 69' lang='lat' dir='ltr'>nut-</span> 
     </span>
     <span class='ocr_line' id='line_1_43' title="bbox 344 2178 991 2223; baseline -0.011 -6"><span class='ocrx_word' id='word_1_333' title='bbox 344 2186 407 2217; x_wconf 88' lang='lat' dir='ltr'>lam</span> <span class='ocrx_word' id='word_1_334' title='bbox 415 2183 525 2218; x_wconf 84' lang='lat' dir='ltr'>habent</span> <span class='ocrx_word' id='word_1_335' title='bbox 534 2182 775 2223; x_wconf 48' lang='lat' dir='ltr'>jurisdictionem</span> <span class='ocrx_word' id='word_1_336' title='bbox 784 2201 794 2216; x_wconf 90' lang='lat'>,</span> <span class='ocrx_word' id='word_1_337' title='bbox 805 2184 886 2212; x_wconf 86' lang='lat' dir='ltr'>n.26.</span> <span class='ocrx_word' id='word_1_338' title='bbox 896 2178 935 2213; x_wconf 66' lang='grc' dir='ltr'>ό·</span> <span class='ocrx_word' id='word_1_339' title='bbox 945 2189 960 2219; x_wconf 86' lang='lat'>3</span> <span class='ocrx_word' id='word_1_340' title='bbox 967 2189 991 2211; x_wconf 92' lang='lat'>1.</span> 
     </span>
    </p>
   </div>
   <div class='ocr_carea' id='block_1_10' title="bbox 226 2223 1206 2348">
    <p class='ocr_par' dir='ltr' id='par_1_10' title="bbox 226 2223 1206 2348">
     <span class='ocr_line' id='line_1_44' title="bbox 234 2223 1155 2268; baseline -0.009 -8"><span class='ocrx_word' id='word_1_341' title='bbox 234 2237 277 2268; x_wconf 86' lang='lat'>17</span> <span class='ocrx_word' id='word_1_342' title='bbox 296 2226 465 2262; x_wconf 75' lang='lat' dir='ltr'>statuendi</span> <span class='ocrx_word' id='word_1_343' title='bbox 483 2225 613 2268; x_wconf 80' lang='lat' dir='ltr'>potestas</span> <span class='ocrx_word' id='word_1_344' title='bbox 621 2227 641 2258; x_wconf 76' lang='lat' dir='ltr'>a</span> <span class='ocrx_word' id='word_1_345' title='bbox 651 2224 856 2266; x_wconf 56' lang='lat' dir='ltr'>jurisdictione</span> <span class='ocrx_word' id='word_1_346' title='bbox 865 2223 1019 2262; x_wconf 77' lang='lat' dir='ltr'>regulatur</span> <span class='ocrx_word' id='word_1_347' title='bbox 1026 2244 1035 2254; x_wconf 88' lang='lat'><strong>.</strong></span> <span class='ocrx_word' id='word_1_348' title='bbox 1051 2230 1057 2236; x_wconf 53' lang='lat'><strong>⁸</strong></span> <span class='ocrx_word' id='word_1_349' title='bbox 1140 2241 1155 2259; x_wconf 59' lang='lat'><em>⁶</em></span> 
     </span>
     <span class='ocr_line' id='line_1_45' title="bbox 226 2264 1206 2346; baseline -0.008 -41"><span class='ocrx_word' id='word_1_350' title='bbox 226 2274 274 2308; x_wconf 66' lang='lat'>,38</span> <span class='ocrx_word' id='word_1_351' title='bbox 295 2269 610 2346; x_wconf 59' lang='lat' dir='ltr'>Statutumlexcedens</span> <span class='ocrx_word' id='word_1_352' title='bbox 615 2266 792 2311; x_wconf 79' lang='lat' dir='ltr'>potestatem</span> <span class='ocrx_word' id='word_1_353' title='bbox 797 2265 996 2309; x_wconf 75' lang='lat' dir='ltr'>statuentium</span> <span class='ocrx_word' id='word_1_354' title='bbox 1004 2286 1015 2301; x_wconf 85' lang='lat'>‚</span> <span class='ocrx_word' id='word_1_355' title='bbox 1035 2264 1078 2307; x_wconf 78' lang='lat' dir='ltr'>est</span> <span class='ocrx_word' id='word_1_356' title='bbox 1089 2266 1151 2309; x_wconf 73' lang='lat' dir='ltr'>ipfii</span> <span class='ocrx_word' id='word_1_357' title='bbox 1159 2266 1206 2306; x_wconf 79' lang='lat' dir='ltr'>ju-</span> 
     </span>
     <span class='ocr_line' id='line_1_46' title="bbox 347 2325 526 2348; baseline -0.011 -2"><span class='ocrx_word' id='word_1_358' title='bbox 347 2326 382 2348; x_wconf 91' lang='lat' dir='ltr'>re</span> <span class='ocrx_word' id='word_1_359' title='bbox 393 2326 432 2347; x_wconf 90' lang='lat' dir='ltr'>nu</span> <span class='ocrx_word' id='word_1_360' title='bbox 461 2325 510 2346; x_wconf 88' lang='lat' dir='ltr'>um</span> <span class='ocrx_word' id='word_1_361' title='bbox 519 2337 526 2344; x_wconf 94' lang='lat'><em>.</em></span> 
     </span>
    </p>
   </div>
   <div class='ocr_carea' id='block_1_11' title="bbox 233 2350 1212 3517">
    <p class='ocr_par' dir='ltr' id='par_1_11' title="bbox 233 2350 1212 3517">
     <span class='ocr_line' id='line_1_47' title="bbox 233 2350 1207 2396; baseline -0.007 -5"><span class='ocrx_word' id='word_1_362' title='bbox 233 2369 277 2393; x_wconf 77' lang='lat'>20</span> <span class='ocrx_word' id='word_1_363' title='bbox 296 2360 456 2391; x_wconf 88' lang='lat' dir='ltr'>Statutum</span> <span class='ocrx_word' id='word_1_364' title='bbox 466 2359 612 2390; x_wconf 80' lang='lat' dir='ltr'>laicorum</span> <span class='ocrx_word' id='word_1_365' title='bbox 621 2354 780 2396; x_wconf 88' lang='lat' dir='ltr'>disponens</span> <span class='ocrx_word' id='word_1_366' title='bbox 791 2353 884 2395; x_wconf 86' lang='lat' dir='ltr'>super</span> <span class='ocrx_word' id='word_1_367' title='bbox 893 2350 976 2386; x_wconf 87' lang='lat' dir='ltr'>rebus</span> <span class='ocrx_word' id='word_1_368' title='bbox 984 2372 995 2388; x_wconf 84' lang='lat'>‚</span> <span class='ocrx_word' id='word_1_369' title='bbox 1015 2362 1072 2391; x_wconf 73' lang='lat' dir='ltr'>que</span> <span class='ocrx_word' id='word_1_370' title='bbox 1089 2354 1207 2384; x_wconf 81' lang='lat' dir='ltr'>ratione</span> 
     </span>
     <span class='ocr_line' id='line_1_48' title="bbox 335 2394 1208 2443; baseline -0.008 -10"><span class='ocrx_word' id='word_1_371' title='bbox 335 2400 435 2443; x_wconf 83' lang='lat' dir='ltr'>solius</span> <span class='ocrx_word' id='word_1_372' title='bbox 442 2399 575 2435; x_wconf 78' lang='lat' dir='ltr'>dominii</span> <span class='ocrx_word' id='word_1_373' title='bbox 582 2399 692 2432; x_wconf 63' lang='lat' dir='ltr'>direfli</span> <span class='ocrx_word' id='word_1_374' title='bbox 705 2399 861 2438; x_wconf 78' lang='lat' dir='ltr'>pertinent</span> <span class='ocrx_word' id='word_1_375' title='bbox 868 2396 908 2430; x_wconf 86' lang='lat' dir='ltr'>ad</span> <span class='ocrx_word' id='word_1_376' title='bbox 917 2397 946 2428; x_wconf 83' lang='lat' dir='ltr'><em>E</em></span> <span class='ocrx_word' id='word_1_377' title='bbox 948 2396 1071 2439; x_wconf 87' lang='lat' dir='ltr'>cclefias</span> <span class='ocrx_word' id='word_1_378' title='bbox 1080 2415 1090 2430; x_wconf 81' lang='lat'>‚</span> <span class='ocrx_word' id='word_1_379' title='bbox 1111 2394 1150 2428; x_wconf 70' lang='grc' dir='ltr'>ό*</span> <span class='ocrx_word' id='word_1_380' title='bbox 1156 2398 1208 2427; x_wconf 86' lang='lat' dir='ltr'>ra-</span> 
     </span>
     <span class='ocr_line' id='line_1_49' title="bbox 346 2437 1208 2493; baseline -0.008 -17"><span class='ocrx_word' id='word_1_381' title='bbox 346 2443 428 2476; x_wconf 80' lang='lat' dir='ltr'>tione</span> <span class='ocrx_word' id='word_1_382' title='bbox 443 2444 532 2477; x_wconf 72' lang='lat' dir='ltr'>utilis</span> <span class='ocrx_word' id='word_1_383' title='bbox 540 2441 671 2475; x_wconf 81' lang='lat' dir='ltr'>dominii</span> <span class='ocrx_word' id='word_1_384' title='bbox 685 2443 841 2493; x_wconf 60' lang='lat' dir='ltr'>pertinent</span> <span class='ocrx_word' id='word_1_385' title='bbox 850 2438 891 2476; x_wconf 86' lang='lat' dir='ltr'>ad</span> <span class='ocrx_word' id='word_1_386' title='bbox 910 2440 1004 2473; x_wconf 73' lang='lat' dir='ltr'>laicos</span> <span class='ocrx_word' id='word_1_387' title='bbox 1013 2459 1024 2474; x_wconf 87' lang='lat'><strong>,</strong></span> <span class='ocrx_word' id='word_1_388' title='bbox 1045 2438 1097 2471; x_wconf 79' lang='lat' dir='ltr'>vel</span> <span class='ocrx_word' id='word_1_389' title='bbox 1114 2437 1130 2470; x_wconf 80' lang='grc' dir='ltr'><strong><em>ὲ</em></strong></span> <span class='ocrx_word' id='word_1_390' title='bbox 1139 2450 1208 2471; x_wconf 87' lang='lat' dir='ltr'>con-</span> 
     </span>
     <span class='ocr_line' id='line_1_50' title="bbox 349 2486 649 2528; baseline -0.01 -9"><span class='ocrx_word' id='word_1_391' title='bbox 349 2486 442 2528; x_wconf 82' lang='lat' dir='ltr'>verso</span> <span class='ocrx_word' id='word_1_392' title='bbox 453 2508 462 2522; x_wconf 90' lang='lat'>‚</span> <span class='ocrx_word' id='word_1_393' title='bbox 485 2498 542 2518; x_wconf 89' lang='lat' dir='ltr'>non</span> <span class='ocrx_word' id='word_1_394' title='bbox 551 2495 633 2519; x_wconf 87' lang='lat' dir='ltr'>tenet</span> <span class='ocrx_word' id='word_1_395' title='bbox 640 2507 649 2515; x_wconf 85' lang='grc'><strong>.</strong></span> 
     </span>
     <span class='ocr_line' id='line_1_51' title="bbox 234 2524 1206 2580; baseline -0.006 -18"><span class='ocrx_word' id='word_1_396' title='bbox 234 2539 274 2562; x_wconf 78' lang='lat'>21</span> <span class='ocrx_word' id='word_1_397' title='bbox 298 2530 382 2562; x_wconf 85' lang='lat' dir='ltr'>Idem</span> <span class='ocrx_word' id='word_1_398' title='bbox 397 2531 429 2574; x_wconf 83' lang='lat' dir='ltr'><em>fi</em></span> <span class='ocrx_word' id='word_1_399' title='bbox 439 2529 579 2580; x_wconf 78' lang='lat' dir='ltr'>disponat</span> <span class='ocrx_word' id='word_1_400' title='bbox 588 2528 625 2561; x_wconf 86' lang='lat' dir='ltr'>de</span> <span class='ocrx_word' id='word_1_401' title='bbox 633 2529 716 2561; x_wconf 84' lang='lat' dir='ltr'>bonis</span> <span class='ocrx_word' id='word_1_402' title='bbox 722 2524 991 2568; x_wconf 83' lang='lat' dir='ltr'>patrimonialibus</span> <span class='ocrx_word' id='word_1_403' title='bbox 999 2525 1188 2557; x_wconf 86' lang='lat' dir='ltr'>Clericorum</span> <span class='ocrx_word' id='word_1_404' title='bbox 1197 2547 1206 2556; x_wconf 84' lang='lat'>.</span> 
     </span>
     <span class='ocr_line' id='line_1_52' title="bbox 237 2566 1207 2616; baseline -0.008 -9"><span class='ocrx_word' id='word_1_405' title='bbox 237 2584 278 2607; x_wconf 81' lang='lat'>22</span> <span class='ocrx_word' id='word_1_406' title='bbox 298 2576 382 2606; x_wconf 87' lang='lat' dir='ltr'>Bona</span> <span class='ocrx_word' id='word_1_407' title='bbox 387 2573 622 2616; x_wconf 78' lang='lat' dir='ltr'>patrimonialia</span> <span class='ocrx_word' id='word_1_408' title='bbox 631 2572 823 2604; x_wconf 82' lang='lat' dir='ltr'>Clericorum</span> <span class='ocrx_word' id='word_1_409' title='bbox 833 2581 892 2602; x_wconf 85' lang='lat' dir='ltr'>non</span> <span class='ocrx_word' id='word_1_410' title='bbox 900 2568 977 2611; x_wconf 84' lang='lat' dir='ltr'>sunt</span> <span class='ocrx_word' id='word_1_411' title='bbox 986 2567 1023 2600; x_wconf 90' lang='lat' dir='ltr'>de</span> <span class='ocrx_word' id='word_1_412' title='bbox 1033 2566 1104 2612; x_wconf 88' lang='lat' dir='ltr'>foro</span> <span class='ocrx_word' id='word_1_413' title='bbox 1114 2569 1207 2600; x_wconf 86' lang='lat' dir='ltr'>laico-</span> 
     </span>
     <span class='ocr_line' id='line_1_53' title="bbox 347 2613 909 2656; baseline -0.007 -9"><span class='ocrx_word' id='word_1_414' title='bbox 347 2627 413 2649; x_wconf 88' lang='lat' dir='ltr'>rum</span> <span class='ocrx_word' id='word_1_415' title='bbox 423 2637 433 2652; x_wconf 79' lang='lat'>,</span> <span class='ocrx_word' id='word_1_416' title='bbox 448 2627 500 2649; x_wconf 88' lang='lat' dir='ltr'>nec</span> <span class='ocrx_word' id='word_1_417' title='bbox 508 2626 608 2649; x_wconf 87' lang='lat' dir='ltr'>eorum</span> <span class='ocrx_word' id='word_1_418' title='bbox 618 2613 747 2656; x_wconf 83' lang='lat' dir='ltr'>statutis</span> <span class='ocrx_word' id='word_1_419' title='bbox 756 2614 892 2653; x_wconf 82' lang='lat' dir='ltr'>ligantur</span> <span class='ocrx_word' id='word_1_420' title='bbox 901 2634 909 2642; x_wconf 91' lang='lat'>.</span> 
     </span>
     <span class='ocr_line' id='line_1_54' title="bbox 237 2652 1171 2700; baseline -0.006 -10"><span class='ocrx_word' id='word_1_421' title='bbox 237 2668 280 2699; x_wconf 79' lang='lat'>23</span> <span class='ocrx_word' id='word_1_422' title='bbox 303 2661 412 2692; x_wconf 81' lang='lat' dir='ltr'>Forum</span> <span class='ocrx_word' id='word_1_423' title='bbox 416 2659 529 2700; x_wconf 80' lang='lat' dir='ltr'>sortiri</span> <span class='ocrx_word' id='word_1_424' title='bbox 537 2680 547 2694; x_wconf 81' lang='grc'><em>,</em></span> <span class='ocrx_word' id='word_1_425' title='bbox 556 2657 726 2700; x_wconf 71' lang='lat' dir='ltr'>&amp;statutis</span> <span class='ocrx_word' id='word_1_426' title='bbox 733 2657 829 2695; x_wconf 85' lang='lat' dir='ltr'>ligari</span> <span class='ocrx_word' id='word_1_427' title='bbox 839 2676 850 2691; x_wconf 85' lang='lat'><strong>‚</strong></span> <span class='ocrx_word' id='word_1_428' title='bbox 858 2654 879 2689; x_wconf 69' lang='lat' dir='ltr'>a*</span> <span class='ocrx_word' id='word_1_429' title='bbox 887 2658 958 2696; x_wconf 82' lang='lat' dir='ltr'>pari</span> <span class='ocrx_word' id='word_1_430' title='bbox 963 2652 1129 2695; x_wconf 83' lang='lat' dir='ltr'>procedunt</span> <span class='ocrx_word' id='word_1_431' title='bbox 1139 2676 1147 2684; x_wconf 89' lang='lat'><strong>.</strong></span> <span class='ocrx_word' id='word_1_432' title='bbox 1164 2693 1171 2696; x_wconf 13' lang='grc' dir='ltr'>λ</span> 
     </span>
     <span class='ocr_line' id='line_1_55' title="bbox 239 2696 1210 2742; baseline -0.007 -7"><span class='ocrx_word' id='word_1_433' title='bbox 239 2711 283 2742; x_wconf 80' lang='lat'>24</span> <span class='ocrx_word' id='word_1_434' title='bbox 304 2705 460 2736; x_wconf 85' lang='lat' dir='ltr'>Statutum</span> <span class='ocrx_word' id='word_1_435' title='bbox 467 2702 579 2738; x_wconf 67' lang='lat' dir='ltr'>fastum</span> <span class='ocrx_word' id='word_1_436' title='bbox 600 2702 620 2734; x_wconf 82' lang='lat' dir='ltr'>a&#39;</span> <span class='ocrx_word' id='word_1_437' title='bbox 631 2701 720 2733; x_wconf 81' lang='lat' dir='ltr'>laicis</span> <span class='ocrx_word' id='word_1_438' title='bbox 728 2708 835 2732; x_wconf 87' lang='lat' dir='ltr'>contra</span> <span class='ocrx_word' id='word_1_439' title='bbox 842 2699 983 2740; x_wconf 83' lang='lat' dir='ltr'>personas</span> <span class='ocrx_word' id='word_1_440' title='bbox 994 2696 1151 2738; x_wconf 72' lang='lat' dir='ltr'>saculares</span> <span class='ocrx_word' id='word_1_441' title='bbox 1160 2698 1210 2729; x_wconf 84' lang='lat' dir='ltr'>in-</span> 
     </span>
     <span class='ocr_line' id='line_1_56' title="bbox 350 2741 1209 2784; baseline -0.006 -7"><span class='ocrx_word' id='word_1_442' title='bbox 350 2748 426 2777; x_wconf 77' lang='lat' dir='ltr'>tuitu</span> <span class='ocrx_word' id='word_1_443' title='bbox 434 2745 618 2779; x_wconf 79' lang='lat' dir='ltr'>Clericorum</span> <span class='ocrx_word' id='word_1_444' title='bbox 627 2766 637 2780; x_wconf 90' lang='lat'>‚</span> <span class='ocrx_word' id='word_1_445' title='bbox 655 2753 729 2784; x_wconf 82' lang='lat' dir='ltr'>puta</span> <span class='ocrx_word' id='word_1_446' title='bbox 738 2751 845 2774; x_wconf 87' lang='lat' dir='ltr'>contra</span> <span class='ocrx_word' id='word_1_447' title='bbox 856 2751 956 2774; x_wconf 86' lang='lat' dir='ltr'>eorum</span> <span class='ocrx_word' id='word_1_448' title='bbox 963 2741 1192 2783; x_wconf 75' lang='lat' dir='ltr'>consanguineos</span> <span class='ocrx_word' id='word_1_449' title='bbox 1199 2761 1209 2776; x_wconf 84' lang='lat'>‚</span> 
     </span>
     <span class='ocr_line' id='line_1_57' title="bbox 350 2783 955 2829; baseline -0.007 -10"><span class='ocrx_word' id='word_1_450' title='bbox 350 2787 390 2829; x_wconf 82' lang='lat' dir='ltr'>est</span> <span class='ocrx_word' id='word_1_451' title='bbox 397 2799 499 2821; x_wconf 86' lang='lat' dir='ltr'>contra</span> <span class='ocrx_word' id='word_1_452' title='bbox 509 2787 682 2822; x_wconf 85' lang='lat' dir='ltr'>libertatem</span> <span class='ocrx_word' id='word_1_453' title='bbox 693 2788 723 2818; x_wconf 87' lang='lat' dir='ltr'><em>E</em></span> <span class='ocrx_word' id='word_1_454' title='bbox 725 2783 937 2829; x_wconf 81' lang='lat' dir='ltr'>cclestasticam</span> <span class='ocrx_word' id='word_1_455' title='bbox 946 2806 955 2815; x_wconf 83' lang='lat'><strong>.</strong></span> 
     </span>
     <span class='ocr_line' id='line_1_58' title="bbox 240 2826 1212 2872; baseline -0.003 -10"><span class='ocrx_word' id='word_1_456' title='bbox 240 2840 260 2862; x_wconf 80' lang='lat'>2</span> <span class='ocrx_word' id='word_1_457' title='bbox 264 2837 280 2870; x_wconf 86' lang='lat'><em>5</em></span> <span class='ocrx_word' id='word_1_458' title='bbox 303 2831 397 2870; x_wconf 84' lang='lat' dir='ltr'>Leges</span> <span class='ocrx_word' id='word_1_459' title='bbox 404 2833 620 2872; x_wconf 79' lang='lat' dir='ltr'>Imperatorum</span> <span class='ocrx_word' id='word_1_460' title='bbox 628 2852 639 2867; x_wconf 82' lang='lat'>‚</span> <span class='ocrx_word' id='word_1_461' title='bbox 646 2842 682 2863; x_wconf 87' lang='lat' dir='ltr'>ac</span> <span class='ocrx_word' id='word_1_462' title='bbox 690 2826 917 2868; x_wconf 85' lang='lat' dir='ltr'>Principum‚de</span> <span class='ocrx_word' id='word_1_463' title='bbox 925 2827 1083 2870; x_wconf 85' lang='lat' dir='ltr'>Ecclefit&#39;s,</span> <span class='ocrx_word' id='word_1_464' title='bbox 1092 2837 1212 2860; x_wconf 85' lang='lat' dir='ltr'>earum-</span> 
     </span>
     <span class='ocr_line' id='line_1_59' title="bbox 351 2870 1211 2916; baseline -0.006 -9"><span class='ocrx_word' id='word_1_465' title='bbox 351 2885 390 2905; x_wconf 80' lang='lat' dir='ltr'>ve</span> <span class='ocrx_word' id='word_1_466' title='bbox 396 2874 528 2914; x_wconf 84' lang='lat' dir='ltr'>personis</span> <span class='ocrx_word' id='word_1_467' title='bbox 537 2888 572 2908; x_wconf 86' lang='lat' dir='ltr'>ac</span> <span class='ocrx_word' id='word_1_468' title='bbox 580 2873 662 2909; x_wconf 87' lang='lat' dir='ltr'>bonis</span> <span class='ocrx_word' id='word_1_469' title='bbox 671 2875 756 2916; x_wconf 84' lang='lat' dir='ltr'>speci</span> <span class='ocrx_word' id='word_1_470' title='bbox 753 2870 815 2915; x_wconf 77' lang='lat' dir='ltr'>fiee</span> <span class='ocrx_word' id='word_1_471' title='bbox 822 2870 1010 2914; x_wconf 76' lang='lat' dir='ltr'>disponentes</span> <span class='ocrx_word' id='word_1_472' title='bbox 1020 2889 1030 2906; x_wconf 84' lang='lat'>,</span> <span class='ocrx_word' id='word_1_473' title='bbox 1038 2870 1115 2912; x_wconf 88' lang='lat' dir='ltr'>funt</span> <span class='ocrx_word' id='word_1_474' title='bbox 1122 2871 1211 2902; x_wconf 69' lang='lat' dir='ltr'>nulla</span> 
     </span>
     <span class='ocr_line' id='line_1_60' title="bbox 352 2916 700 2961; baseline -0.003 -13"><span class='ocrx_word' id='word_1_475' title='bbox 352 2927 392 2948; x_wconf 80' lang='lat' dir='ltr'>ex</span> <span class='ocrx_word' id='word_1_476' title='bbox 403 2916 514 2959; x_wconf 64' lang='lat' dir='ltr'>defeflu</span> <span class='ocrx_word' id='word_1_477' title='bbox 526 2917 683 2961; x_wconf 85' lang='lat' dir='ltr'>potestatis</span> <span class='ocrx_word' id='word_1_478' title='bbox 692 2939 700 2947; x_wconf 92' lang='lat'>.</span> 
     </span>
     <span class='ocr_line' id='line_1_61' title="bbox 240 2954 1210 3000; baseline -0.003 -8"><span class='ocrx_word' id='word_1_479' title='bbox 240 2963 281 2992; x_wconf 85' lang='lat'>26</span> <span class='ocrx_word' id='word_1_480' title='bbox 303 2960 412 2991; x_wconf 85' lang='lat' dir='ltr'>Etiam</span> <span class='ocrx_word' id='word_1_481' title='bbox 422 2962 454 2990; x_wconf 85' lang='lat' dir='ltr'>in</span> <span class='ocrx_word' id='word_1_482' title='bbox 465 2965 593 2993; x_wconf 88' lang='lat' dir='ltr'>materia</span> <span class='ocrx_word' id='word_1_483' title='bbox 602 2983 612 2996; x_wconf 90' lang='lat'><strong>‚</strong></span> <span class='ocrx_word' id='word_1_484' title='bbox 622 2964 655 2993; x_wconf 88' lang='lat' dir='ltr'>in</span> <span class='ocrx_word' id='word_1_485' title='bbox 665 2970 720 3000; x_wconf 75' lang='lat' dir='ltr'>qua</span> <span class='ocrx_word' id='word_1_486' title='bbox 729 2959 914 2992; x_wconf 87' lang='lat' dir='ltr'>contrarium</span> <span class='ocrx_word' id='word_1_487' title='bbox 923 2967 983 2989; x_wconf 85' lang='lat' dir='ltr'>non</span> <span class='ocrx_word' id='word_1_488' title='bbox 989 2954 1210 3000; x_wconf 70' lang='lat' dir='ltr'>reperitur-sta-</span> 
     </span>
     <span class='ocr_line' id='line_1_62' title="bbox 354 3002 747 3041; baseline 0 -7"><span class='ocrx_word' id='word_1_489' title='bbox 354 3011 451 3034; x_wconf 87' lang='lat' dir='ltr'>tutum</span> <span class='ocrx_word' id='word_1_490' title='bbox 461 3002 496 3037; x_wconf 88' lang='lat' dir='ltr'>de</span> <span class='ocrx_word' id='word_1_491' title='bbox 505 3002 568 3041; x_wconf 77' lang='lat' dir='ltr'>jure</span> <span class='ocrx_word' id='word_1_492' title='bbox 578 3007 731 3038; x_wconf 86' lang='lat' dir='ltr'>Canonico</span> <span class='ocrx_word' id='word_1_493' title='bbox 738 3026 747 3034; x_wconf 88' lang='lat'><strong>.</strong></span> 
     </span>
     <span class='ocr_line' id='line_1_63' title="bbox 244 3043 953 3087; baseline -0.004 -9"><span class='ocrx_word' id='word_1_494' title='bbox 244 3054 286 3085; x_wconf 85' lang='lat'>27</span> <span class='ocrx_word' id='word_1_495' title='bbox 306 3046 378 3086; x_wconf 85' lang='lat' dir='ltr'>Nec</span> <span class='ocrx_word' id='word_1_496' title='bbox 390 3044 518 3087; x_wconf 75' lang='lat' dir='ltr'>servari</span> <span class='ocrx_word' id='word_1_497' title='bbox 528 3044 633 3079; x_wconf 87' lang='lat' dir='ltr'>debent</span> <span class='ocrx_word' id='word_1_498' title='bbox 641 3050 732 3079; x_wconf 83' lang='lat' dir='ltr'>etiam</span> <span class='ocrx_word' id='word_1_499' title='bbox 741 3046 779 3078; x_wconf 90' lang='lat' dir='ltr'>de</span> <span class='ocrx_word' id='word_1_500' title='bbox 788 3043 936 3086; x_wconf 85' lang='lat' dir='ltr'>honestate</span> <span class='ocrx_word' id='word_1_501' title='bbox 945 3065 953 3074; x_wconf 89' lang='lat'><strong><em>.</em></strong></span> 
     </span>
     <span class='ocr_line' id='line_1_64' title="bbox 310 3083 1208 3135; baseline -0.002 -15"><span class='ocrx_word' id='word_1_502' title='bbox 310 3087 403 3135; x_wconf 71' lang='lat' dir='ltr'>Quod</span> <span class='ocrx_word' id='word_1_503' title='bbox 412 3089 545 3129; x_wconf 81' lang='lat' dir='ltr'>procedit</span> <span class='ocrx_word' id='word_1_504' title='bbox 554 3109 564 3124; x_wconf 81' lang='lat'>‚</span> <span class='ocrx_word' id='word_1_505' title='bbox 585 3092 675 3121; x_wconf 79' lang='lat' dir='ltr'>etiam</span> <span class='ocrx_word' id='word_1_506' title='bbox 672 3091 702 3133; x_wconf 85' lang='lat' dir='ltr'><strong><em>fi</em></strong></span> <span class='ocrx_word' id='word_1_507' title='bbox 703 3089 826 3135; x_wconf 82' lang='lat' dir='ltr'>fuerint</span> <span class='ocrx_word' id='word_1_508' title='bbox 835 3088 919 3121; x_wconf 74' lang='lat' dir='ltr'>edita</span> <span class='ocrx_word' id='word_1_509' title='bbox 929 3084 967 3120; x_wconf 85' lang='lat' dir='ltr'>ab</span> <span class='ocrx_word' id='word_1_510' title='bbox 974 3083 1208 3127; x_wconf 81' lang='lat' dir='ltr'>Imperatoribus</span> 
     </span>
     <span class='ocr_line' id='line_1_65' title="bbox 324 3130 868 3176; baseline -0.006 -12"><span class='ocrx_word' id='word_1_511' title='bbox 324 3131 326 3134; x_wconf 65' lang='grc'>’</span> <span class='ocrx_word' id='word_1_512' title='bbox 346 3133 392 3166; x_wconf 83' lang='lat' dir='ltr'>&#39;ad</span> <span class='ocrx_word' id='word_1_513' title='bbox 400 3130 578 3173; x_wconf 81' lang='lat' dir='ltr'>instantiam</span> <span class='ocrx_word' id='word_1_514' title='bbox 587 3133 722 3176; x_wconf 68' lang='lat' dir='ltr'>Ecclesia</span> <span class='ocrx_word' id='word_1_515' title='bbox 734 3154 743 3168; x_wconf 86' lang='lat'><strong>‚</strong></span> <span class='ocrx_word' id='word_1_516' title='bbox 761 3145 790 3164; x_wconf 85' lang='lat' dir='ltr'>n.</span> <span class='ocrx_word' id='word_1_517' title='bbox 801 3135 849 3165; x_wconf 84' lang='lat'>28.</span> <span class='ocrx_word' id='word_1_518' title='bbox 863 3163 868 3169; x_wconf 60' lang='grc'><strong>,</strong></span> 
     </span>
     <span class='ocr_line' id='line_1_66' title="bbox 309 3171 1208 3218; baseline -0.003 -10"><span class='ocrx_word' id='word_1_519' title='bbox 309 3178 388 3209; x_wconf 83' lang='lat' dir='ltr'>Item</span> <span class='ocrx_word' id='word_1_520' title='bbox 402 3174 537 3216; x_wconf 80' lang='lat' dir='ltr'>procedit</span> <span class='ocrx_word' id='word_1_521' title='bbox 545 3196 555 3210; x_wconf 78' lang='lat'>,</span> <span class='ocrx_word' id='word_1_522' title='bbox 578 3176 696 3217; x_wconf 74' lang='lat' dir='ltr'>etiamst</span> <span class='ocrx_word' id='word_1_523' title='bbox 703 3187 802 3208; x_wconf 79' lang='lat' dir='ltr'>concer</span> <span class='ocrx_word' id='word_1_524' title='bbox 807 3184 881 3207; x_wconf 88' lang='lat' dir='ltr'>nant</span> <span class='ocrx_word' id='word_1_525' title='bbox 895 3173 1042 3218; x_wconf 85' lang='lat' dir='ltr'>favorem</span> <span class='ocrx_word' id='word_1_526' title='bbox 1051 3194 1062 3209; x_wconf 88' lang='lat'>‚</span> <span class='ocrx_word' id='word_1_527' title='bbox 1083 3171 1121 3206; x_wconf 61' lang='grc' dir='ltr'><em>Θ</em></span> <span class='ocrx_word' id='word_1_528' title='bbox 1129 3182 1208 3206; x_wconf 89' lang='lat' dir='ltr'>com-</span> 
     </span>
     <span class='ocr_line' id='line_1_67' title="bbox 351 3218 825 3261; baseline -0.004 -12"><span class='ocrx_word' id='word_1_529' title='bbox 351 3218 471 3252; x_wconf 87' lang='lat' dir='ltr'>modum</span> <span class='ocrx_word' id='word_1_530' title='bbox 491 3218 695 3261; x_wconf 83' lang='lat' dir='ltr'>Ecclefiarum</span> <span class='ocrx_word' id='word_1_531' title='bbox 706 3238 715 3251; x_wconf 83' lang='lat'><strong>‚</strong></span> <span class='ocrx_word' id='word_1_532' title='bbox 738 3230 765 3249; x_wconf 90' lang='lat' dir='ltr'>n.</span> <span class='ocrx_word' id='word_1_533' title='bbox 779 3228 825 3258; x_wconf 82' lang='lat'>30.</span> 
     </span>
     <span class='ocr_line' id='line_1_68' title="bbox 308 3259 1209 3306; baseline -0.002 -13"><span class='ocrx_word' id='word_1_534' title='bbox 308 3263 386 3294; x_wconf 88' lang='lat' dir='ltr'>Item</span> <span class='ocrx_word' id='word_1_535' title='bbox 395 3260 528 3302; x_wconf 75' lang='lat' dir='ltr'>procedit</span> <span class='ocrx_word' id='word_1_536' title='bbox 537 3282 548 3297; x_wconf 86' lang='lat'>‚</span> <span class='ocrx_word' id='word_1_537' title='bbox 566 3261 686 3302; x_wconf 78' lang='lat' dir='ltr'>etiamst</span> <span class='ocrx_word' id='word_1_538' title='bbox 694 3259 712 3292; x_wconf 75' lang='lat' dir='ltr'>a</span> <span class='ocrx_word' id='word_1_539' title='bbox 722 3262 873 3293; x_wconf 78' lang='lat' dir='ltr'>Gratiano</span> <span class='ocrx_word' id='word_1_540' title='bbox 875 3261 943 3306; x_wconf 84' lang='lat' dir='ltr'>stnt</span> <span class='ocrx_word' id='word_1_541' title='bbox 951 3259 1069 3301; x_wconf 76' lang='lat' dir='ltr'>infirtae</span> <span class='ocrx_word' id='word_1_542' title='bbox 1078 3262 1112 3292; x_wconf 87' lang='lat' dir='ltr'>in</span> <span class='ocrx_word' id='word_1_543' title='bbox 1123 3260 1209 3292; x_wconf 83' lang='lat' dir='ltr'>volu·</span> 
     </span>
     <span class='ocr_line' id='line_1_69' title="bbox 353 3305 686 3344; baseline -0.009 -8"><span class='ocrx_word' id='word_1_544' title='bbox 353 3308 433 3337; x_wconf 73' lang='lat' dir='ltr'>mine</span> <span class='ocrx_word' id='word_1_545' title='bbox 442 3305 575 3339; x_wconf 84' lang='lat' dir='ltr'>decreti,</span> <span class='ocrx_word' id='word_1_546' title='bbox 597 3316 626 3335; x_wconf 88' lang='lat' dir='ltr'>n.</span> <span class='ocrx_word' id='word_1_547' title='bbox 640 3313 686 3344; x_wconf 82' lang='lat'>33.</span> 
     </span>
     <span class='ocr_line' id='line_1_70' title="bbox 311 3344 1208 3424; baseline -0.001 -47"><span class='ocrx_word' id='word_1_548' title='bbox 311 3347 387 3377; x_wconf 83' lang='lat' dir='ltr'>Item</span> <span class='ocrx_word' id='word_1_549' title='bbox 394 3347 516 3424; x_wconf 40' lang='lat' dir='ltr'>proce&amp;</span> <span class='ocrx_word' id='word_1_550' title='bbox 519 3358 531 3380; x_wconf 91' lang='lat' dir='ltr'>t</span> <span class='ocrx_word' id='word_1_551' title='bbox 540 3369 550 3384; x_wconf 82' lang='lat'>,</span> <span class='ocrx_word' id='word_1_552' title='bbox 560 3346 681 3390; x_wconf 84' lang='lat' dir='ltr'>etiamst</span> <span class='ocrx_word' id='word_1_553' title='bbox 682 3345 800 3390; x_wconf 83' lang='lat' dir='ltr'>fuerint</span> <span class='ocrx_word' id='word_1_554' title='bbox 809 3345 890 3378; x_wconf 70' lang='lat' dir='ltr'>edita</span> <span class='ocrx_word' id='word_1_555' title='bbox 900 3358 939 3379; x_wconf 89' lang='lat' dir='ltr'>ex</span> <span class='ocrx_word' id='word_1_556' title='bbox 949 3344 1027 3389; x_wconf 75' lang='lat' dir='ltr'>justa</span> <span class='ocrx_word' id='word_1_557' title='bbox 1036 3346 1122 3388; x_wconf 74' lang='lat' dir='ltr'>cauſsa</span> <span class='ocrx_word' id='word_1_558' title='bbox 1131 3366 1142 3381; x_wconf 81' lang='lat'>,</span> <span class='ocrx_word' id='word_1_559' title='bbox 1159 3356 1208 3377; x_wconf 87' lang='lat' dir='ltr'>nu.</span> 
     </span>
     <span class='ocr_line' id='line_1_71' title="bbox 357 3400 601 3430; baseline -0.004 0"><span class='ocrx_word' id='word_1_560' title='bbox 357 3400 407 3430; x_wconf 89' lang='lat'>41-</span> <span class='ocrx_word' id='word_1_561' title='bbox 418 3402 438 3430; x_wconf 85' lang='lat'>4</span> <span class='ocrx_word' id='word_1_562' title='bbox 462 3413 472 3423; x_wconf 42' lang='grc' dir='ltr'><strong><em>κ</em></strong></span> <span class='ocrx_word' id='word_1_563' title='bbox 539 3401 601 3430; x_wconf 77' lang='lat' dir='ltr'>eqq.</span> 
     </span>
     <span class='ocr_line' id='line_1_72' title="bbox 247 3392 1210 3511; baseline -0.002 -44"><span class='ocrx_word' id='word_1_564' title='bbox 247 3433 286 3467; x_wconf 74' lang='lat'>28</span> <span class='ocrx_word' id='word_1_565' title='bbox 306 3402 508 3511; x_wconf 57' lang='lat' dir='ltr'>Ecglefial4non</span> <span class='ocrx_word' id='word_1_566' title='bbox 517 3392 608 3475; x_wconf 39' lang='lat' dir='ltr'>[inest</span> <span class='ocrx_word' id='word_1_567' title='bbox 617 3435 653 3476; x_wconf 91' lang='lat' dir='ltr'>se</span> <span class='ocrx_word' id='word_1_568' title='bbox 657 3431 837 3475; x_wconf 85' lang='lat' dir='ltr'>submittere</span> <span class='ocrx_word' id='word_1_569' title='bbox 839 3433 1053 3475; x_wconf 67' lang='lat' dir='ltr'>fiaperioritati</span> <span class='ocrx_word' id='word_1_570' title='bbox 1061 3454 1072 3470; x_wconf 87' lang='lat'>,</span> <span class='ocrx_word' id='word_1_571' title='bbox 1093 3444 1128 3467; x_wconf 89' lang='lat' dir='ltr'>ac</span> <span class='ocrx_word' id='word_1_572' title='bbox 1135 3433 1210 3473; x_wconf 76' lang='lat' dir='ltr'>tegi-</span> 
     </span>
     <span class='ocr_line' id='line_1_73' title="bbox 370 3480 676 3517; baseline 0 -8"><span class='ocrx_word' id='word_1_573' title='bbox 370 3487 403 3509; x_wconf 82' lang='lat' dir='ltr'>us</span> <span class='ocrx_word' id='word_1_574' title='bbox 442 3480 619 3517; x_wconf 79' lang='lat' dir='ltr'>mperatoris</span> <span class='ocrx_word' id='word_1_575' title='bbox 628 3499 636 3509; x_wconf 84' lang='lat'><strong>.</strong></span> <span class='ocrx_word' id='word_1_576' title='bbox 674 3486 676 3489; x_wconf 90' lang='lat'>·</span> 
     </span>
    </p>
   </div>
   <div class='ocr_carea' id='block_1_12' title="bbox 679 2049 1270 2092">
    <p class='ocr_par' dir='ltr' id='par_1_12' title="bbox 679 2049 1270 2092">
     <span class='ocr_line' id='line_1_74' title="bbox 679 2049 1270 2092; baseline -0.005 -8"><span class='ocrx_word' id='word_1_577' title='bbox 679 2053 743 2084; x_wconf 69' lang='lat' dir='ltr'>atto</span> <span class='ocrx_word' id='word_1_578' title='bbox 751 2054 1005 2085; x_wconf 84' lang='lat' dir='ltr'>excommunicati</span> <span class='ocrx_word' id='word_1_579' title='bbox 1012 2072 1022 2086; x_wconf 84' lang='lat'>‚</span> <span class='ocrx_word' id='word_1_580' title='bbox 1033 2049 1072 2084; x_wconf 68' lang='lat'>&amp;⁶</span> <span class='ocrx_word' id='word_1_581' title='bbox 1074 2053 1126 2092; x_wconf 80' lang='lat' dir='ltr'>pri</span> <span class='ocrx_word' id='word_1_582' title='bbox 1128 2063 1207 2084; x_wconf 73' lang='lat' dir='ltr'>van·</span> <span class='ocrx_word' id='word_1_583' title='bbox 1262 2071 1270 2081; x_wconf 85' lang='lat'><strong>.</strong></span> 
     </span>
    </p>
   </div>
   <div class='ocr_carea' id='block_1_13' title="bbox 1244 794 2242 842">
    <p class='ocr_par' dir='ltr' id='par_1_13' title="bbox 1244 794 2242 842">
     <span class='ocr_line' id='line_1_75' title="bbox 1244 794 2242 842; baseline 0.003 -10"><span class='ocrx_word' id='word_1_584' title='bbox 1244 794 1247 798; x_wconf 54' lang='lat'><strong>⁴</strong></span> <span class='ocrx_word' id='word_1_585' title='bbox 1275 810 1315 836; x_wconf 88' lang='lat'>29</span> <span class='ocrx_word' id='word_1_586' title='bbox 1337 800 1409 831; x_wconf 81' lang='lat' dir='ltr'>Lex</span> <span class='ocrx_word' id='word_1_587' title='bbox 1425 799 1531 831; x_wconf 82' lang='lat' dir='ltr'>civilis</span> <span class='ocrx_word' id='word_1_588' title='bbox 1537 806 1592 838; x_wconf 81' lang='lat' dir='ltr'>per</span> <span class='ocrx_word' id='word_1_589' title='bbox 1609 800 1725 841; x_wconf 84' lang='lat' dir='ltr'>Papam</span> <span class='ocrx_word' id='word_1_590' title='bbox 1740 797 1858 839; x_wconf 85' lang='lat' dir='ltr'>inserta</span> <span class='ocrx_word' id='word_1_591' title='bbox 1873 801 1994 833; x_wconf 85' lang='lat' dir='ltr'>Canoni</span> <span class='ocrx_word' id='word_1_592' title='bbox 2007 801 2136 842; x_wconf 79' lang='lat' dir='ltr'>servari</span> <span class='ocrx_word' id='word_1_593' title='bbox 2156 799 2242 835; x_wconf 85' lang='lat' dir='ltr'>debet</span> 
     </span>
    </p>
   </div>
   <div class='ocr_carea' id='block_1_14' title="bbox 1267 842 2244 3546">
    <p class='ocr_par' dir='ltr' id='par_1_14' title="bbox 1386 842 1792 879">
     <span class='ocr_line' id='line_1_76' title="bbox 1386 842 1792 879; baseline -0.005 -6"><span class='ocrx_word' id='word_1_594' title='bbox 1386 848 1530 879; x_wconf 70' lang='lat' dir='ltr'>tanquam</span> <span class='ocrx_word' id='word_1_595' title='bbox 1539 842 1592 873; x_wconf 88' lang='lat' dir='ltr'>lex</span> <span class='ocrx_word' id='word_1_596' title='bbox 1605 843 1760 874; x_wconf 86' lang='lat' dir='ltr'>Canonica</span> <span class='ocrx_word' id='word_1_597' title='bbox 1768 845 1792 871; x_wconf 87' lang='lat'>.·</span> 
     </span>
    </p>

    <p class='ocr_par' dir='ltr' id='par_1_15' title="bbox 1279 883 2243 974">
     <span class='ocr_line' id='line_1_77' title="bbox 1279 883 2242 926; baseline 0.003 -10"><span class='ocrx_word' id='word_1_598' title='bbox 1279 895 1316 926; x_wconf 82' lang='lat'>32</span> <span class='ocrx_word' id='word_1_599' title='bbox 1339 886 1408 919; x_wconf 78' lang='lat' dir='ltr'>Lex</span> <span class='ocrx_word' id='word_1_600' title='bbox 1417 885 1572 924; x_wconf 77' lang='lat' dir='ltr'>Principis</span> <span class='ocrx_word' id='word_1_601' title='bbox 1587 885 1774 923; x_wconf 83' lang='lat' dir='ltr'>generaliter</span> <span class='ocrx_word' id='word_1_602' title='bbox 1781 884 1900 922; x_wconf 82' lang='lat' dir='ltr'>loquens</span> <span class='ocrx_word' id='word_1_603' title='bbox 1907 906 1918 921; x_wconf 81' lang='lat'>,</span> <span class='ocrx_word' id='word_1_604' title='bbox 1933 883 1983 918; x_wconf 82' lang='lat' dir='ltr'>ubi</span> <span class='ocrx_word' id='word_1_605' title='bbox 1991 888 2098 919; x_wconf 84' lang='lat' dir='ltr'>Canon</span> <span class='ocrx_word' id='word_1_606' title='bbox 2108 899 2167 919; x_wconf 90' lang='lat' dir='ltr'>non</span> <span class='ocrx_word' id='word_1_607' title='bbox 2173 898 2242 919; x_wconf 79' lang='lat' dir='ltr'>con-</span> 
     </span>
     <span class='ocr_line' id='line_1_78' title="bbox 1384 925 2243 974; baseline 0.003 -14"><span class='ocrx_word' id='word_1_608' title='bbox 1384 927 1649 970; x_wconf 67' lang='lat' dir='ltr'>tradicitservari</span> <span class='ocrx_word' id='word_1_609' title='bbox 1657 925 1742 959; x_wconf 84' lang='lat' dir='ltr'>debet</span> <span class='ocrx_word' id='word_1_610' title='bbox 1750 930 1843 959; x_wconf 85' lang='lat' dir='ltr'>etiam</span> <span class='ocrx_word' id='word_1_611' title='bbox 1852 927 1949 966; x_wconf 82' lang='lat' dir='ltr'>quoad</span> <span class='ocrx_word' id='word_1_612' title='bbox 1956 930 1987 961; x_wconf 87' lang='lat' dir='ltr'><em>E</em></span> <span class='ocrx_word' id='word_1_613' title='bbox 1990 929 2125 974; x_wconf 79' lang='lat' dir='ltr'>cclesias,</span> <span class='ocrx_word' id='word_1_614' title='bbox 2138 930 2199 974; x_wconf 78' lang='lat' dir='ltr'>nzfi</span> <span class='ocrx_word' id='word_1_615' title='bbox 2205 929 2243 963; x_wconf 89' lang='lat' dir='ltr'>de</span> 
     </span>
    </p>

    <p class='ocr_par' dir='ltr' id='par_1_16' title="bbox 1386 969 2202 1014">
     <span class='ocr_line' id='line_1_79' title="bbox 1386 969 2202 1014; baseline 0.001 -12"><span class='ocrx_word' id='word_1_616' title='bbox 1386 971 1458 1013; x_wconf 83' lang='lat' dir='ltr'>ipfis</span> <span class='ocrx_word' id='word_1_617' title='bbox 1470 972 1497 1002; x_wconf 86' lang='grc' dir='ltr'><em>Ε</em></span> <span class='ocrx_word' id='word_1_618' title='bbox 1500 970 1615 1012; x_wconf 75' lang='lat' dir='ltr'>celestis</span> <span class='ocrx_word' id='word_1_619' title='bbox 1622 990 1632 1005; x_wconf 84' lang='lat'>‚</span> <span class='ocrx_word' id='word_1_620' title='bbox 1641 971 1692 1002; x_wconf 83' lang='lat' dir='ltr'>vel</span> <span class='ocrx_word' id='word_1_621' title='bbox 1700 969 1782 1002; x_wconf 84' lang='lat' dir='ltr'>bonis</span> <span class='ocrx_word' id='word_1_622' title='bbox 1790 981 1891 1003; x_wconf 87' lang='lat' dir='ltr'>earum</span> <span class='ocrx_word' id='word_1_623' title='bbox 1897 972 1978 1012; x_wconf 84' lang='lat' dir='ltr'>speci</span> <span class='ocrx_word' id='word_1_624' title='bbox 1977 971 2035 1014; x_wconf 75' lang='lat' dir='ltr'>fiee</span> <span class='ocrx_word' id='word_1_625' title='bbox 2044 971 2184 1013; x_wconf 68' lang='lat' dir='ltr'>disponat</span> <span class='ocrx_word' id='word_1_626' title='bbox 2194 996 2202 1003; x_wconf 93' lang='lat'><strong>.</strong></span> 
     </span>
    </p>

    <p class='ocr_par' dir='ltr' id='par_1_17' title="bbox 1280 1013 2243 1138">
     <span class='ocr_line' id='line_1_80' title="bbox 1280 1013 2243 1060; baseline 0.003 -15"><span class='ocrx_word' id='word_1_627' title='bbox 1280 1023 1320 1057; x_wconf 81' lang='lat'>34</span> <span class='ocrx_word' id='word_1_628' title='bbox 1339 1015 1435 1058; x_wconf 83' lang='lat' dir='ltr'>Leges</span> <span class='ocrx_word' id='word_1_629' title='bbox 1443 1013 1571 1047; x_wconf 82' lang='lat' dir='ltr'>civiles,</span> <span class='ocrx_word' id='word_1_630' title='bbox 1592 1023 1648 1051; x_wconf 81' lang='lat' dir='ltr'>quae</span> <span class='ocrx_word' id='word_1_631' title='bbox 1656 1013 1819 1053; x_wconf 85' lang='lat' dir='ltr'>procedunt</span> <span class='ocrx_word' id='word_1_632' title='bbox 1826 1015 2057 1054; x_wconf 77' lang='lat' dir='ltr'>privilegiando</span> <span class='ocrx_word' id='word_1_633' title='bbox 2068 1018 2099 1047; x_wconf 86' lang='lat' dir='ltr'><em>E</em></span> <span class='ocrx_word' id='word_1_634' title='bbox 2101 1017 2243 1060; x_wconf 81' lang='lat' dir='ltr'>cclesias,</span> 
     </span>
     <span class='ocr_line' id='line_1_81' title="bbox 1383 1055 2241 1131; baseline 0.001 -42"><span class='ocrx_word' id='word_1_635' title='bbox 1383 1057 1436 1090; x_wconf 78' lang='lat' dir='ltr'>vel</span> <span class='ocrx_word' id='word_1_636' title='bbox 1442 1056 1585 1131; x_wconf 46' lang='lat' dir='ltr'>perGonas</span> <span class='ocrx_word' id='word_1_637' title='bbox 1593 1057 1623 1087; x_wconf 82' lang='lat' dir='ltr'><em>E</em></span> <span class='ocrx_word' id='word_1_638' title='bbox 1625 1057 1669 1089; x_wconf 84' lang='lat' dir='ltr'>ccl</span> <span class='ocrx_word' id='word_1_639' title='bbox 1671 1055 1820 1100; x_wconf 85' lang='lat' dir='ltr'>efiasticas</span> <span class='ocrx_word' id='word_1_640' title='bbox 1828 1077 1838 1092; x_wconf 87' lang='lat'>‚</span> <span class='ocrx_word' id='word_1_641' title='bbox 1859 1069 1898 1089; x_wconf 87' lang='lat' dir='ltr'>an</span> <span class='ocrx_word' id='word_1_642' title='bbox 1907 1058 2035 1092; x_wconf 78' lang='lat' dir='ltr'>valeant</span> <span class='ocrx_word' id='word_1_643' title='bbox 2044 1080 2054 1094; x_wconf 88' lang='lat'>‚</span> <span class='ocrx_word' id='word_1_644' title='bbox 2076 1062 2114 1091; x_wconf 62' lang='lat'>(³7</span> <span class='ocrx_word' id='word_1_645' title='bbox 2123 1060 2241 1100; x_wconf 74' lang='lat' dir='ltr'>n.seqq.</span> 
     </span>
     <span class='ocr_line' id='line_1_82' title="bbox 1386 1109 1671 1138; baseline -0.007 -6"><span class='ocrx_word' id='word_1_646' title='bbox 1386 1113 1402 1132; x_wconf 89' lang='lat' dir='ltr'>u</span> <span class='ocrx_word' id='word_1_647' title='bbox 1419 1111 1471 1138; x_wconf 83' lang='lat' dir='ltr'>que</span> <span class='ocrx_word' id='word_1_648' title='bbox 1480 1112 1498 1132; x_wconf 89' lang='lat' dir='ltr'>a</span> <span class='ocrx_word' id='word_1_649' title='bbox 1533 1110 1618 1133; x_wconf 86' lang='lat' dir='ltr'>num..</span> <span class='ocrx_word' id='word_1_650' title='bbox 1648 1109 1671 1131; x_wconf 87' lang='lat'>1.</span> 
     </span>
    </p>

    <p class='ocr_par' dir='ltr' id='par_1_18' title="bbox 1279 1100 2242 1231">
     <span class='ocr_line' id='line_1_83' title="bbox 1279 1100 2242 1189; baseline 0.002 -13"><span class='ocrx_word' id='word_1_651' title='bbox 1279 1152 1314 1186; x_wconf 88' lang='lat'>35</span> <span class='ocrx_word' id='word_1_652' title='bbox 1336 1100 1541 1182; x_wconf 49' lang='lat' dir='ltr'>Prusae-giam</span> <span class='ocrx_word' id='word_1_653' title='bbox 1550 1111 1653 1184; x_wconf 50' lang='lat' dir='ltr'>estigr</span> <span class='ocrx_word' id='word_1_654' title='bbox 1663 1163 1673 1176; x_wconf 77' lang='lat'><strong>‚</strong></span> <span class='ocrx_word' id='word_1_655' title='bbox 1683 1142 1903 1184; x_wconf 68' lang='lat' dir='ltr'>lice&#39;tfitecialis</span> <span class='ocrx_word' id='word_1_656' title='bbox 1910 1165 1921 1180; x_wconf 88' lang='lat'>‚</span> <span class='ocrx_word' id='word_1_657' title='bbox 1930 1144 2105 1185; x_wconf 77' lang='lat' dir='ltr'>&amp;privata</span> <span class='ocrx_word' id='word_1_658' title='bbox 2113 1166 2123 1181; x_wconf 83' lang='lat'>‚</span> <span class='ocrx_word' id='word_1_659' title='bbox 2132 1144 2170 1178; x_wconf 65' lang='grc' dir='ltr'>ὠ·</span> <span class='ocrx_word' id='word_1_660' title='bbox 2178 1143 2242 1189; x_wconf 84' lang='lat' dir='ltr'>dif-</span> 
     </span>
     <span class='ocr_line' id='line_1_84' title="bbox 1378 1185 2095 1231; baseline 0.001 -13"><span class='ocrx_word' id='word_1_661' title='bbox 1378 1186 1447 1231; x_wconf 81' lang='lat' dir='ltr'>fert</span> <span class='ocrx_word' id='word_1_662' title='bbox 1454 1186 1473 1218; x_wconf 83' lang='lat' dir='ltr'>a&#39;</span> <span class='ocrx_word' id='word_1_663' title='bbox 1483 1187 1548 1225; x_wconf 86' lang='lat' dir='ltr'>lege</span> <span class='ocrx_word' id='word_1_664' title='bbox 1556 1189 1703 1218; x_wconf 87' lang='lat' dir='ltr'>communi</span> <span class='ocrx_word' id='word_1_665' title='bbox 1711 1207 1720 1220; x_wconf 85' lang='lat'><strong>‚</strong></span> <span class='ocrx_word' id='word_1_666' title='bbox 1734 1187 1815 1230; x_wconf 79' lang='lat' dir='ltr'>ficut</span> <span class='ocrx_word' id='word_1_667' title='bbox 1818 1185 1932 1227; x_wconf 84' lang='lat' dir='ltr'>species</span> <span class='ocrx_word' id='word_1_668' title='bbox 1941 1186 1962 1219; x_wconf 69' lang='lat' dir='ltr'>a</span> <span class='ocrx_word' id='word_1_669' title='bbox 1969 1199 2080 1227; x_wconf 85' lang='lat' dir='ltr'>genere</span> <span class='ocrx_word' id='word_1_670' title='bbox 2087 1211 2095 1219; x_wconf 89' lang='lat'><strong>.</strong></span> 
     </span>
    </p>

    <p class='ocr_par' dir='ltr' id='par_1_19' title="bbox 1278 1228 2124 1272">
     <span class='ocr_line' id='line_1_85' title="bbox 1278 1228 2124 1272; baseline 0.002 -11"><span class='ocrx_word' id='word_1_671' title='bbox 1278 1236 1314 1271; x_wconf 84' lang='lat'>36</span> <span class='ocrx_word' id='word_1_672' title='bbox 1336 1231 1438 1262; x_wconf 81' lang='lat' dir='ltr'>Genus</span> <span class='ocrx_word' id='word_1_673' title='bbox 1447 1228 1466 1261; x_wconf 72' lang='lat' dir='ltr'>ei</span> <span class='ocrx_word' id='word_1_674' title='bbox 1477 1239 1529 1268; x_wconf 80' lang='lat' dir='ltr'>quo</span> <span class='ocrx_word' id='word_1_675' title='bbox 1537 1238 1726 1264; x_wconf 82' lang='lat' dir='ltr'>removetur,</span> <span class='ocrx_word' id='word_1_676' title='bbox 1745 1229 1782 1262; x_wconf 56' lang='grc' dir='ltr'><em>Θ</em></span> <span class='ocrx_word' id='word_1_677' title='bbox 1789 1229 1920 1268; x_wconf 71' lang='lat' dir='ltr'>qualibet</span> <span class='ocrx_word' id='word_1_678' title='bbox 1927 1231 2106 1272; x_wconf 76' lang='lat' dir='ltr'>ejusspecies</span> <span class='ocrx_word' id='word_1_679' title='bbox 2115 1253 2124 1262; x_wconf 85' lang='lat'><strong>.</strong></span> 
     </span>
    </p>

    <p class='ocr_par' dir='ltr' id='par_1_20' title="bbox 1277 1271 2244 1348">
     <span class='ocr_line' id='line_1_86' title="bbox 1277 1271 2244 1348; baseline 0.002 -43"><span class='ocrx_word' id='word_1_680' title='bbox 1277 1281 1316 1315; x_wconf 84' lang='lat'>37</span> <span class='ocrx_word' id='word_1_681' title='bbox 1336 1274 1544 1348; x_wconf 69' lang='lat' dir='ltr'>Privileglium</span> <span class='ocrx_word' id='word_1_682' title='bbox 1560 1273 1744 1312; x_wconf 80' lang='lat' dir='ltr'>regulariter</span> <span class='ocrx_word' id='word_1_683' title='bbox 1752 1271 1874 1315; x_wconf 76' lang='lat' dir='ltr'>subdito</span> <span class='ocrx_word' id='word_1_684' title='bbox 1888 1271 1931 1315; x_wconf 88' lang='lat' dir='ltr'>est</span> <span class='ocrx_word' id='word_1_685' title='bbox 1947 1273 2184 1310; x_wconf 81' lang='lat' dir='ltr'>concedendum,</span> <span class='ocrx_word' id='word_1_686' title='bbox 2205 1272 2244 1308; x_wconf 72' lang='grc' dir='ltr'>ό·</span> 
     </span>
     <span class='ocr_line' id='line_1_87' title="bbox 1385 1328 1528 1348; baseline -0.021 0"><span class='ocrx_word' id='word_1_687' title='bbox 1385 1328 1443 1348; x_wconf 82' lang='grc' dir='ltr'>ηοη</span> <span class='ocrx_word' id='word_1_688' title='bbox 1451 1328 1470 1348; x_wconf 92' lang='lat' dir='ltr'>a</span> <span class='ocrx_word' id='word_1_689' title='bbox 1485 1329 1509 1347; x_wconf 80' lang='grc' dir='ltr'>ιι</span> <span class='ocrx_word' id='word_1_690' title='bbox 1520 1338 1528 1345; x_wconf 93' lang='grc'><strong>.</strong></span> 
     </span>
    </p>

    <p class='ocr_par' dir='ltr' id='par_1_21' title="bbox 1341 1357 2219 1400">
     <span class='ocr_line' id='line_1_88' title="bbox 1341 1357 2219 1400; baseline -0.014 -7"><span class='ocrx_word' id='word_1_691' title='bbox 1341 1359 1404 1393; x_wconf 90' lang='lat' dir='ltr'>Sed</span> <span class='ocrx_word' id='word_1_692' title='bbox 1411 1357 1537 1394; x_wconf 75' lang='lat' dir='ltr'>contra,</span> <span class='ocrx_word' id='word_1_693' title='bbox 1557 1370 1586 1390; x_wconf 89' lang='lat' dir='ltr'>n.</span> <span class='ocrx_word' id='word_1_694' title='bbox 1600 1359 1648 1400; x_wconf 78' lang='lat'>3&#39;9.</span> <span class='ocrx_word' id='word_1_695' title='bbox 1693 1366 1696 1370; x_wconf 89' lang='lat'>·</span> <span class='ocrx_word' id='word_1_696' title='bbox 1947 1380 1959 1394; x_wconf 75' lang='lat'><strong>,</strong></span> <span class='ocrx_word' id='word_1_697' title='bbox 2216 1395 2219 1397; x_wconf 64' lang='lat'>‚</span> 
     </span>
    </p>

    <p class='ocr_par' dir='ltr' id='par_1_22' title="bbox 1275 1400 2241 1448">
     <span class='ocr_line' id='line_1_89' title="bbox 1275 1400 2241 1448; baseline 0 -12"><span class='ocrx_word' id='word_1_698' title='bbox 1275 1405 1313 1444; x_wconf 86' lang='lat'>38</span> <span class='ocrx_word' id='word_1_699' title='bbox 1334 1405 1480 1443; x_wconf 79' lang='lat' dir='ltr'>Princeps</span> <span class='ocrx_word' id='word_1_700' title='bbox 1483 1404 1611 1444; x_wconf 77' lang='lat' dir='ltr'>propria</span> <span class='ocrx_word' id='word_1_701' title='bbox 1617 1400 1803 1434; x_wconf 80' lang='lat' dir='ltr'>authoritate</span> <span class='ocrx_word' id='word_1_702' title='bbox 1808 1414 1866 1434; x_wconf 89' lang='lat' dir='ltr'>non</span> <span class='ocrx_word' id='word_1_703' title='bbox 1873 1401 1968 1446; x_wconf 81' lang='lat' dir='ltr'>potest</span> <span class='ocrx_word' id='word_1_704' title='bbox 1976 1406 2010 1435; x_wconf 82' lang='lat' dir='ltr'>in</span> <span class='ocrx_word' id='word_1_705' title='bbox 2021 1402 2170 1448; x_wconf 83' lang='lat' dir='ltr'>favorem</span> <span class='ocrx_word' id='word_1_706' title='bbox 2178 1404 2241 1436; x_wconf 81' lang='lat' dir='ltr'>Ec-</span> 
     </span>
    </p>

    <p class='ocr_par' dir='ltr' id='par_1_23' title="bbox 1345 1444 1865 1493">
     <span class='ocr_line' id='line_1_90' title="bbox 1345 1444 1865 1493; baseline -0.002 -15"><span class='ocrx_word' id='word_1_707' title='bbox 1345 1475 1351 1483; x_wconf 77' lang='lat'><strong>,</strong></span> <span class='ocrx_word' id='word_1_708' title='bbox 1384 1446 1476 1493; x_wconf 82' lang='lat' dir='ltr'>clefiae</span> <span class='ocrx_word' id='word_1_709' title='bbox 1485 1445 1684 1486; x_wconf 78' lang='lat' dir='ltr'>privilegium</span> <span class='ocrx_word' id='word_1_710' title='bbox 1693 1444 1848 1479; x_wconf 86' lang='lat' dir='ltr'>concedere</span> <span class='ocrx_word' id='word_1_711' title='bbox 1858 1468 1865 1477; x_wconf 88' lang='lat'><strong>.</strong></span> 
     </span>
    </p>

    <p class='ocr_par' dir='ltr' id='par_1_24' title="bbox 1278 1491 1562 1530">
     <span class='ocr_line' id='line_1_91' title="bbox 1278 1491 1562 1530; baseline -0.011 -8"><span class='ocrx_word' id='word_1_712' title='bbox 1278 1499 1317 1530; x_wconf 84' lang='lat'>39</span> <span class='ocrx_word' id='word_1_713' title='bbox 1339 1491 1537 1522; x_wconf 84' lang='lat' dir='ltr'>Contrarium</span> <span class='ocrx_word' id='word_1_714' title='bbox 1554 1510 1562 1519; x_wconf 85' lang='lat'><strong>.</strong></span> 
     </span>
    </p>

    <p class='ocr_par' dir='ltr' id='par_1_25' title="bbox 1276 1532 1913 1572">
     <span class='ocr_line' id='line_1_92' title="bbox 1276 1532 1913 1572; baseline -0.008 -8"><span class='ocrx_word' id='word_1_715' title='bbox 1276 1543 1319 1572; x_wconf 82' lang='lat'>40</span> <span class='ocrx_word' id='word_1_716' title='bbox 1339 1532 1527 1564; x_wconf 78' lang='lat' dir='ltr'>Declaratur</span> <span class='ocrx_word' id='word_1_717' title='bbox 1537 1553 1544 1562; x_wconf 92' lang='lat'><strong><em>.</em></strong></span> <span class='ocrx_word' id='word_1_718' title='bbox 1908 1564 1913 1568; x_wconf 35' lang='lat'><strong>⁴</strong></span> 
     </span>
    </p>

    <p class='ocr_par' dir='ltr' id='par_1_26' title="bbox 1275 1574 2242 1660">
     <span class='ocr_line' id='line_1_93' title="bbox 1275 1574 2242 1618; baseline 0.001 -11"><span class='ocrx_word' id='word_1_719' title='bbox 1275 1585 1312 1616; x_wconf 83' lang='lat'>41</span> <span class='ocrx_word' id='word_1_720' title='bbox 1337 1578 1458 1608; x_wconf 87' lang='lat' dir='ltr'>Statuti</span> <span class='ocrx_word' id='word_1_721' title='bbox 1467 1575 1508 1606; x_wconf 90' lang='lat' dir='ltr'>ad</span> <span class='ocrx_word' id='word_1_722' title='bbox 1518 1574 1716 1608; x_wconf 82' lang='lat' dir='ltr'>validitatem</span> <span class='ocrx_word' id='word_1_723' title='bbox 1724 1575 1899 1617; x_wconf 69' lang='lat' dir='ltr'>nonfiafficit</span> <span class='ocrx_word' id='word_1_724' title='bbox 1906 1574 1984 1617; x_wconf 83' lang='lat' dir='ltr'>iusta</span> <span class='ocrx_word' id='word_1_725' title='bbox 1991 1575 2081 1618; x_wconf 87' lang='lat' dir='ltr'>causa</span> <span class='ocrx_word' id='word_1_726' title='bbox 2090 1574 2242 1617; x_wconf 84' lang='lat' dir='ltr'>‚sedprae-</span> 
     </span>
     <span class='ocr_line' id='line_1_94' title="bbox 1381 1616 2069 1660; baseline -0.001 -10"><span class='ocrx_word' id='word_1_727' title='bbox 1381 1618 1465 1659; x_wconf 75' lang='lat' dir='ltr'>cipue</span> <span class='ocrx_word' id='word_1_728' title='bbox 1471 1616 1599 1659; x_wconf 87' lang='lat' dir='ltr'>potestas</span> <span class='ocrx_word' id='word_1_729' title='bbox 1601 1616 1767 1659; x_wconf 83' lang='lat' dir='ltr'>statuentis</span> <span class='ocrx_word' id='word_1_730' title='bbox 1776 1621 1941 1657; x_wconf 81' lang='lat' dir='ltr'>requiritur</span> <span class='ocrx_word' id='word_1_731' title='bbox 1950 1639 1960 1654; x_wconf 87' lang='lat'>‚</span> <span class='ocrx_word' id='word_1_732' title='bbox 1979 1629 2008 1651; x_wconf 84' lang='lat' dir='ltr'>n.</span> <span class='ocrx_word' id='word_1_733' title='bbox 2018 1630 2069 1660; x_wconf 81' lang='lat'>44.</span> 
     </span>
    </p>

    <p class='ocr_par' dir='ltr' id='par_1_27' title="bbox 1274 1659 2243 1788">
     <span class='ocr_line' id='line_1_95' title="bbox 1274 1659 2243 1706; baseline 0 -12"><span class='ocrx_word' id='word_1_734' title='bbox 1274 1672 1314 1703; x_wconf 74' lang='lat'>42</span> <span class='ocrx_word' id='word_1_735' title='bbox 1334 1662 1565 1694; x_wconf 80' lang='lat' dir='ltr'>Alienationem</span> <span class='ocrx_word' id='word_1_736' title='bbox 1575 1659 1667 1703; x_wconf 84' lang='lat' dir='ltr'>feudi</span> <span class='ocrx_word' id='word_1_737' title='bbox 1675 1664 1708 1693; x_wconf 85' lang='lat' dir='ltr'>in</span> <span class='ocrx_word' id='word_1_738' title='bbox 1725 1662 1894 1704; x_wconf 80' lang='lat' dir='ltr'>Ecclesiam</span> <span class='ocrx_word' id='word_1_739' title='bbox 1903 1673 1944 1693; x_wconf 87' lang='lat' dir='ltr'>an</span> <span class='ocrx_word' id='word_1_740' title='bbox 1957 1663 2090 1702; x_wconf 84' lang='lat' dir='ltr'>capitula</span> <span class='ocrx_word' id='word_1_741' title='bbox 2098 1661 2243 1706; x_wconf 82' lang='lat' dir='ltr'>feudalia</span> 
     </span>
     <span class='ocr_line' id='line_1_96' title="bbox 1379 1703 2240 1788; baseline 0 -53"><span class='ocrx_word' id='word_1_742' title='bbox 1379 1703 1534 1788; x_wconf 44' lang='lat' dir='ltr'>prohg&#39;oefe</span> <span class='ocrx_word' id='word_1_743' title='bbox 1554 1704 1660 1745; x_wconf 84' lang='lat' dir='ltr'>poffint</span> <span class='ocrx_word' id='word_1_744' title='bbox 1667 1724 1678 1740; x_wconf 82' lang='lat'>‚</span> <span class='ocrx_word' id='word_1_745' title='bbox 1698 1704 1736 1738; x_wconf 59' lang='grc' dir='ltr'>ὦ*</span> <span class='ocrx_word' id='word_1_746' title='bbox 1744 1704 1859 1747; x_wconf 77' lang='lat' dir='ltr'>n.seqq.</span> <span class='ocrx_word' id='word_1_747' title='bbox 1869 1705 1955 1746; x_wconf 78' lang='lat' dir='ltr'>usque</span> <span class='ocrx_word' id='word_1_748' title='bbox 1961 1704 2003 1737; x_wconf 85' lang='lat' dir='ltr'>ad</span> <span class='ocrx_word' id='word_1_749' title='bbox 2010 1717 2041 1738; x_wconf 87' lang='lat' dir='ltr'>n.</span> <span class='ocrx_word' id='word_1_750' title='bbox 2053 1713 2101 1747; x_wconf 82' lang='lat'>57.</span> <span class='ocrx_word' id='word_1_751' title='bbox 2113 1705 2150 1738; x_wconf 60' lang='grc' dir='ltr'>(ῤ’</span> <span class='ocrx_word' id='word_1_752' title='bbox 2159 1716 2240 1738; x_wconf 88' lang='lat' dir='ltr'>num.</span> 
     </span>
     <span class='ocr_line' id='line_1_97' title="bbox 1382 1753 1573 1785; baseline -0.005 -7"><span class='ocrx_word' id='word_1_753' title='bbox 1382 1753 1403 1778; x_wconf 81' lang='lat'>6</span> <span class='ocrx_word' id='word_1_754' title='bbox 1424 1771 1432 1780; x_wconf 85' lang='lat'>.</span> <span class='ocrx_word' id='word_1_755' title='bbox 1512 1757 1545 1785; x_wconf 79' lang='lat' dir='ltr'>eq</span> <span class='ocrx_word' id='word_1_756' title='bbox 1566 1770 1573 1777; x_wconf 93' lang='lat'>.</span> 
     </span>
    </p>

    <p class='ocr_par' dir='ltr' id='par_1_28' title="bbox 1271 1757 2242 1867">
     <span class='ocr_line' id='line_1_98' title="bbox 1271 1757 2242 1837; baseline -0.002 -13"><span class='ocrx_word' id='word_1_757' title='bbox 1271 1800 1310 1833; x_wconf 84' lang='lat'>43</span> <span class='ocrx_word' id='word_1_758' title='bbox 1332 1759 1472 1837; x_wconf 50' lang='lat' dir='ltr'>Eccltfia</span> <span class='ocrx_word' id='word_1_759' title='bbox 1488 1789 1529 1832; x_wconf 83' lang='lat' dir='ltr'>est</span> <span class='ocrx_word' id='word_1_760' title='bbox 1536 1757 1654 1823; x_wconf 55' lang='lat' dir='ltr'>cltltrix</span> <span class='ocrx_word' id='word_1_761' title='bbox 1669 1789 1788 1832; x_wconf 78' lang='lat' dir='ltr'>justitie</span> <span class='ocrx_word' id='word_1_762' title='bbox 1796 1811 1807 1827; x_wconf 84' lang='lat'>‚</span> <span class='ocrx_word' id='word_1_763' title='bbox 1827 1802 1880 1823; x_wconf 87' lang='lat' dir='ltr'>nec</span> <span class='ocrx_word' id='word_1_764' title='bbox 1891 1790 1929 1833; x_wconf 85' lang='lat' dir='ltr'>se</span> <span class='ocrx_word' id='word_1_765' title='bbox 1943 1788 2087 1833; x_wconf 81' lang='lat' dir='ltr'>injustam</span> <span class='ocrx_word' id='word_1_766' title='bbox 2101 1793 2222 1832; x_wconf 89' lang='lat' dir='ltr'>patitur</span> <span class='ocrx_word' id='word_1_767' title='bbox 2230 1811 2242 1827; x_wconf 87' lang='lat'>‚</span> 
     </span>
     <span class='ocr_line' id='line_1_99' title="bbox 1380 1834 1729 1867; baseline -0.009 0"><span class='ocrx_word' id='word_1_768' title='bbox 1380 1845 1433 1867; x_wconf 87' lang='lat' dir='ltr'>nec</span> <span class='ocrx_word' id='word_1_769' title='bbox 1447 1836 1481 1865; x_wconf 85' lang='lat' dir='ltr'>in</span> <span class='ocrx_word' id='word_1_770' title='bbox 1488 1834 1582 1865; x_wconf 79' lang='lat' dir='ltr'>alium</span> <span class='ocrx_word' id='word_1_771' title='bbox 1598 1835 1711 1866; x_wconf 86' lang='lat' dir='ltr'>tolerat</span> <span class='ocrx_word' id='word_1_772' title='bbox 1721 1856 1729 1864; x_wconf 87' lang='lat'>.</span> 
     </span>
    </p>

    <p class='ocr_par' dir='ltr' id='par_1_29' title="bbox 1269 1875 2241 1952">
     <span class='ocr_line' id='line_1_100' title="bbox 1269 1875 2241 1952; baseline 0.001 -43"><span class='ocrx_word' id='word_1_773' title='bbox 1269 1888 1311 1920; x_wconf 78' lang='lat'>44</span> <span class='ocrx_word' id='word_1_774' title='bbox 1330 1877 1430 1919; x_wconf 81' lang='lat' dir='ltr'>Causa</span> <span class='ocrx_word' id='word_1_775' title='bbox 1446 1879 1732 1952; x_wconf 53' lang='lat' dir='ltr'>etianngaviffi-‘ma</span> <span class='ocrx_word' id='word_1_776' title='bbox 1752 1889 1810 1909; x_wconf 84' lang='lat' dir='ltr'>non</span> <span class='ocrx_word' id='word_1_777' title='bbox 1819 1876 1930 1910; x_wconf 83' lang='lat' dir='ltr'>tribuit</span> <span class='ocrx_word' id='word_1_778' title='bbox 1938 1875 2098 1919; x_wconf 83' lang='lat' dir='ltr'>statuendi</span> <span class='ocrx_word' id='word_1_779' title='bbox 2109 1876 2241 1919; x_wconf 82' lang='lat' dir='ltr'>potesta-</span> 
     </span>
     <span class='ocr_line' id='line_1_101' title="bbox 1377 1930 1668 1952; baseline -0.003 0"><span class='ocrx_word' id='word_1_780' title='bbox 1377 1930 1439 1952; x_wconf 88' lang='lat' dir='ltr'>tem</span> <span class='ocrx_word' id='word_1_781' title='bbox 1454 1931 1512 1951; x_wconf 89' lang='lat' dir='ltr'>non</span> <span class='ocrx_word' id='word_1_782' title='bbox 1550 1931 1568 1951; x_wconf 88' lang='lat' dir='ltr'>a</span> <span class='ocrx_word' id='word_1_783' title='bbox 1589 1930 1650 1951; x_wconf 74' lang='lat' dir='ltr'>entt</span> <span class='ocrx_word' id='word_1_784' title='bbox 1660 1943 1668 1950; x_wconf 86' lang='lat'>.</span> 
     </span>
    </p>

    <p class='ocr_par' dir='ltr' id='par_1_30' title="bbox 1269 1961 2241 2007">
     <span class='ocr_line' id='line_1_102' title="bbox 1269 1961 2241 2007; baseline 0.001 -13"><span class='ocrx_word' id='word_1_785' title='bbox 1269 1972 1307 2007; x_wconf 72' lang='lat'>45</span> <span class='ocrx_word' id='word_1_786' title='bbox 1331 1964 1401 1998; x_wconf 83' lang='lat' dir='ltr'>Lex</span> <span class='ocrx_word' id='word_1_787' title='bbox 1410 1961 1520 2004; x_wconf 75' lang='lat' dir='ltr'>injusta</span> <span class='ocrx_word' id='word_1_788' title='bbox 1529 1961 1571 2003; x_wconf 80' lang='lat' dir='ltr'>est</span> <span class='ocrx_word' id='word_1_789' title='bbox 1587 1964 1722 1999; x_wconf 63' lang='lat' dir='ltr'>auflore,</span> <span class='ocrx_word' id='word_1_790' title='bbox 1743 1962 1859 2002; x_wconf 89' lang='lat' dir='ltr'>quando</span> <span class='ocrx_word' id='word_1_791' title='bbox 1874 1962 1980 2007; x_wconf 88' lang='lat' dir='ltr'>fertur</span> <span class='ocrx_word' id='word_1_792' title='bbox 1988 1961 2028 1995; x_wconf 90' lang='lat' dir='ltr'>ab</span> <span class='ocrx_word' id='word_1_793' title='bbox 2043 1975 2074 1995; x_wconf 86' lang='lat' dir='ltr'>eo</span> <span class='ocrx_word' id='word_1_794' title='bbox 2083 1963 2168 1995; x_wconf 84' lang='lat' dir='ltr'>ultra</span> <span class='ocrx_word' id='word_1_795' title='bbox 2175 1961 2241 2007; x_wconf 78' lang='lat' dir='ltr'>fibi</span> 
     </span>
    </p>

    <p class='ocr_par' dir='ltr' id='par_1_31' title="bbox 1376 2003 2241 2050">
     <span class='ocr_line' id='line_1_103' title="bbox 1376 2003 2241 2050; baseline 0.002 -13"><span class='ocrx_word' id='word_1_796' title='bbox 1376 2003 1560 2047; x_wconf 80' lang='lat' dir='ltr'>commissam</span> <span class='ocrx_word' id='word_1_797' title='bbox 1568 2004 1746 2050; x_wconf 83' lang='lat' dir='ltr'>potestatem</span> <span class='ocrx_word' id='word_1_798' title='bbox 1756 2027 1767 2042; x_wconf 82' lang='lat'>‚</span> <span class='ocrx_word' id='word_1_799' title='bbox 1787 2007 1908 2050; x_wconf 80' lang='lat' dir='ltr'>etiamst</span> <span class='ocrx_word' id='word_1_800' title='bbox 1918 2008 2078 2039; x_wconf 84' lang='lat' dir='ltr'>ordinetur</span> <span class='ocrx_word' id='word_1_801' title='bbox 2084 2005 2122 2039; x_wconf 86' lang='lat' dir='ltr'>ab</span> <span class='ocrx_word' id='word_1_802' title='bbox 2133 2004 2241 2039; x_wconf 75' lang='lat' dir='ltr'>bonurn</span> 
     </span>
    </p>

    <p class='ocr_par' dir='ltr' id='par_1_32' title="bbox 1376 2050 1986 2082">
     <span class='ocr_line' id='line_1_104' title="bbox 1376 2050 1986 2082; baseline -0.003 -1"><span class='ocrx_word' id='word_1_803' title='bbox 1376 2059 1529 2082; x_wconf 87' lang='lat' dir='ltr'>commune</span> <span class='ocrx_word' id='word_1_804' title='bbox 1539 2071 1547 2079; x_wconf 89' lang='lat'>.</span> <span class='ocrx_word' id='word_1_805' title='bbox 1979 2050 1986 2058; x_wconf 83' lang='lat'><strong><em>&#39;</em></strong></span> 
     </span>
    </p>

    <p class='ocr_par' dir='ltr' id='par_1_33' title="bbox 1267 2090 2241 2176">
     <span class='ocr_line' id='line_1_105' title="bbox 1267 2090 2241 2135; baseline 0 -9"><span class='ocrx_word' id='word_1_806' title='bbox 1267 2096 1309 2135; x_wconf 87' lang='lat'>46</span> <span class='ocrx_word' id='word_1_807' title='bbox 1329 2092 1494 2126; x_wconf 86' lang='lat' dir='ltr'>Statuendi</span> <span class='ocrx_word' id='word_1_808' title='bbox 1509 2090 1638 2133; x_wconf 77' lang='lat' dir='ltr'>potestas</span> <span class='ocrx_word' id='word_1_809' title='bbox 1653 2095 1750 2133; x_wconf 81' lang='lat' dir='ltr'>magis</span> <span class='ocrx_word' id='word_1_810' title='bbox 1765 2092 1807 2135; x_wconf 85' lang='lat' dir='ltr'>est</span> <span class='ocrx_word' id='word_1_811' title='bbox 1824 2091 1984 2135; x_wconf 80' lang='lat' dir='ltr'>necessaria</span> <span class='ocrx_word' id='word_1_812' title='bbox 1997 2090 2040 2125; x_wconf 85' lang='lat' dir='ltr'>ad</span> <span class='ocrx_word' id='word_1_813' title='bbox 2054 2092 2149 2132; x_wconf 82' lang='lat' dir='ltr'>legem</span> <span class='ocrx_word' id='word_1_814' title='bbox 2170 2104 2241 2126; x_wconf 89' lang='lat' dir='ltr'>con-</span> 
     </span>
     <span class='ocr_line' id='line_1_106' title="bbox 1378 2134 1954 2176; baseline -0.002 -9"><span class='ocrx_word' id='word_1_815' title='bbox 1378 2134 1510 2167; x_wconf 86' lang='lat' dir='ltr'>dendam</span> <span class='ocrx_word' id='word_1_816' title='bbox 1518 2156 1528 2170; x_wconf 90' lang='lat'>,</span> <span class='ocrx_word' id='word_1_817' title='bbox 1549 2135 1637 2173; x_wconf 77' lang='lat' dir='ltr'>qua&#39;m</span> <span class='ocrx_word' id='word_1_818' title='bbox 1646 2136 1734 2176; x_wconf 65' lang='lat' dir='ltr'>cauſsa</span> <span class='ocrx_word' id='word_1_819' title='bbox 1743 2134 1812 2168; x_wconf 76' lang='lat' dir='ltr'>boni</span> <span class='ocrx_word' id='word_1_820' title='bbox 1825 2135 1937 2176; x_wconf 76' lang='lat' dir='ltr'>publici</span> <span class='ocrx_word' id='word_1_821' title='bbox 1947 2158 1954 2166; x_wconf 88' lang='lat'>.</span> 
     </span>
    </p>

    <p class='ocr_par' dir='ltr' id='par_1_34' title="bbox 1267 2177 2240 2350">
     <span class='ocr_line' id='line_1_107' title="bbox 1267 2177 2239 2221; baseline -0.001 -10"><span class='ocrx_word' id='word_1_822' title='bbox 1267 2188 1309 2221; x_wconf 83' lang='lat'>47</span> <span class='ocrx_word' id='word_1_823' title='bbox 1329 2179 1400 2213; x_wconf 83' lang='lat' dir='ltr'>Lex</span> <span class='ocrx_word' id='word_1_824' title='bbox 1410 2177 1660 2220; x_wconf 63' lang='lat' dir='ltr'>civilisslvecifice</span> <span class='ocrx_word' id='word_1_825' title='bbox 1669 2180 1825 2220; x_wconf 67' lang='lat' dir='ltr'>diſjtonens</span> <span class='ocrx_word' id='word_1_826' title='bbox 1834 2178 1871 2209; x_wconf 79' lang='lat' dir='ltr'>de</span> <span class='ocrx_word' id='word_1_827' title='bbox 1879 2180 1910 2209; x_wconf 89' lang='lat' dir='ltr'><em>E</em></span> <span class='ocrx_word' id='word_1_828' title='bbox 1912 2179 1957 2210; x_wconf 85' lang='lat' dir='ltr'>ccl</span> <span class='ocrx_word' id='word_1_829' title='bbox 1960 2190 1974 2208; x_wconf 87' lang='lat' dir='ltr'>e</span> <span class='ocrx_word' id='word_1_830' title='bbox 1974 2178 2029 2219; x_wconf 78' lang='lat' dir='ltr'>fiis</span> <span class='ocrx_word' id='word_1_831' title='bbox 2037 2198 2046 2211; x_wconf 75' lang='grc'><em>,</em></span> <span class='ocrx_word' id='word_1_832' title='bbox 2057 2177 2239 2220; x_wconf 63' lang='grc' dir='ltr'>ἱηαίιιὲἷιιβι-</span> 
     </span>
     <span class='ocr_line' id='line_1_108' title="bbox 1372 2219 2240 2262; baseline 0 -10"><span class='ocrx_word' id='word_1_833' title='bbox 1372 2229 1428 2262; x_wconf 83' lang='lat' dir='ltr'>per</span> <span class='ocrx_word' id='word_1_834' title='bbox 1435 2223 1555 2252; x_wconf 79' lang='lat' dir='ltr'>ratione</span> <span class='ocrx_word' id='word_1_835' title='bbox 1564 2222 1700 2252; x_wconf 86' lang='lat' dir='ltr'>naturali</span> <span class='ocrx_word' id='word_1_836' title='bbox 1708 2241 1719 2256; x_wconf 85' lang='lat'>,</span> <span class='ocrx_word' id='word_1_837' title='bbox 1741 2232 1793 2252; x_wconf 88' lang='lat' dir='ltr'>nec</span> <span class='ocrx_word' id='word_1_838' title='bbox 1800 2219 2007 2252; x_wconf 79' lang='lat' dir='ltr'>contradicens</span> <span class='ocrx_word' id='word_1_839' title='bbox 2016 2223 2137 2252; x_wconf 81' lang='lat' dir='ltr'>Canom&#39;</span> <span class='ocrx_word' id='word_1_840' title='bbox 2145 2241 2154 2256; x_wconf 91' lang='lat'><em>,</em></span> <span class='ocrx_word' id='word_1_841' title='bbox 2170 2223 2240 2261; x_wconf 78' lang='lat' dir='ltr'>Jer-</span> 
     </span>
     <span class='ocr_line' id='line_1_109' title="bbox 1374 2261 2238 2304; baseline 0 -8"><span class='ocrx_word' id='word_1_842' title='bbox 1374 2273 1470 2296; x_wconf 78' lang='lat' dir='ltr'>vatur</span> <span class='ocrx_word' id='word_1_843' title='bbox 1479 2274 1537 2295; x_wconf 84' lang='lat' dir='ltr'>non</span> <span class='ocrx_word' id='word_1_844' title='bbox 1547 2264 1668 2295; x_wconf 80' lang='lat' dir='ltr'>ratione</span> <span class='ocrx_word' id='word_1_845' title='bbox 1677 2265 1754 2302; x_wconf 85' lang='lat' dir='ltr'>legis</span> <span class='ocrx_word' id='word_1_846' title='bbox 1763 2265 1918 2304; x_wconf 85' lang='lat' dir='ltr'>Principis</span> <span class='ocrx_word' id='word_1_847' title='bbox 1927 2283 1938 2299; x_wconf 90' lang='lat'>‚</span> <span class='ocrx_word' id='word_1_848' title='bbox 1952 2261 2010 2304; x_wconf 81' lang='lat' dir='ltr'>sed</span> <span class='ocrx_word' id='word_1_849' title='bbox 2018 2266 2139 2295; x_wconf 72' lang='lat' dir='ltr'>ratione</span> <span class='ocrx_word' id='word_1_850' title='bbox 2147 2273 2238 2296; x_wconf 89' lang='lat' dir='ltr'>natu-</span> 
     </span>
     <span class='ocr_line' id='line_1_110' title="bbox 1374 2304 1814 2350; baseline -0.005 -11"><span class='ocrx_word' id='word_1_851' title='bbox 1374 2305 1546 2348; x_wconf 66' lang='lat' dir='ltr'>rali‚fioper</span> <span class='ocrx_word' id='word_1_852' title='bbox 1554 2316 1640 2345; x_wconf 75' lang='lat' dir='ltr'>quam</span> <span class='ocrx_word' id='word_1_853' title='bbox 1641 2304 1797 2350; x_wconf 85' lang='lat' dir='ltr'>fundatur</span> <span class='ocrx_word' id='word_1_854' title='bbox 1806 2329 1814 2337; x_wconf 89' lang='lat'><strong>.</strong></span> 
     </span>
    </p>

    <p class='ocr_par' dir='ltr' id='par_1_35' title="bbox 1269 2347 2241 2429">
     <span class='ocr_line' id='line_1_111' title="bbox 1269 2347 2241 2394; baseline -0.003 -10"><span class='ocrx_word' id='word_1_855' title='bbox 1269 2352 1309 2392; x_wconf 80' lang='lat'>48</span> <span class='ocrx_word' id='word_1_856' title='bbox 1330 2352 1455 2383; x_wconf 88' lang='lat' dir='ltr'>Canone</span> <span class='ocrx_word' id='word_1_857' title='bbox 1464 2371 1475 2385; x_wconf 85' lang='lat'>‚</span> <span class='ocrx_word' id='word_1_858' title='bbox 1486 2349 1537 2382; x_wconf 85' lang='lat' dir='ltr'>vel</span> <span class='ocrx_word' id='word_1_859' title='bbox 1544 2350 1609 2389; x_wconf 85' lang='lat' dir='ltr'>lege</span> <span class='ocrx_word' id='word_1_860' title='bbox 1617 2347 1777 2394; x_wconf 81' lang='lat' dir='ltr'>deficiente</span> <span class='ocrx_word' id='word_1_861' title='bbox 1787 2371 1796 2385; x_wconf 92' lang='lat'>,</span> <span class='ocrx_word' id='word_1_862' title='bbox 1818 2347 2031 2383; x_wconf 86' lang='lat' dir='ltr'>recurrendum</span> <span class='ocrx_word' id='word_1_863' title='bbox 2042 2348 2084 2392; x_wconf 88' lang='lat' dir='ltr'>est</span> <span class='ocrx_word' id='word_1_864' title='bbox 2092 2348 2134 2382; x_wconf 82' lang='lat' dir='ltr'>ad</span> <span class='ocrx_word' id='word_1_865' title='bbox 2142 2351 2241 2382; x_wconf 86' lang='lat' dir='ltr'>ratio-</span> 
     </span>
     <span class='ocr_line' id='line_1_112' title="bbox 1377 2392 1668 2429; baseline -0.003 -4"><span class='ocrx_word' id='word_1_866' title='bbox 1377 2404 1445 2425; x_wconf 86' lang='lat' dir='ltr'>nem</span> <span class='ocrx_word' id='word_1_867' title='bbox 1454 2392 1668 2429; x_wconf 50' lang='lat' dir='ltr'>naturalem</span> 
     </span>
    </p>

    <p class='ocr_par' dir='ltr' id='par_1_36' title="bbox 1269 2434 2240 2521">
     <span class='ocr_line' id='line_1_113' title="bbox 1269 2434 2240 2479; baseline 0.002 -10"><span class='ocrx_word' id='word_1_868' title='bbox 1269 2447 1310 2479; x_wconf 81' lang='lat'>49</span> <span class='ocrx_word' id='word_1_869' title='bbox 1331 2439 1459 2469; x_wconf 88' lang='lat' dir='ltr'>Statuta</span> <span class='ocrx_word' id='word_1_870' title='bbox 1468 2436 1614 2468; x_wconf 87' lang='lat' dir='ltr'>laicorum</span> <span class='ocrx_word' id='word_1_871' title='bbox 1623 2447 1664 2467; x_wconf 87' lang='lat' dir='ltr'>an</span> <span class='ocrx_word' id='word_1_872' title='bbox 1669 2436 1775 2477; x_wconf 83' lang='lat' dir='ltr'>poffint</span> <span class='ocrx_word' id='word_1_873' title='bbox 1789 2434 1984 2476; x_wconf 68' lang='lat' dir='ltr'>prejudicare</span> <span class='ocrx_word' id='word_1_874' title='bbox 1991 2437 2022 2468; x_wconf 85' lang='lat' dir='ltr'><em>E</em></span> <span class='ocrx_word' id='word_1_875' title='bbox 2024 2436 2131 2479; x_wconf 80' lang='lat' dir='ltr'>cclestae</span> <span class='ocrx_word' id='word_1_876' title='bbox 2148 2438 2183 2468; x_wconf 83' lang='lat' dir='ltr'>in</span> <span class='ocrx_word' id='word_1_877' title='bbox 2190 2447 2240 2471; x_wconf 86' lang='lat' dir='ltr'>ac-</span> 
     </span>
     <span class='ocr_line' id='line_1_114' title="bbox 1377 2477 2134 2521; baseline -0.005 -10"><span class='ocrx_word' id='word_1_878' title='bbox 1377 2478 1532 2518; x_wconf 82' lang='lat' dir='ltr'>quirendis</span> <span class='ocrx_word' id='word_1_879' title='bbox 1541 2499 1550 2514; x_wconf 83' lang='lat'><strong>‚</strong></span> <span class='ocrx_word' id='word_1_880' title='bbox 1575 2477 1614 2511; x_wconf 78' lang='lat'><em>&amp;</em></span> <span class='ocrx_word' id='word_1_881' title='bbox 1634 2491 1684 2511; x_wconf 87' lang='lat' dir='ltr'>nn.</span> <span class='ocrx_word' id='word_1_882' title='bbox 1687 2480 1770 2521; x_wconf 79' lang='lat' dir='ltr'>seqq.</span> <span class='ocrx_word' id='word_1_883' title='bbox 2132 2512 2134 2514; x_wconf 47' lang='grc'><strong>,</strong></span> 
     </span>
    </p>

    <p class='ocr_par' dir='ltr' id='par_1_37' title="bbox 1270 2520 2240 2641">
     <span class='ocr_line' id='line_1_115' title="bbox 1270 2520 2240 2565; baseline 0 -10"><span class='ocrx_word' id='word_1_884' title='bbox 1270 2531 1310 2565; x_wconf 86' lang='lat'>50</span> <span class='ocrx_word' id='word_1_885' title='bbox 1330 2523 1553 2562; x_wconf 86' lang='lat' dir='ltr'>Argumentum</span> <span class='ocrx_word' id='word_1_886' title='bbox 1563 2523 1584 2553; x_wconf 72' lang='grc' dir='ltr'><em>ἀ</em></span> <span class='ocrx_word' id='word_1_887' title='bbox 1591 2522 1677 2562; x_wconf 68' lang='lat' dir='ltr'>patto</span> <span class='ocrx_word' id='word_1_888' title='bbox 1685 2543 1695 2558; x_wconf 82' lang='lat'>‚</span> <span class='ocrx_word' id='word_1_889' title='bbox 1718 2524 1769 2554; x_wconf 87' lang='lat' dir='ltr'>vel</span> <span class='ocrx_word' id='word_1_890' title='bbox 1777 2522 1954 2564; x_wconf 85' lang='lat' dir='ltr'>testamento</span> <span class='ocrx_word' id='word_1_891' title='bbox 1962 2521 2003 2554; x_wconf 88' lang='lat' dir='ltr'>ad</span> <span class='ocrx_word' id='word_1_892' title='bbox 2011 2523 2108 2562; x_wconf 86' lang='lat' dir='ltr'>legem</span> <span class='ocrx_word' id='word_1_893' title='bbox 2117 2543 2127 2558; x_wconf 84' lang='lat'>‚</span> <span class='ocrx_word' id='word_1_894' title='bbox 2138 2520 2240 2564; x_wconf 79' lang='lat' dir='ltr'>statu-</span> 
     </span>
     <span class='ocr_line' id='line_1_116' title="bbox 1377 2563 2239 2641; baseline 0.001 -44"><span class='ocrx_word' id='word_1_895' title='bbox 1377 2575 1442 2641; x_wconf 53' lang='lat' dir='ltr'>tgm</span> <span class='ocrx_word' id='word_1_896' title='bbox 1451 2586 1462 2601; x_wconf 84' lang='lat'>,</span> <span class='ocrx_word' id='word_1_897' title='bbox 1483 2566 1536 2598; x_wconf 84' lang='lat' dir='ltr'>vel</span> <span class='ocrx_word' id='word_1_898' title='bbox 1542 2565 1780 2608; x_wconf 83' lang='lat' dir='ltr'>consuetudinem</span> <span class='ocrx_word' id='word_1_899' title='bbox 1789 2586 1798 2601; x_wconf 81' lang='lat'>‚</span> <span class='ocrx_word' id='word_1_900' title='bbox 1820 2577 1859 2597; x_wconf 90' lang='lat' dir='ltr'>an</span> <span class='ocrx_word' id='word_1_901' title='bbox 1869 2586 1879 2601; x_wconf 86' lang='lat'><strong>,</strong></span> <span class='ocrx_word' id='word_1_902' title='bbox 1901 2565 1939 2599; x_wconf 61' lang='grc' dir='ltr'>Θ·</span> <span class='ocrx_word' id='word_1_903' title='bbox 1949 2566 2065 2606; x_wconf 79' lang='lat' dir='ltr'>quando</span> <span class='ocrx_word' id='word_1_904' title='bbox 2073 2563 2218 2606; x_wconf 84' lang='lat' dir='ltr'>procedat</span> <span class='ocrx_word' id='word_1_905' title='bbox 2226 2585 2239 2604; x_wconf 81' lang='lat'>‚</span> 
     </span>
    </p>

    <p class='ocr_par' dir='ltr' id='par_1_38' title="bbox 1427 2618 1543 2648">
     <span class='ocr_line' id='line_1_117' title="bbox 1427 2618 1543 2648; baseline -0.017 -7"><span class='ocrx_word' id='word_1_906' title='bbox 1427 2621 1456 2641; x_wconf 91' lang='lat' dir='ltr'>n.</span> <span class='ocrx_word' id='word_1_907' title='bbox 1480 2618 1543 2648; x_wconf 66' lang='grc' dir='ltr'>ειη.</span> 
     </span>
    </p>

    <p class='ocr_par' dir='ltr' id='par_1_39' title="bbox 1271 2609 2239 2825">
     <span class='ocr_line' id='line_1_118' title="bbox 1271 2609 2239 2695; baseline -0.001 -10"><span class='ocrx_word' id='word_1_908' title='bbox 1271 2660 1307 2695; x_wconf 86' lang='lat'>51</span> <span class='ocrx_word' id='word_1_909' title='bbox 1331 2609 1526 2692; x_wconf 60' lang='lat' dir='ltr'>Princep&#39;ssin</span> <span class='ocrx_word' id='word_1_910' title='bbox 1539 2650 1625 2685; x_wconf 81' lang='lat' dir='ltr'>bonis</span> <span class='ocrx_word' id='word_1_911' title='bbox 1635 2650 1825 2693; x_wconf 84' lang='lat' dir='ltr'>subditorum</span> <span class='ocrx_word' id='word_1_912' title='bbox 1841 2653 1957 2685; x_wconf 82' lang='lat' dir='ltr'>nullutn</span> <span class='ocrx_word' id='word_1_913' title='bbox 1973 2650 2061 2684; x_wconf 88' lang='lat' dir='ltr'>habet</span> <span class='ocrx_word' id='word_1_914' title='bbox 2076 2649 2239 2688; x_wconf 55' lang='lat' dir='ltr'>dimitam,</span> 
     </span>
     <span class='ocr_line' id='line_1_119' title="bbox 1379 2694 2239 2738; baseline 0 -11"><span class='ocrx_word' id='word_1_915' title='bbox 1379 2695 1432 2728; x_wconf 85' lang='lat' dir='ltr'>vel</span> <span class='ocrx_word' id='word_1_916' title='bbox 1442 2696 1520 2728; x_wconf 86' lang='lat' dir='ltr'>utile</span> <span class='ocrx_word' id='word_1_917' title='bbox 1539 2694 1702 2728; x_wconf 84' lang='lat' dir='ltr'>dominium</span> <span class='ocrx_word' id='word_1_918' title='bbox 1713 2716 1723 2732; x_wconf 87' lang='lat'>‚</span> <span class='ocrx_word' id='word_1_919' title='bbox 1736 2695 1795 2738; x_wconf 90' lang='lat' dir='ltr'>sed</span> <span class='ocrx_word' id='word_1_920' title='bbox 1803 2694 1927 2728; x_wconf 73' lang='lat' dir='ltr'>tantiam</span> <span class='ocrx_word' id='word_1_921' title='bbox 1941 2695 2151 2734; x_wconf 55' lang='lat' dir='ltr'>protectionem</span> <span class='ocrx_word' id='word_1_922' title='bbox 2161 2715 2170 2730; x_wconf 81' lang='lat'>‚</span> <span class='ocrx_word' id='word_1_923' title='bbox 2192 2694 2239 2733; x_wconf 81' lang='lat' dir='ltr'>iu—</span> 
     </span>
     <span class='ocr_line' id='line_1_120' title="bbox 1377 2737 2239 2780; baseline 0 -11"><span class='ocrx_word' id='word_1_924' title='bbox 1377 2737 1582 2780; x_wconf 65' lang='lat' dir='ltr'>risdic&#39;lionem</span> <span class='ocrx_word' id='word_1_925' title='bbox 1592 2759 1601 2773; x_wconf 90' lang='lat'>,</span> <span class='ocrx_word' id='word_1_926' title='bbox 1624 2738 1661 2771; x_wconf 56' lang='grc' dir='ltr'>ῥ’</span> <span class='ocrx_word' id='word_1_927' title='bbox 1671 2738 1818 2778; x_wconf 77' lang='lat' dir='ltr'>quoddam</span> <span class='ocrx_word' id='word_1_928' title='bbox 1835 2738 2002 2770; x_wconf 85' lang='lat' dir='ltr'>dominium</span> <span class='ocrx_word' id='word_1_929' title='bbox 2018 2738 2239 2780; x_wconf 79' lang='lat' dir='ltr'>universaliter</span> 
     </span>
     <span class='ocr_line' id='line_1_121' title="bbox 1379 2782 1750 2825; baseline -0.005 -12"><span class='ocrx_word' id='word_1_930' title='bbox 1379 2782 1598 2825; x_wconf 86' lang='lat' dir='ltr'>confideratum</span> <span class='ocrx_word' id='word_1_931' title='bbox 1608 2802 1618 2817; x_wconf 91' lang='lat'>,</span> <span class='ocrx_word' id='word_1_932' title='bbox 1640 2793 1668 2812; x_wconf 85' lang='lat' dir='ltr'>n.</span> <span class='ocrx_word' id='word_1_933' title='bbox 1683 2791 1750 2823; x_wconf 88' lang='lat'>113.</span> 
     </span>
    </p>

    <p class='ocr_par' dir='ltr' id='par_1_40' title="bbox 1273 2821 2239 2952">
     <span class='ocr_line' id='line_1_122' title="bbox 1273 2821 2239 2868; baseline -0.002 -10"><span class='ocrx_word' id='word_1_934' title='bbox 1273 2832 1312 2868; x_wconf 84' lang='lat'>52</span> <span class='ocrx_word' id='word_1_935' title='bbox 1333 2824 1480 2860; x_wconf 86' lang='lat' dir='ltr'>Feudales</span> <span class='ocrx_word' id='word_1_936' title='bbox 1497 2824 1719 2866; x_wconf 82' lang='lat' dir='ltr'>consuetudines</span> <span class='ocrx_word' id='word_1_937' title='bbox 1731 2822 1871 2866; x_wconf 70' lang='lat' dir='ltr'>specifice</span> <span class='ocrx_word' id='word_1_938' title='bbox 1892 2821 2080 2866; x_wconf 84' lang='lat' dir='ltr'>disponentes</span> <span class='ocrx_word' id='word_1_939' title='bbox 2096 2821 2134 2855; x_wconf 89' lang='lat' dir='ltr'>de</span> <span class='ocrx_word' id='word_1_940' title='bbox 2154 2821 2239 2856; x_wconf 84' lang='lat' dir='ltr'>rebus</span> 
     </span>
     <span class='ocr_line' id='line_1_123' title="bbox 1373 2865 2238 2911; baseline -0.002 -11"><span class='ocrx_word' id='word_1_941' title='bbox 1373 2866 1578 2910; x_wconf 67' lang='lat' dir='ltr'>spe-flantibus</span> <span class='ocrx_word' id='word_1_942' title='bbox 1586 2868 1625 2899; x_wconf 87' lang='lat' dir='ltr'>ad</span> <span class='ocrx_word' id='word_1_943' title='bbox 1633 2869 1663 2898; x_wconf 86' lang='lat' dir='ltr'><em>E</em></span> <span class='ocrx_word' id='word_1_944' title='bbox 1666 2867 1788 2911; x_wconf 83' lang='lat' dir='ltr'>cclestas</span> <span class='ocrx_word' id='word_1_945' title='bbox 1797 2888 1806 2901; x_wconf 83' lang='lat'><strong>‚</strong></span> <span class='ocrx_word' id='word_1_946' title='bbox 1829 2868 1881 2899; x_wconf 87' lang='lat' dir='ltr'>vel</span> <span class='ocrx_word' id='word_1_947' title='bbox 1889 2867 2027 2908; x_wconf 84' lang='lat' dir='ltr'>personas</span> <span class='ocrx_word' id='word_1_948' title='bbox 2046 2869 2076 2898; x_wconf 86' lang='lat' dir='ltr'><em>E</em></span> <span class='ocrx_word' id='word_1_949' title='bbox 2077 2868 2135 2899; x_wconf 90' lang='lat' dir='ltr'>ccle</span> <span class='ocrx_word' id='word_1_950' title='bbox 2131 2865 2238 2910; x_wconf 77' lang='lat' dir='ltr'>stastt-</span> 
     </span>
     <span class='ocr_line' id='line_1_124' title="bbox 1377 2908 2237 2952; baseline -0.001 -8"><span class='ocrx_word' id='word_1_951' title='bbox 1377 2922 1430 2944; x_wconf 84' lang='lat' dir='ltr'>cas</span> <span class='ocrx_word' id='word_1_952' title='bbox 1438 2913 1557 2944; x_wconf 83' lang='lat' dir='ltr'>ratione</span> <span class='ocrx_word' id='word_1_953' title='bbox 1565 2912 1652 2943; x_wconf 84' lang='lat' dir='ltr'>utilis</span> <span class='ocrx_word' id='word_1_954' title='bbox 1661 2908 1793 2943; x_wconf 77' lang='lat' dir='ltr'>dominii</span> <span class='ocrx_word' id='word_1_955' title='bbox 1804 2931 1813 2946; x_wconf 82' lang='lat'>‚</span> <span class='ocrx_word' id='word_1_956' title='bbox 1836 2922 1894 2944; x_wconf 88' lang='lat' dir='ltr'>non</span> <span class='ocrx_word' id='word_1_957' title='bbox 1903 2915 2009 2942; x_wconf 81' lang='lat' dir='ltr'>valent</span> <span class='ocrx_word' id='word_1_958' title='bbox 2017 2931 2026 2946; x_wconf 87' lang='lat'>‚</span> <span class='ocrx_word' id='word_1_959' title='bbox 2049 2921 2127 2942; x_wconf 71' lang='lat' dir='ltr'>nunt.</span> <span class='ocrx_word' id='word_1_960' title='bbox 2140 2921 2189 2952; x_wconf 77' lang='lat'>94.</span> <span class='ocrx_word' id='word_1_961' title='bbox 2198 2909 2237 2943; x_wconf 62' lang='grc' dir='ltr'>(ῥ’</span> 
     </span>
    </p>

    <p class='ocr_par' dir='ltr' id='par_1_41' title="bbox 1393 2965 2182 2993">
     <span class='ocr_line' id='line_1_125' title="bbox 1393 2965 2182 2993; baseline -0.001 -7"><span class='ocrx_word' id='word_1_962' title='bbox 1393 2965 1455 2993; x_wconf 78' lang='lat' dir='ltr'>eqq.</span> <span class='ocrx_word' id='word_1_963' title='bbox 2180 2974 2182 2977; x_wconf 94' lang='lat'>-</span> 
     </span>
    </p>

    <p class='ocr_par' dir='ltr' id='par_1_42' title="bbox 1273 2954 2236 3080">
     <span class='ocr_line' id='line_1_126' title="bbox 1273 2954 2236 3040; baseline -0.001 -10"><span class='ocrx_word' id='word_1_964' title='bbox 1273 3006 1308 3040; x_wconf 88' lang='lat'>53</span> <span class='ocrx_word' id='word_1_965' title='bbox 1329 2999 1357 3031; x_wconf 91' lang='lat' dir='ltr'><em>F</em></span> <span class='ocrx_word' id='word_1_966' title='bbox 1357 2954 1461 3031; x_wconf 47' lang='lat' dir='ltr'>effdum</span> <span class='ocrx_word' id='word_1_967' title='bbox 1469 3009 1509 3029; x_wconf 90' lang='lat' dir='ltr'>an</span> <span class='ocrx_word' id='word_1_968' title='bbox 1518 2996 1657 3037; x_wconf 85' lang='lat' dir='ltr'>transeat</span> <span class='ocrx_word' id='word_1_969' title='bbox 1665 3000 1698 3028; x_wconf 87' lang='lat' dir='ltr'>in</span> <span class='ocrx_word' id='word_1_970' title='bbox 1708 2995 2236 3040; x_wconf 76' lang='lat' dir='ltr'>Monasterium‚ſsfeudatariutfiat</span> 
     </span>
     <span class='ocr_line' id='line_1_127' title="bbox 1378 3039 2107 3080; baseline 0 -8"><span class='ocrx_word' id='word_1_971' title='bbox 1378 3039 1553 3074; x_wconf 86' lang='lat' dir='ltr'>Monachus</span> <span class='ocrx_word' id='word_1_972' title='bbox 1561 3061 1571 3076; x_wconf 85' lang='lat'>‚</span> <span class='ocrx_word' id='word_1_973' title='bbox 1582 3041 1619 3072; x_wconf 63' lang='grc' dir='ltr'>Θ*</span> <span class='ocrx_word' id='word_1_974' title='bbox 1627 3040 1778 3080; x_wconf 49' lang='lat' dir='ltr'>›ascen-&lt;9³</span> <span class='ocrx_word' id='word_1_975' title='bbox 1787 3050 1868 3078; x_wconf 82' lang='lat' dir='ltr'>n-57.</span> <span class='ocrx_word' id='word_1_976' title='bbox 1878 3040 1963 3080; x_wconf 84' lang='lat' dir='ltr'>usque</span> <span class='ocrx_word' id='word_1_977' title='bbox 1972 3040 2013 3072; x_wconf 89' lang='lat' dir='ltr'>ad</span> <span class='ocrx_word' id='word_1_978' title='bbox 2025 3045 2107 3072; x_wconf 84' lang='lat' dir='ltr'>n.66.</span> 
     </span>
    </p>

    <p class='ocr_par' dir='ltr' id='par_1_43' title="bbox 1271 3082 2237 3169">
     <span class='ocr_line' id='line_1_128' title="bbox 1271 3082 2237 3127; baseline -0.002 -11"><span class='ocrx_word' id='word_1_979' title='bbox 1271 3093 1311 3126; x_wconf 83' lang='lat'>54</span> <span class='ocrx_word' id='word_1_980' title='bbox 1331 3086 1359 3119; x_wconf 83' lang='lat' dir='ltr'><em>F</em></span> <span class='ocrx_word' id='word_1_981' title='bbox 1359 3086 1464 3116; x_wconf 88' lang='lat' dir='ltr'>eudum</span> <span class='ocrx_word' id='word_1_982' title='bbox 1477 3092 1652 3124; x_wconf 85' lang='lat' dir='ltr'>perpetuum</span> <span class='ocrx_word' id='word_1_983' title='bbox 1663 3084 1704 3115; x_wconf 88' lang='lat' dir='ltr'>ad</span> <span class='ocrx_word' id='word_1_984' title='bbox 1722 3094 1835 3115; x_wconf 78' lang='lat' dir='ltr'>onmem</span> <span class='ocrx_word' id='word_1_985' title='bbox 1851 3082 1992 3115; x_wconf 70' lang='lat' dir='ltr'>heredem</span> <span class='ocrx_word' id='word_1_986' title='bbox 2013 3084 2126 3127; x_wconf 83' lang='lat' dir='ltr'>tranfit</span> <span class='ocrx_word' id='word_1_987' title='bbox 2136 3104 2146 3118; x_wconf 81' lang='lat'>‚</span> <span class='ocrx_word' id='word_1_988' title='bbox 2168 3085 2237 3122; x_wconf 79' lang='lat' dir='ltr'>quia</span> 
     </span>
     <span class='ocr_line' id='line_1_129' title="bbox 1378 3124 2236 3169; baseline -0.001 -10"><span class='ocrx_word' id='word_1_989' title='bbox 1378 3127 1528 3167; x_wconf 81' lang='lat' dir='ltr'>redigitur</span> <span class='ocrx_word' id='word_1_990' title='bbox 1536 3124 1674 3169; x_wconf 86' lang='lat' dir='ltr'>adinstar</span> <span class='ocrx_word' id='word_1_991' title='bbox 1687 3129 1885 3168; x_wconf 73' lang='lat' dir='ltr'>proprietatis</span> <span class='ocrx_word' id='word_1_992' title='bbox 1893 3148 1903 3163; x_wconf 87' lang='lat'>‚</span> <span class='ocrx_word' id='word_1_993' title='bbox 1925 3126 1963 3160; x_wconf 63' lang='grc' dir='ltr'><em>ΰ</em></span> <span class='ocrx_word' id='word_1_994' title='bbox 1980 3125 2075 3169; x_wconf 87' lang='lat' dir='ltr'>potest</span> <span class='ocrx_word' id='word_1_995' title='bbox 2085 3126 2236 3168; x_wconf 76' lang='lat' dir='ltr'>appellari</span> 
     </span>
    </p>

    <p class='ocr_par' dir='ltr' id='par_1_44' title="bbox 1411 3181 1537 3203">
     <span class='ocr_line' id='line_1_130' title="bbox 1411 3181 1537 3203; baseline -0.016 0"><span class='ocrx_word' id='word_1_996' title='bbox 1411 3181 1516 3203; x_wconf 89' lang='lat' dir='ltr'>ancum</span> <span class='ocrx_word' id='word_1_997' title='bbox 1530 3193 1537 3201; x_wconf 90' lang='lat'><strong>.</strong></span> 
     </span>
    </p>

    <p class='ocr_par' dir='ltr' id='par_1_45' title="bbox 1273 3169 2046 3260">
     <span class='ocr_line' id='line_1_131' title="bbox 1273 3169 2046 3260; baseline -0.003 -14"><span class='ocrx_word' id='word_1_998' title='bbox 1273 3221 1288 3254; x_wconf 87' lang='lat'><em>5</em></span> <span class='ocrx_word' id='word_1_999' title='bbox 1294 3221 1308 3252; x_wconf 88' lang='lat'><em>5</em></span> <span class='ocrx_word' id='word_1_1000' title='bbox 1332 3169 1479 3260; x_wconf 47' lang='lat' dir='ltr'>Seirfifit</span> <span class='ocrx_word' id='word_1_1001' title='bbox 1487 3212 1529 3246; x_wconf 83' lang='lat' dir='ltr'>ad</span> <span class='ocrx_word' id='word_1_1002' title='bbox 1539 3216 1639 3246; x_wconf 78' lang='lat' dir='ltr'>vitam</span> <span class='ocrx_word' id='word_1_1003' title='bbox 1648 3233 1657 3248; x_wconf 86' lang='lat'>‚</span> <span class='ocrx_word' id='word_1_1004' title='bbox 1668 3223 1765 3245; x_wconf 86' lang='lat' dir='ltr'>morte</span> <span class='ocrx_word' id='word_1_1005' title='bbox 1774 3212 2029 3256; x_wconf 75' lang='lat' dir='ltr'>n.1tur.1ltfinitur</span> <span class='ocrx_word' id='word_1_1006' title='bbox 2039 3236 2046 3244; x_wconf 90' lang='lat'><strong>.</strong></span> 
     </span>
    </p>

    <p class='ocr_par' dir='ltr' id='par_1_46' title="bbox 1271 3255 2032 3297">
     <span class='ocr_line' id='line_1_132' title="bbox 1271 3255 2032 3297; baseline 0.001 -10"><span class='ocrx_word' id='word_1_1007' title='bbox 1271 3260 1309 3296; x_wconf 86' lang='lat'>56</span> <span class='ocrx_word' id='word_1_1008' title='bbox 1332 3259 1436 3290; x_wconf 84' lang='lat' dir='ltr'>Finito</span> <span class='ocrx_word' id='word_1_1009' title='bbox 1451 3258 1515 3295; x_wconf 78' lang='lat' dir='ltr'>jure</span> <span class='ocrx_word' id='word_1_1010' title='bbox 1526 3257 1644 3289; x_wconf 68' lang='lat' dir='ltr'>datoris</span> <span class='ocrx_word' id='word_1_1011' title='bbox 1652 3277 1662 3291; x_wconf 91' lang='lat'>,</span> <span class='ocrx_word' id='word_1_1012' title='bbox 1678 3255 1706 3297; x_wconf 86' lang='lat' dir='ltr'><em>fi</em></span> <span class='ocrx_word' id='word_1_1013' title='bbox 1708 3259 1790 3287; x_wconf 82' lang='lat' dir='ltr'>nitur</span> <span class='ocrx_word' id='word_1_1014' title='bbox 1800 3256 1843 3293; x_wconf 71' lang='lat' dir='ltr'>jus</span> <span class='ocrx_word' id='word_1_1015' title='bbox 1852 3260 2015 3296; x_wconf 73' lang='lat' dir='ltr'>acceptoris</span> <span class='ocrx_word' id='word_1_1016' title='bbox 2024 3279 2032 3288; x_wconf 89' lang='lat'>.</span> 
     </span>
    </p>

    <p class='ocr_par' dir='ltr' id='par_1_47' title="bbox 1272 3299 2236 3428">
     <span class='ocr_line' id='line_1_133' title="bbox 1272 3299 2235 3341; baseline -0.005 -8"><span class='ocrx_word' id='word_1_1017' title='bbox 1272 3308 1310 3341; x_wconf 77' lang='lat'>57</span> <span class='ocrx_word' id='word_1_1018' title='bbox 1332 3301 1494 3339; x_wconf 82' lang='lat' dir='ltr'>Regularis</span> <span class='ocrx_word' id='word_1_1019' title='bbox 1510 3311 1550 3332; x_wconf 76' lang='lat' dir='ltr'>ex</span> <span class='ocrx_word' id='word_1_1020' title='bbox 1561 3299 1679 3332; x_wconf 80' lang='lat' dir='ltr'>Ordine</span> <span class='ocrx_word' id='word_1_1021' title='bbox 1695 3302 1841 3331; x_wconf 69' lang='lat' dir='ltr'>Fratrum</span> <span class='ocrx_word' id='word_1_1022' title='bbox 1853 3300 2087 3332; x_wconf 76' lang='lat' dir='ltr'>l’raedtcatorum</span> <span class='ocrx_word' id='word_1_1023' title='bbox 2108 3303 2149 3330; x_wconf 76' lang='lat' dir='ltr'>ad</span> <span class='ocrx_word' id='word_1_1024' title='bbox 2161 3300 2188 3329; x_wconf 82' lang='lat' dir='ltr'><em>E</em></span> <span class='ocrx_word' id='word_1_1025' title='bbox 2187 3300 2235 3337; x_wconf 83' lang='lat' dir='ltr'>pi-</span> 
     </span>
     <span class='ocr_line' id='line_1_134' title="bbox 1371 3338 2236 3386; baseline -0.005 -11"><span class='ocrx_word' id='word_1_1026' title='bbox 1371 3343 1527 3385; x_wconf 83' lang='lat' dir='ltr'>scopatum</span> <span class='ocrx_word' id='word_1_1027' title='bbox 1536 3340 1695 3384; x_wconf 85' lang='lat' dir='ltr'>affumptus</span> <span class='ocrx_word' id='word_1_1028' title='bbox 1704 3344 1743 3373; x_wconf 70' lang='grc' dir='ltr'><em>αὴ</em></span> <span class='ocrx_word' id='word_1_1029' title='bbox 1745 3342 1791 3382; x_wconf 71' lang='lat' dir='ltr'>fin</span> <span class='ocrx_word' id='word_1_1030' title='bbox 1801 3348 1886 3375; x_wconf 72' lang='lat' dir='ltr'>cedat</span> <span class='ocrx_word' id='word_1_1031' title='bbox 1896 3347 1928 3375; x_wconf 76' lang='lat' dir='ltr'>in</span> <span class='ocrx_word' id='word_1_1032' title='bbox 1930 3342 2023 3386; x_wconf 79' lang='lat' dir='ltr'>feudo</span> <span class='ocrx_word' id='word_1_1033' title='bbox 2033 3352 2134 3383; x_wconf 82' lang='lat' dir='ltr'>aperto</span> <span class='ocrx_word' id='word_1_1034' title='bbox 2145 3362 2153 3373; x_wconf 54' lang='lat'>2</span> <span class='ocrx_word' id='word_1_1035' title='bbox 2159 3338 2236 3381; x_wconf 78' lang='lat' dir='ltr'>post—</span> 
     </span>
     <span class='ocr_line' id='line_1_135' title="bbox 1379 3383 2235 3428; baseline -0.004 -11"><span class='ocrx_word' id='word_1_1036' title='bbox 1379 3396 1467 3424; x_wconf 84' lang='lat' dir='ltr'>quam</span> <span class='ocrx_word' id='word_1_1037' title='bbox 1482 3385 1550 3428; x_wconf 82' lang='lat' dir='ltr'>fuit</span> <span class='ocrx_word' id='word_1_1038' title='bbox 1559 3385 1747 3425; x_wconf 64' lang='lat' dir='ltr'>consecratus</span> <span class='ocrx_word' id='word_1_1039' title='bbox 1760 3388 1785 3417; x_wconf 85' lang='lat' dir='ltr'><em>E</em></span> <span class='ocrx_word' id='word_1_1040' title='bbox 1789 3395 1817 3426; x_wconf 73' lang='lat' dir='ltr'>pt</span> <span class='ocrx_word' id='word_1_1041' title='bbox 1816 3385 1845 3426; x_wconf 72' lang='lat' dir='ltr'>J}</span> <span class='ocrx_word' id='word_1_1042' title='bbox 1853 3395 1921 3426; x_wconf 78' lang='lat' dir='ltr'>opus</span> <span class='ocrx_word' id='word_1_1043' title='bbox 1929 3407 1939 3422; x_wconf 82' lang='lat'>,</span> <span class='ocrx_word' id='word_1_1044' title='bbox 1961 3385 2101 3428; x_wconf 73' lang='lat' dir='ltr'>latt&#39;sfime</span> <span class='ocrx_word' id='word_1_1045' title='bbox 2110 3383 2235 3424; x_wconf 72' lang='lat' dir='ltr'>dtjcuti-</span> 
     </span>
    </p>

    <p class='ocr_par' dir='ltr' id='par_1_48' title="bbox 1381 3428 1895 3469">
     <span class='ocr_line' id='line_1_136' title="bbox 1381 3428 1895 3469; baseline 0 -9"><span class='ocrx_word' id='word_1_1046' title='bbox 1381 3439 1432 3460; x_wconf 88' lang='lat' dir='ltr'>tur</span> <span class='ocrx_word' id='word_1_1047' title='bbox 1440 3450 1451 3464; x_wconf 89' lang='lat'>‚</span> <span class='ocrx_word' id='word_1_1048' title='bbox 1472 3439 1503 3460; x_wconf 87' lang='lat' dir='ltr'>ut</span> <span class='ocrx_word' id='word_1_1049' title='bbox 1514 3440 1542 3459; x_wconf 82' lang='lat' dir='ltr'>n.</span> <span class='ocrx_word' id='word_1_1050' title='bbox 1549 3431 1629 3467; x_wconf 82' lang='lat' dir='ltr'>seqq.</span> <span class='ocrx_word' id='word_1_1051' title='bbox 1642 3428 1726 3469; x_wconf 84' lang='lat' dir='ltr'>usque</span> <span class='ocrx_word' id='word_1_1052' title='bbox 1736 3428 1777 3460; x_wconf 65' lang='lat' dir='ltr'>,td</span> <span class='ocrx_word' id='word_1_1053' title='bbox 1785 3442 1813 3459; x_wconf 90' lang='lat' dir='ltr'>n.</span> <span class='ocrx_word' id='word_1_1054' title='bbox 1831 3434 1895 3461; x_wconf 70' lang='lat'>108.</span> 
     </span>
    </p>

    <p class='ocr_par' dir='ltr' id='par_1_49' title="bbox 1269 3471 2236 3546">
     <span class='ocr_line' id='line_1_137' title="bbox 1269 3471 2236 3546; baseline -0.006 -40"><span class='ocrx_word' id='word_1_1055' title='bbox 1269 3473 1308 3513; x_wconf 82' lang='lat'>58</span> <span class='ocrx_word' id='word_1_1056' title='bbox 1328 3473 1355 3505; x_wconf 82' lang='lat' dir='ltr'><em>F</em></span> <span class='ocrx_word' id='word_1_1057' title='bbox 1356 3471 1432 3505; x_wconf 77' lang='lat' dir='ltr'>cuda</span> <span class='ocrx_word' id='word_1_1058' title='bbox 1452 3471 1619 3515; x_wconf 75' lang='lat' dir='ltr'>secundum</span> <span class='ocrx_word' id='word_1_1059' title='bbox 1648 3474 1785 3505; x_wconf 79' lang='lat' dir='ltr'>Canones</span> <span class='ocrx_word' id='word_1_1060' title='bbox 1810 3471 1917 3506; x_wconf 80' lang='lat' dir='ltr'>habere</span> <span class='ocrx_word' id='word_1_1061' title='bbox 1947 3472 2059 3512; x_wconf 77' lang='lat' dir='ltr'>poffunt</span> <span class='ocrx_word' id='word_1_1062' title='bbox 2088 3471 2204 3546; x_wconf 48' lang='lat' dir='ltr'>Clelzici</span> <span class='ocrx_word' id='word_1_1063' title='bbox 2225 3489 2236 3505; x_wconf 85' lang='lat'>‚</span> 
     </span>
    </p>

    <p class='ocr_par' dir='ltr' id='par_1_50' title="bbox 2163 3525 2193 3545">
     <span class='ocr_line' id='line_1_138' title="bbox 2163 3525 2193 3545; baseline 0 -10"><span class='ocrx_word' id='word_1_1064' title='bbox 2163 3525 2193 3545; x_wconf 68' lang='lat' dir='ltr'>e.-</span> 
     </span>
    </p>
   </div>
   <div class='ocr_carea' id='block_1_15' title="bbox 1847 1537 1854 1545">
    <p class='ocr_par' dir='ltr' id='par_1_51' title="bbox 1847 1537 1854 1545">
     <span class='ocr_line' id='line_1_139' title="bbox 1847 1537 1854 1545; baseline 0 0"><span class='ocrx_word' id='word_1_1065' title='bbox 1847 1537 1854 1545; x_wconf 75' lang='grc' dir='ltr'>ι</span> 
     </span>
    </p>
   </div>
  </div>
 </body>
</html>
