2397 3664
215 156 251 190 4¹

202 1527 243 1559 ῳ,

200 1999 242 2033 43

208 2516 245 2547 44

373 66 436 120 18

277 155 340 181 tem
359 155 426 176 non
447 142 579 174 habeant
600 151 607 171 ι
628 140 660 173 δι’
678 140 735 169 hoc
748 136 912 175 multiplici
931 133 1067 164 ratione.
1091 132 1194 164 Prima
1212 141 1259 162 ta·-

277 190 342 224 tio,
363 185 522 228 quiaalius
540 183 599 215 fuit
608 183 752 215 conditor
769 175 915 221 Decreti3
937 177 1015 209 alius
1034 175 1260 208 Rubricatum,

273 242 307 265 ut
318 232 420 272 inquit
431 227 581 272 Speculat.
592 228 624 257 in
635 224 724 257 elude
734 219 879 260 disputat.
890 219 1058 258 &allegam
1070 217 1259 254 Advocat.§.

288 286 329 306 αι.
341 285 390 304 nu.
405 270 570 312 15.quibus
579 269 677 300 verbis
686 274 749 298 non
768 260 894 295 obscure
906 260 1092 295 insinuavit,
1111 259 1259 294 Canones

310 315 406 349 ecreti
424 313 506 347 fuiffe
522 311 722 344 Summorum
733 305 942 340 Pontificum,
962 305 995 337 &
1019 303 1260 338 Conciliotuuu

276 360 433 393 Rubricas
453 354 527 387 vero
543 353 633 396 ipsius
651 348 820 383 Gratiani.
836 347 937 392 Qiod
960 356 1041 391 patet
1049 357 1086 379 ex
1107 356 1165 381 eo,
1184 347 1259 388 quia

275 400 548 436 dixit,conditor‚
569 397 602 427 &
613 403 676 425 non
686 391 890 434 compilator,
911 400 945 424 ut
955 391 998 423 ibi
1006 387 1149 424 accurate
1157 388 1259 420 obser-

277 445 380 484 vatJo.
391 443 487 475 Andr.
497 442 530 470 in
539 436 637 470 addit.
648 437 756 469 littera
766 437 810 469 H.
822 435 969 475 Idemque
978 432 1065 466 sensit
1086 432 1214 465 Gemin.
1225 432 1260 463 in

275 500 298 521 e.
311 488 389 519 Ouis
399 483 511 523 nesciat
520 500 529 513 ‚
539 491 568 511 n.
581 489 606 521 3.
617 490 646 517 9.
658 477 726 519 dist.
737 477 774 511 Et
783 476 929 520 quamvis
939 476 1080 509 nonnulli
1090 477 1260 518 opinentur

276 521 483 563 ΚΓω-ἰσειῐιιιτι
499 523 662 556 authorem
679 522 764 555 fuiffe
773 522 941 563 quemdam
958 520 1102 553 Gratiani
1124 517 1258 558 discipu-

276 575 360 605 lum,
380 568 613 609 quivocabatur
623 565 730 600 Palea,
753 565 801 598 vel
810 564 925 599 alium,
949 572 983 596 ut
999 561 1091 594 refert
1106 562 1150 603 Jo.
1162 561 1257 593 Andr.

274 612 440 653 ubifiaepras
454 611 547 653 idque
557 611 660 643 verius
669 617 755 650 putet
764 607 844 641 Bart.
854 605 972 648 Caepol.
983 608 1015 638 in
1025 605 1054 637 d.
1065 606 1154 638 traffi.
1166 603 1203 634 ale
1212 614 1258 634 co-

270 659 348 697 gnit-
360 652 579 699 lz‘brorumJur.
590 655 705 685 Canon.
714 661 794 684 num.
804 659 849 688 17.
860 649 939 691 verfi
948 652 972 681 S
974 649 1009 682 ed
1016 645 1238 681 advertendum
1248 666 1258 681 2

274 699 336 743 post
346 697 441 731 Felin.
450 699 483 728 in
493 707 517 728 c.
529 707 555 727 2.
566 708 595 728 n.
606 706 654 735 44.
665 693 744 738 werf
756 691 888 727 Rubricae
897 691 984 735 infra
993 712 1003 727 ‚
1019 690 1055 723 de
1065 690 1200 731 rescript.
1211 699 1258 720 ta—

272 752 344 775 men
354 740 493 784 quisquis
510 738 603 771 fuerit
614 739 737 772 illatum
747 737 858 769 author
867 757 877 771 ,
899 735 982 768 certe
992 745 1099 766 neuter
1111 735 1211 774 potuit
1220 732 1258 762 il<

271 787 310 818 lis
326 785 460 819 tribuere
469 782 614 816 Canonis
625 781 867 814 authoritatem,
887 789 983 820 quam
1001 788 1065 809 non
1084 777 1257 808 habebant,

268 840 296 861 c.
308 828 499 861 Translata,
519 824 596 868 infr.
606 824 668 856 eod.
679 824 700 857 l.
704 821 763 866 fin.
775 826 811 855 C.
821 823 856 853 de
864 819 951 861 legib.
962 824 993 854 ὃ(
1005 823 1037 851 111
1060 821 1118 851 hoc
1127 817 1257 850 consen-

272 874 358 906 tiunt
367 879 476 902 omnes
487 868 571 911 supra
581 867 690 903 citati3
712 868 823 907 quibus
833 866 909 898 adde
927 864 1093 907 Baptistam
1103 863 1139 893 de
1150 862 1178 893 S.
1189 861 1257 892 Bla-

273 915 318 946 sio
327 915 359 945 in
368 911 447 945 rubr.
457 913 581 944 Decreti
589 918 670 949 n.15.
681 908 718 942 ὠ·
733 913 777 941 16.
789 904 1128 948 tom.1.Repeten.fol.3.
1140 905 1256 937 Secun-

271 960 312 990 da
329 957 427 990 ratio,
447 957 521 996 quia
535 956 644 994 aliqua:
654 963 689 984 ex
709 951 860 993 praedtcus
869 950 1000 981 rubricis
1021 948 1090 980 sunt
1106 946 1201 982 falsat,
1222 949 1256 978 ὃς

272 1011 338 1033 non
356 1001 578 1032 convenientes
588 996 739 1036 Magistro
760 994 813 1025 suo
823 1014 833 1027 2
855 1003 888 1024 ut
899 1002 981 1033 patet
992 994 1023 1024 in
1032 1003 1056 1024 c.
1067 989 1185 1023 Charta
1195 1011 1205 1025 ,
1229 1002 1255 1021 2.

271 1054 317 1085 qu.
329 1053 357 1080 9.
369 1041 405 1074 (ῤ’
415 1043 447 1072 in
457 1052 482 1073 c.
491 1041 615 1072 Placuit
625 1059 634 1074 ‚
655 1039 680 1069 il
691 1051 717 1071 2.
732 1042 777 1068 16.
789 1047 814 1076 q.
830 1045 855 1076 3.
867 1036 977 1068 Tertia
987 1036 1068 1065 ratio
1077 1055 1087 1069 ‚
1107 1033 1182 1075 quia
1191 1044 1255 1064 non

273 1087 342 1117 sunt
353 1085 453 1126 posita:
463 1084 628 1124 peremnia
636 1102 645 1115 ,
655 1082 687 1112 &
698 1081 811 1121 ubique
820 1082 853 1111 in
863 1081 975 1111 eodem
985 1079 1081 1112 libro,
1102 1087 1135 1109 ut
1144 1077 1256 1109 dicunt

268 1129 352 1171 Jo.de
362 1128 483 1158 111101.εή
493 1123 647 1167 rubrff-de
658 1121 741 1155 verb.
752 1121 924 1163 oblig-&JQ
935 1123 972 1153 de
981 1121 1083 1154 Anan.
1091 1123 1123 1152 in
1134 1121 1197 1152 rub.
1207 1122 1256 1150 in-

304 1184 321 1202 a
332 1170 368 1202 de
376 1167 491 1211 testam.
500 1178 578 1211 quos
588 1167 679 1199 refert
688 1165 804 1206 Coepol.
814 1164 845 1197 d.
856 1177 870 1196 λ
879 1188 885 1195 .
895 1173 939 1203 17.
947 1164 1072 1197 Ultima
1082 1163 1256 1203 tatio‚quia

275 1212 442 1246 secundum
457 1222 510 1242 eos
527 1211 695 1244 summaria
715 1209 803 1244 sunt,
824 1211 857 1241 ὃς
879 1218 944 1240 11011
965 1209 1112 1241 rubricae,
1133 1208 1166 1238 &
1183 1205 1255 1238 ideo

271 1258 363 1289 multi
373 1256 526 1299 appellant
537 1255 662 1287 rubrum
672 1274 683 1289 ‚
704 1254 737 1284 ὃς
747 1263 813 1284 non
821 1252 976 1283 rubricam
987 1262 995 1287 3
1016 1252 1054 1282 ad
1061 1251 1145 1291 quod
1155 1250 1255 1290 allego

270 1301 477 1332 Laurentium
486 1297 526 1329 aol
532 1296 766 1340 fin.Commenti
765 1295 817 1337 fiai
818 1294 912 1335 supra
921 1292 1058 1326 rubricas
1067 1292 1256 1326 Decreti.Ad

271 1344 331 1375 hoc
342 1352 448 1375 tamen
457 1342 529 1372 vide
538 1343 623 1383 quod
632 1350 720 1372 notat
729 1341 771 1370 ibi
782 1338 913 1380 Baptista
923 1339 960 1369 de
971 1336 1101 1369 S.Blasio
1110 1334 1254 1375 n.5.verfi

270 1387 321 1418 Tu
332 1394 433 1418 autem
443 1384 527 1418 dicas
536 1406 544 1414 .
566 1384 616 1416 Ab
624 1383 670 1415 his
680 1383 787 1424 excipe
799 1384 931 1422 primam
941 1380 1095 1412 rubricam
1106 1378 1234 1411 Decreti
1245 1398 1255 1413 2

269 1440 337 1471 quae
347 1428 363 1461 a
373 1427 581 1460 DD.habetur
589 1437 643 1468 pro
653 1426 833 1459 authentica
843 1445 853 1459 ,
873 1423 947 1456 cum
957 1423 992 1455 sit
1000 1422 1152 1464 generalis
1160 1423 1199 1453 ad
1208 1431 1256 1452 to-

269 1473 525 1505 tumdecretum²
546 1480 580 1503 ut
602 1467 1007 1509 notantSpecul.&Joann.
1019 1467 1115 1498 Andr.
1123 1466 1194 1496 locis
1213 1466 1255 1496 ci-

264 1518 356 1550 tatis,
366 1517 397 1547 &
409 1514 589 1556 Burnfiapra
597 1514 629 1545 in.
642 1513 785 1552 prooemio
796 1513 821 1548 ξ.
831 1508 913 1543 San&
923 1531 933 1545 ‚
954 1521 1001 1541 nu.
1016 1519 1062 1541 10.
1073 1510 1105 1541 &
1117 1508 1255 1548 intellige

268 1559 449 1591 authentica
458 1577 468 1592 2
485 1558 517 1589 id
526 1557 566 1588 est
576 1577 588 1591 ,
601 1566 674 1589 vera
683 1557 805 1587 rubrica
816 1552 1011 1594 compositaa
1026 1553 1181 1584 Gratiano
1191 1550 1254 1581 De-

267 1604 345 1635 creti
354 1601 493 1633 Authore
504 1620 515 1635 2
536 1610 600 1632 non
611 1608 717 1632 autem
727 1598 907 1630 authentica
915 1617 925 1632 ,
945 1598 976 1628 id
985 1596 1024 1627 est
1035 1615 1044 1630 2
1067 1595 1182 1626 habens
1192 1592 1255 1624 Ca-

266 1647 361 1678 nonis
370 1643 593 1677 authoritatem
602 1663 614 1677 ‚
630 1651 663 1674 ut
673 1642 809 1674 declarat
820 1641 896 1672 Abb.
898 1639 935 1681 fh
937 1647 994 1680 pra
1003 1640 1036 1670 in
1042 1646 1165 1679 prooem.
1174 1639 1256 1668 circa

260 1686 322 1731 fin.
333 1690 367 1722 3<
375 1686 507 1729 Baptista
517 1688 554 1718 de
564 1685 694 1717 S.Blasio
702 1682 846 1725 ubifitpra
854 1694 882 1713 n.
890 1693 900 1713 1
908 1691 934 1721 5.
946 1683 1026 1722 vers.
1038 1680 1134 1712 Adde
1142 1689 1254 1711 tamen.

266 1733 345 1764 Aliae
352 1740 459 1764 autem
467 1731 595 1761 rubrica:
605 1729 821 1760 Decretalium
831 1747 841 1760 ‚
851 1726 955 1759 Sexti,
963 1723 1236 1756 Clementinarum
1245 1743 1257 1757 ‚‚

264 1777 299 1805 &
310 1774 587 1813 Extravagantium
596 1791 605 1805 ‚
619 1780 744 1802 necnon
754 1770 857 1810 legum
867 1769 1011 1800 civilium
1021 1787 1031 1801 2
1054 1766 1257 1808 proculdubio

266 1818 334 1848 sunt
345 1816 549 1849 authenticae,
567 1816 600 1847 ὃς
611 1813 737 1854 allegari
757 1812 877 1852 poliunt
886 1813 925 1842 ad
941 1810 1132 1843 decisionem
1150 1808 1256 1840 causa-

264 1871 334 1891 rum
342 1880 352 1894 ³
370 1859 392 1892 si
403 1860 580 1891 orationem
589 1855 757 1899 perfestam
768 1855 900 1886 habeant
911 1874 920 1888 ‚
942 1863 976 1884 ut
986 1852 1086 1893 scripsi
1096 1854 1129 1883 in
1140 1863 1164 1883 c.
1174 1853 1202 1883 C
1203 1849 1255 1883 itm

263 1912 403 1935 creatura
413 1922 423 1937 2
434 1912 462 1931 n.
476 1909 523 1941 30.
532 1897 619 1941 infra
628 1900 664 1930 ae
673 1895 777 1929 celebr.
787 1899 845 1929 Mi
846 1895 915 1936 ffizr.
927 1897 980 1928 ubi
988 1897 1085 1929 etiam
1092 1905 1173 1927 num.
1179 1902 1256 1936 pra«

264 1946 326 1981 ced·
338 1946 422 1978 idem
431 1944 552 1976 firmavi
563 1941 600 1974 de
620 1938 730 1973 rubrlc.
741 1939 883 1980 Adiffalis
893 1941 1040 1972 Romani.

306 1987 480 2021 Deducitur
498 1984 653 2020 secundo,
675 1993 709 2015 ut
729 1984 782 2016 illa
797 1984 932 2024 capitula
954 1982 1101 2016 Decreti‚
1121 1991 1188 2022 quae
1205 1981 1254 2012 in<

263 2031 436 2064 scribuntur
454 2030 572 2064 Palea,
591 2038 659 2062 non
680 2027 738 2059 sint
759 2037 814 2069 pro
834 2025 1019 2057 Canonibus
1041 2025 1220 2064 recipienda
1243 2034 1251 2054 1

264 2074 385 2107 etenim
402 2074 527 2105 illorum
535 2072 656 2103 Autbor
674 2072 712 2102 ab
724 2070 878 2113 aliquibus
900 2068 986 2100 fuiss'c
997 2069 1112 2099 dicitur
1121 2068 1255 2107 quidam

264 2118 409 2149 Gratiani
428 2115 614 2157 discipulus,
633 2115 689 2155 qui
709 2114 879 2145 vocabatur
900 2111 1108 2151 Pocbapalea3
1131 2111 1212 2141 unde
1239 2109 1256 2140 a

263 2163 394 2192 nomine
416 2159 564 2192 Authoris
586 2156 676 2191 Palea
696 2155 764 2188 sunt
785 2155 953 2196 appellata,
975 2163 1009 2184 ut
1033 2152 1125 2184 refert
1144 2152 1254 2193 Joann.

266 2205 363 2236 Andr.
373 2205 406 2236 in
415 2199 559 2236 addiaaal
568 2200 686 2241 Specul.
697 2202 732 2231 in
739 2201 790 2231 tit.
799 2198 836 2230 de
845 2196 990 2238 disputat.
999 2195 1036 2228 ό·
1046 2195 1171 2233 allegat.
1184 2193 1257 2225 Ad-

269 2255 370 2278 vocat.
379 2243 500 2287 §.fi-nal.
510 2245 602 2276 litera
612 2245 655 2275 H.
665 2243 798 2283 Baptista
807 2243 843 2274 de
856 2241 885 2273 S.
898 2240 1036 2272 sslasioin
1045 2235 1182 2269 rubricas
1193 2238 1256 2268 De-

267 2292 344 2322 creti
353 2301 386 2320 m
398 2299 446 2329 24.
457 2286 548 2329 quast.
559 2297 671 2318 numer.
682 2298 732 2326 42.
744 2286 924 2318 Aliidicunt
936 2282 1110 2324 hujusmodi
1121 2281 1258 2321 capitula

268 2335 305 2366 ab
316 2334 535 2375 interpretibus
544 2330 627 2362 fuisse
638 2332 675 2362 ad
686 2330 863 2371 marginem
871 2327 1016 2359 Gratiani
1032 2324 1183 2366 adscripta
1193 2344 1204 2359 ,
1224 2325 1258 2354 δε

268 2378 447 2417 plerumque
466 2376 501 2407 ln
516 2373 781 2412 emendatioribus
803 2372 837 2403 &
852 2370 1080 2410 antiquioribus
1102 2367 1257 2407 exempla-

269 2421 353 2450 ribus
371 2418 501 2452 omiffa‚
522 2427 557 2449 ut
578 2417 718 2449 observat
739 2415 857 2447 Anton.
876 2412 973 2445 Cont.
995 2414 1027 2444 in
1049 2410 1257 2442 emendatione

269 2464 414 2495 Decreti,
435 2463 467 2494 ὃς
479 2461 541 2503 post
549 2470 623 2494 eum
633 2460 767 2503 Joannes
777 2457 931 2490 Calvinus
950 2456 983 2487 in
1002 2456 1111 2488 Lexcc.
1122 2455 1155 2485 in
1173 2449 1260 2484 verb.

269 2505 363 2538 Palea
375 2526 383 2533 .
406 2504 606 2536 Aliidemum
623 2501 760 2537 referunt
772 2502 937 2541 negotium
952 2499 990 2529 sic
1004 2497 1169 2539 procellilie
1182 2516 1191 2530 ‚
1213 2495 1262 2526 vi-

271 2549 382 2579 delicet
407 2558 414 2578 t
433 2544 521 2578 Cum
536 2545 707 2578 Gratianus
718 2543 857 2576 Romam
878 2542 1006 2574 veniil'et
1018 2551 1072 2581 pro
1092 2539 1261 2572 confirma-

273 2592 358 2622 tione
370 2590 413 2622 sui
424 2589 552 2622 Decreti
560 2589 730 2620 obtinenda
740 2606 750 2620 ,
772 2588 946 2626 librumque
957 2583 1123 2616 tradidisset
1134 2584 1262 2614 cuidam

274 2633 455 2666 cardinali,
478 2641 512 2665 ut
528 2631 659 2663 Summo
670 2628 815 2661 Pontifici
833 2629 1025 2668 probandum
1048 2634 1261 2666 praeientaret3

277 2676 451 2707 (ξω-«11113115
461 2677 568 2708 alienae
577 2674 682 2715 gloriae
693 2674 813 2705 avidus,
823 2669 977 2711 perspecta
987 2670 1089 2710 operis
1100 2667 1262 2700 nobilitate

280 2719 397 2751 seillius
415 2715 752 2751 Authoremostendere
767 2713 877 2746 animo
887 2712 1039 2746 instituit,
1059 2714 1092 2742 δι
1105 2709 1264 2751 proptesea

279 2762 377 2795 inulta
395 2760 580 2794 §ametor-um
605 2760 730 2792 Parrum
760 2760 792 2789 &
814 2755 1004 2788 Pontificum
1019 2753 1104 2786 dieta
1126 2752 1264 2784 Decreto

279 2806 413 2837 addidit.
437 2803 540 2845 Itaque
561 2812 647 2836 mota
670 2804 706 2833 de
727 2801 866 2832 Authore
887 2799 988 2840 operis
1009 2798 1174 2838 quaestione
1193 2816 1203 2830 ‚
1226 2794 1263 2827 si-

281 2848 367 2880 stitur
377 2856 503 2888 uterque
517 2857 623 2879 coram
633 2845 784 2878 Pontifice
796 2865 803 2873 .
827 2843 997 2873 Gratianus
1007 2850 1039 2873 ut
1052 2844 1078 2871 le
1089 2842 1264 2871 Autliorem

279 2891 437 2923 ostendat,
459 2890 636 2922 summatim
653 2888 782 2920 Decreti
803 2887 967 2918 ordinem,
988 2883 1122 2924 singulas
1142 2891 1264 2923 partes,

279 2937 314 2966 &
336 2932 484 2974 Capitula
500 2935 674 2965 memoriter
691 2933 819 2965 recitat.
840 2928 897 2960 Sed
921 2927 993 2959 cum
1012 2925 1188 2958 additiones
1209 2925 1262 2955 sibi

284 2980 407 3018 ignotas
430 2975 673 3016 praetetmitteret
689 2995 700 3010 ,
728 2976 761 3007 ὅ(
782 2982 820 3004 ex
842 2972 900 3003 hoc
923 2969 1102 3002 (jardinaris
1123 2977 1263 3008 argueret

282 3029 354 3053 eum
371 3019 539 3052 convinci,
558 3018 642 3058 quod
663 3019 735 3050 libri
745 3016 865 3051 Author
890 3024 954 3046 non
973 3013 1042 3044 effer
1066 3023 1073 3042 :
1095 3011 1266 3044 Gratianus

284 3062 437 3103 respondit
460 3072 467 3091 :
488 3060 558 3093 Ubi
579 3059 752 3100 hujusmodi
773 3059 909 3101 capitula
931 3058 1122 3098 reperiuntur
1140 3075 1151 3089 2
1183 3064 1267 3095 parea

285 3107 344 3140 est,
366 3115 423 3136 nec
445 3106 482 3135 de
492 3113 591 3144 grano
611 3112 696 3133 meo.
719 3105 853 3146 Indeque
873 3099 1010 3135 facium,
1032 3109 1065 3132 ut
1087 3107 1203 3130 nomen
1215 3108 1252 3137 pa

287 3150 338 3180 lcoe
355 3147 461 3180 sortita
470 3147 601 3179 fuerint.
625 3145 662 3176 Et
678 3149 820 3185 quamvis
830 3146 884 3177 alii
904 3145 992 3176 aliter
1015 3141 1164 3175 sentiant,
1187 3142 1265 3171 hanc

287 3200 390 3222 tamen
401 3193 476 3223 dicit
485 3191 638 3221 veriorem
648 3188 831 3220 sententiam
843 3188 953 3220 Battol.
964 3185 1080 3227 Caepol.
1090 3188 1123 3216 in
1141 3183 1266 3215 traliat.

286 3234 322 3265 de
332 3235 496 3272 cognitione
506 3231 839 3273 librorumJur.C.m0n.
850 3234 882 3262 in
889 3232 1017 3270 princip.
1028 3229 1106 3261 Sane
1115 3230 1153 3259 de
1166 3228 1212 3257 his
1221 3228 1267 3257 ni-

290 3276 333 3308 hil
349 3278 423 3307 certi
436 3276 586 3308 affirmate
606 3275 775 3316 poisumus.
801 3274 874 3305 illud
889 3282 996 3304 tamen
1017 3271 1078 3303 scre
1099 3272 1179 3312 apud
1200 3278 1268 3302 om-

289 3329 345 3350 nes
366 3321 399 3349 in
419 3319 554 3351 confelio
573 3319 632 3352 est,
654 3316 842 3348 Gratianum
865 3326 928 3347 non
950 3315 1036 3347 fuiise
1059 3315 1183 3346 illarum
1205 3315 1268 3343 Au-

291 3362 411 3396 thorem
431 3383 439 3390 .
463 3363 561 3404 Qiod
583 3362 654 3394 inde
675 3361 875 3393 convincitur
891 3378 901 3392 ‚
929 3358 1013 3399 quod
1035 3361 1069 3389 in
1091 3358 1214 3388 vetustis
1235 3358 1269 3386 ὄε

291 3404 551 3437 emendatioribus
572 3403 742 3437 Codicibus
762 3422 770 3437 ,
793 3411 825 3433 ut
849 3403 971 3442 praedixi
991 3422 1002 3436 2
1024 3412 1089 3433 non
1111 3399 1267 3441 reperiun-

291 3457 356 3481 tut.
377 3448 435 3479 Sed
453 3447 588 3489 quisquis
600 3448 691 3480 fuerit
709 3447 831 3478 illarum
844 3444 981 3478 Anthou
1004 3443 1062 3475 sivc
1080 3443 1267 3475 Gratianus·

263 1171 302 1215 :b

639 53 818 128 Prosp.
836 53 1070 125 Fagnan.
1089 50 1146 108 in
1165 47 1410 105 Primum
1432 46 1661 104 Librum
1681 44 1959 104 Decretal.

1300 132 1361 162 live
1383 130 1465 161 ‘illius
1475 132 1640 170 ducipulus
1651 149 1659 162 ‚
1682 136 1700 159 11
1708 140 1742 159 ve
1764 132 1839 159 inter
1847 137 1946 167 ptctes
1955 148 1966 162 ‚
1988 129 2063 162 illud
2081 139 2202 163 eertum
2223 131 2263 162 est
2274 153 2283 165 2

1298 173 1419 205 nullum
1435 170 1572 213 ipsorum
1580 171 1708 211 potuiffe
1725 170 1818 211 paleis
1828 169 1970 201 conferre
1989 173 2210 207 authoritatem
2218 173 2281 206 Ca-

1299 217 1392 248 nonis
1400 235 1412 250 ‚
1428 224 1463 246 ut
1470 216 1508 246 de
1517 214 1647 247 rubricis
1659 214 1785 246 Decreti
1792 212 1914 246 dicium
1921 213 1962 244 est
1971 212 2057 254 supra
2067 227 2097 247 n.
2105 226 2156 256 41.
2167 219 2201 249 δε
2212 227 2267 258 pro
2274 236 2283 240 <

1299 258 1398 300 pterea
1409 256 1501 290 Palea:
1512 267 1576 289 non
1586 257 1698 290 habent
1709 256 1816 298 glossas·
1827 276 1837 291 a
1855 266 1912 288 nec
1921 255 2006 298 super
2017 257 2076 289 illis
2087 259 2182 301 Hugo
2191 280 2201 294 ‚
2223 260 2282 291 Ar-

1297 302 1378 337 chid.
1388 302 1420 332 &
1430 300 1484 333 alii
1494 299 1732 334 Commentaria
1740 299 1923 332 ediderunt.
1945 298 2045 342 (Qiod
2055 300 2177 341 signum
2192 303 2234 335 est
2243 304 2281 334 ab

1299 345 1359 376 illis
1369 354 1434 376 non
1450 342 1534 375 fuisse
1547 343 1666 375 habitas
1684 353 1739 383 pro
1748 343 1937 375 authenticis
1947 362 1956 376 ‚
1977 352 2011 373 ut
2029 343 2132 384 arguit
2150 344 2281 385 Baptista

1297 390 1335 420 de
1346 387 1374 420 S.
1381 386 1478 419 Blasio
1480 385 1570 427 fiaeper
1579 383 1707 419 rubricis
1713 387 1843 418 ,Dec-reti
1852 387 1885 416 in
1893 389 1922 417 6.
1931 383 2023 428 quest.
2033 396 2113 420 nu.9.
2126 385 2164 418 Et
2171 389 2282 427 quam-

1299 431 1346 462 vis
1354 431 1451 470 aliqui
1468 430 1564 461 etiam
1573 427 1721 460 Canones
1731 431 1923 469 reperiantur
1939 429 2001 460 sine
2011 429 2111 470 glolsis
2121 449 2131 464 ‚
2155 438 2187 461 ut
2197 439 2281 470 patet

1299 475 1332 506 in
1342 481 1404 512 cap.
1415 474 1453 504 Si
1462 473 1525 511 quis
1535 473 1647 506 laicus,
1670 468 1777 511 &cast
1788 471 1842 502 ult.
1853 482 1900 501 22.
1911 470 2002 509 quaell.
2016 480 2041 510 5.
2052 472 2110 504 hoc
2131 482 2238 504 tamen
2247 473 2280 504 in

1299 516 1396 549 Paleis
1405 515 1543 557 regulare
1552 515 1592 546 est
1601 535 1612 549 ,
1621 523 1685 555 arg.
1693 514 1715 546 l.
1727 514 1816 546 Nam
1824 512 1866 545 ad
1874 524 1909 544 ea
1918 513 2008 556 ‚ffide
2016 513 2144 554 legibus.
2168 514 2280 557 Neque

1299 559 1542 600 dicasJoannem
1552 557 1790 590 Tlieutonicum
1800 556 1903 588 Paleas
1913 567 1976 589 non
1984 558 2118 599 gloffalse
2127 578 2138 594 2
2147 557 2186 590 eb
2194 558 2280 600 quod

1298 604 1332 635 in
1344 602 1397 634 suo
1405 603 1482 634 libro
1491 601 1557 634 illas
1566 611 1630 633 non
1641 601 1764 638 haberet
1773 621 1780 629 .
1792 599 1862 631 Hoc
1871 601 1961 633 enim
1967 601 2009 633 est
2018 600 2127 634 falsum
2136 622 2146 636 ,
2160 601 2235 643 quia
2243 603 2281 634 de

1298 647 1359 678 illis
1381 644 1575 678 mentionem
1585 643 1658 674 fecit
1681 645 1714 675 in
1724 654 1748 674 c.
1759 643 1924 677 maaria,
1945 645 1980 674 in
1993 644 2039 682 gl..
2053 653 2078 675 1.
2091 654 2137 676 10.
2148 642 2239 685 quaest.
2254 655 2280 675 2.

1298 688 1380 763 Qo
1389 689 1435 722 fit,
1446 697 1480 720 ut
1489 688 1620 719 minoris
1628 688 1723 718 etiam
1731 685 1930 719 authoritatis
1939 685 2050 718 habitae
2059 686 2281 729 fuerint,quam

1298 734 1348 763 dic
1365 742 1382 763 a
1391 732 1554 764 Gratiani,
1574 729 1659 770 super
1667 731 1779 771 quibus
1796 728 1981 769 expositores
1990 730 2098 770 glossas
2115 732 2205 764 edere
2216 740 2281 762 non

1299 774 1366 805 sunt
1375 774 1535 813 dedignati
1543 794 1552 803 .
1574 771 1685 814 Qare
1695 771 1798 804 Paleas
1806 781 1870 803 non
1878 770 1934 803 effe
1943 780 1999 812 pro
2008 770 2191 805 Canonibus
2201 774 2280 805 reci-

1299 818 1425 859 piendas
1433 815 1553 848 censuit
1563 815 1705 848 Thomas
1714 814 1866 847 Conanus
1875 815 1907 846 in
1916 815 2058 853 prooemio
2067 817 2193 847 Decreta·
2201 826 2281 848 num.

1298 865 1369 899 624.
1379 869 1451 891 tom.
1469 868 1493 891 1.
1505 857 1707 900 Repetenfol.
1721 869 1768 890 22.-
1778 858 1889 898 allegat
1899 857 1975 889 Abb.
1986 859 2019 889 ὃ(
2029 857 2124 890 Felin.
2133 858 2168 890 in
2177 867 2241 899 cap.
2253 870 2279 889 ι..

1297 903 1383 947 infra
1393 924 1402 938 ‚
1424 901 1460 934 de
1468 901 1604 942 rescript.
1614 904 1668 942 qui
1679 911 1784 932 tamen
1793 901 1961 941 loquuntur
1970 901 2006 933 de
2016 898 2110 932 dietis
2119 900 2282 937 Gratiani,

1297 949 1330 979 ὃς
1342 957 1407 978 non
1416 948 1453 977 de
1471 944 1570 977 Paleis
1580 966 1587 974 .
1610 946 1698 977 Adde
1707 944 1791 986 quod
1802 943 1928 976 Archid.
1938 945 1970 975 δε
1979 944 2032 975 alii
2050 943 2178 975 Decreti
2188 945 2284 976 inter-

1298 992 1396 1032 pretes
1408 988 1512 1030 paffim
1521 990 1631 1020 dicunt
1639 1008 1649 1023 ‚
1670 986 1760 1020 Palea
1770 987 1810 1020 est
1820 996 1884 1019 non
1892 985 2005 1019 habens
2022 988 2098 1027 legis
2109 987 2284 1019 authorita-

1297 1043 1362 1065 tem
1372 1034 1420 1069 3&
1430 1033 1566 1074 plerique
1577 1032 1644 1062 illas
1655 1041 1721 1063 nori
1732 1031 1865 1071 allegant
1874 1038 2033 1071 tamquam
2044 1029 2193 1072 Capitula
2202 1049 2212 1065 ‚
2235 1030 2284 1063 sed

1297 1078 1407 1108 dicunt
1425 1087 1432 1106 1
1450 1075 1540 1106 Utin
1551 1074 1602 1106 illa
1613 1073 1701 1107 Palea
1711 1094 1721 1108 ³
1744 1075 1824 1115 urgl.
1839 1074 1905 1106 1.in
1915 1072 1944 1104 d.
1952 1080 2015 1113 cap.
2025 1075 2193 1107 precaria,
2215 1073 2284 1105 Ho-

1297 1119 1412 1152 stiensis
1421 1121 1454 1150 in
1464 1125 1527 1158 cap.
1538 1118 1720 1157 sziganti
1729 1137 1738 1151 ‚
1761 1128 1808 1149 nu.
1821 1124 1847 1156 5.
1857 1114 1897 1147 de
1905 1114 1983 1156 usur.
1994 1118 2028 1149 ὃς
2037 1118 2112 1149 alibi
2131 1115 2205 1157 saepe
2217 1116 2284 1147 Do-

1297 1161 1400 1194 &ores
1410 1184 1417 1191 .
1427 1161 1486 1194 Sed
1496 1163 1529 1193 δέ
1539 1162 1564 1192 Α
1570 1162 1666 1193 rchid.
1677 1163 1710 1192 in
1720 1171 1744 1192 c.
1755 1157 1918 1204 Presbyter
1927 1180 1937 1194 ‚
1946 1162 1979 1191 in
1987 1161 2085 1199 princ.
2093 1169 2143 1196 91.
2155 1157 2224 1200 dist.
2235 1161 2285 1191 di-

1298 1208 1342 1238 cit
1360 1216 1368 1237 2
1389 1205 1460 1236 Hoc
1469 1203 1652 1245 Capitulum
1662 1205 1792 1236 habetur
1800 1204 1849 1235 hic
1868 1213 1924 1244 pro
1933 1202 2021 1237 Palea
2030 1223 2041 1238 ‚
2062 1203 2110 1235 sed
2121 1213 2177 1246 pro
2185 1212 2286 1244 grano

1297 1250 1424 1291 ponitur
1433 1257 1519 1280 extra
1528 1246 1564 1279 de
1580 1246 1720 1280 celebrat.
1728 1246 1896 1286 Miffarum
1905 1254 1967 1288 cap.
1983 1256 2008 1278 1.

1339 1291 1566 1325 Verumtamen
1577 1289 1703 1331 Praepos.
1715 1293 1749 1322 in
1759 1291 1822 1323 c.In
1826 1291 1956 1331 primis,
1966 1292 1991 1327 §.
2006 1291 2054 1322 De
2061 1289 2188 1330 persona
2196 1300 2226 1320 n.
2240 1297 2288 1329 14.

1297 1346 1325 1366 2·
1335 1344 1361 1373 11·
1377 1345 1404 1366 1·
1414 1333 1547 1366 affirmat
1565 1333 1665 1365 Paleis
1673 1354 1683 1368 2
1704 1334 1883 1367 &textibus
1892 1332 1987 1365 Palea:
1997 1354 2006 1368 ‚
2029 1333 2085 1364 nili
2096 1335 2185 1364 detur
2192 1331 2241 1374 jus
2252 1333 2285 1362 in

1296 1378 1493 1418 oppositum,
1514 1380 1726 1409 communiter
1743 1379 1847 1412 credi,
1868 1386 1905 1409 ex
1920 1379 2039 1410 notatis
2059 1386 2110 1417 per
2124 1376 2169 1416 Jo.
2186 1377 2283 1406 Andr.

1295 1423 1329 1453 &
1339 1422 1551 1453 communiter
1560 1419 1715 1451 Doctores
1724 1421 1756 1451 in
1765 1418 1796 1451 d.
1806 1432 1831 1452 c.
1844 1434 1871 1453 2.
1879 1421 1915 1452 de
1924 1421 2061 1460 rescript.
2073 1420 2132 1451 Sed
2149 1417 2231 1450 certe
2239 1418 2284 1458 Jo.

1297 1464 1392 1496 Andr.
1404 1464 1446 1494 ibi
1457 1474 1535 1494 num.
1548 1474 1574 1493 2.
1584 1464 1660 1494 Abb.
1670 1474 1698 1494 n.
1710 1474 1740 1500 9.
1753 1465 1785 1496 ὃ(
1796 1464 1850 1495 alii
1860 1474 1922 1495 non
1933 1464 2104 1505 loquuntur
2115 1464 2152 1495 de
2167 1460 2266 1492 Paleis
2275 1481 2286 1495 ,

1298 1506 1345 1554 sed
1355 1508 1392 1539 dc
1403 1506 1520 1548 legibus
1530 1506 1674 1538 civilibus
1683 1506 1699 1538 a
1709 1506 1864 1539 Gratiano
1873 1508 2026 1538 volumini
2038 1506 2181 1537 Decretis
2191 1503 2286 1536 inser-

1296 1560 1337 1583 tis
1347 1570 1357 1584 ‚
1377 1559 1446 1591 quae
1456 1559 1521 1581 non
1543 1559 1579 1580 ex
1590 1551 1620 1580 vi
1637 1549 1833 1585 insertionis,
1855 1550 1903 1581 sed
1912 1552 1987 1590 quia
2002 1549 2118 1581 etiamsi
2133 1549 2191 1579 sint
2201 1557 2287 1578 eittra

1296 1603 1408 1633 corpus
1421 1592 1548 1624 Deci-eti
1559 1612 1568 1627 ,
1591 1601 1694 1623 tamen
1705 1592 1937 1624 servaridebent
1948 1594 2043 1624 etiam
2055 1595 2086 1622 in
2103 1591 2172 1622 foro
2182 1590 2287 1621 Eccle-

1296 1635 1343 1667 siae
1354 1656 1363 1670 ‚
1374 1636 1394 1666 si
1404 1634 1589 1667 Canonibus
1600 1645 1663 1667 non
1673 1635 1731 1669 lint
1740 1636 1903 1667 contrariae
1911 1657 1921 1670 ‚
1929 1646 2049 1677 argum.
2060 1646 2084 1666 c.
2096 1631 2267 1675 Pastoralis
2275 1653 2286 1668 ‚

1296 1677 1383 1722 infra
1393 1677 1430 1710 de
1437 1677 1491 1719 fid.
1501 1677 1592 1720 Instr.
1601 1680 1634 1711 ὅ(
1646 1688 1753 1711 tenent
1762 1681 1796 1710 in
1804 1690 1827 1710 c.
1837 1689 1860 1709 1.
1872 1678 1958 1721 infra
1967 1699 1976 1713 ,
1987 1684 2023 1710 ae
2032 1679 2191 1717 novioper.
2199 1686 2285 1707 nunc.

1296 1723 1374 1754 Abb.
1386 1724 1493 1762 Antiq.
1504 1733 1533 1752 n.
1547 1721 1624 1763 2.Jo.
1634 1721 1732 1756 Andr.
1742 1733 1789 1753 nu.
1805 1730 1829 1760 5.
1843 1724 1874 1753 ὃς
1886 1724 2099 1754 communiter
2110 1719 2264 1753 Doctores
2276 1739 2287 1753 ⁵

1296 1765 1432 1798 Anchar.
1445 1765 1494 1796 hic
1505 1766 1539 1797 in
1560 1763 1724 1805 1.‹1uaest.n.
1736 1776 1788 1805 44.
1799 1764 1972 1806 Rormleas.
1988 1770 2244 1803 172.n.5‹52p.1rt-
2261 1772 2285 1793 1·

1296 1816 1406 1841 resent-
1416 1807 1453 1839 Et
1471 1818 1662 1849 quamquam
1673 1808 1763 1840 hodie
1788 1808 1958 1840 Decretum
1979 1807 2143 1844 Gratiani,
2166 1815 2199 1838 ut
2221 1815 2289 1846 pars

1292 1852 1373 1895 Juris
1382 1850 1555 1885 Canonici‚
1565 1851 1601 1883 sit
1610 1852 1816 1892 approbatum
1828 1862 1879 1893 per
1889 1852 2078 1891 Gregorium
2089 1849 2213 1882 XIII-ut
2222 1849 2290 1880 dixi

1298 1894 1384 1935 supra
1393 1906 1443 1926 nu.
1454 1905 1500 1925 22.
1511 1904 1617 1926 tamen
1628 1895 1996 1936 videturintelligendum
2006 1894 2109 1934 quoad
2118 1891 2202 1925 aicta
2212 1892 2288 1922 San-

1294 1936 1421 1970 &otum
1439 1937 1564 1970 Parrum
1574 1958 1584 1972 ‚
1604 1939 1638 1970 ὅ(
1658 1936 1879 1970 Romanorum
1895 1937 2086 1970 Pontificum
2094 1956 2108 1970 2
2127 1946 2153 1967 c.
2170 1936 2209 1967 Si
2231 1937 2290 1967 Ro-

1295 1990 1451 2029 rnanorum
1459 2001 1472 2016 ,
1495 1990 1543 2018 19.
1565 1978 1634 2021 dist.
1654 1980 1703 2013 sed
1721 1982 1825 2021 quoad
1847 1982 1928 2023 leges
1949 1981 2059 2012 civiles
2077 1978 2208 2011 Canoni
2224 1987 2289 2009 non

1295 2022 1442 2057 insertas,
1463 2024 1569 2063 quoad
1586 2023 1724 2056 rubricas
1734 2044 1745 2058 2
1767 2027 1799 2055 ὃ(
1815 2023 1900 2057 dista
1910 2023 2079 2057 Gratiani,
2098 2026 2145 2053 vel
2164 2022 2291 2053 alterius

1296 2077 1361 2098 non
1372 2066 1514 2098 habentis
1523 2066 1703 2107 potestatem
1720 2069 1879 2098 condendi
1888 2065 2039 2098 Canones
2049 2086 2061 2100 2
2082 2066 2156 2098 liber
2167 2074 2232 2096 non
2244 2066 2291 2095 vi-

1296 2110 1385 2140 detur
1395 2109 1593 2140 authenticus
1604 2129 1613 2143 ‚
1634 2108 1752 2141 licetsir
1773 2109 1957 2151 magistralis
1967 2130 1976 2144 ‚
1998 2119 2030 2140 ut
2042 2108 2181 2149 notatJo.
2191 2109 2289 2140 Andr.

1297 2153 1330 2182 in
1341 2150 1369 2181 d.
1379 2160 1434 2181 ιη.
1446 2161 1495 2180 nu.
1508 2161 1534 2180 2.
1538 2150 1632 2190 supra
1640 2150 1675 2181 de
1685 2151 1824 2191 rescript.
1833 2161 1929 2190 quem
1940 2153 1982 2181 ibi
1993 2153 2206 2181 communiter
2214 2150 2290 2181 DD.

1298 2193 1466 2234 sequuntur
1474 2212 1486 2228 2
1506 2194 1539 2225 &
1550 2192 1683 2234 Baptista
1693 2195 1731 2225 de
1740 2192 1772 2224 S.
1782 2192 1880 2224 Blasio
1888 2195 1924 2225 in
1938 2190 2075 2226 rubricas
2082 2194 2212 2225 Decreti
2219 2195 2251 2224 in
2260 2196 2289 2224 6.

1298 2233 1392 2277 quest.
1401 2245 1482 2267 num.
1497 2245 1547 2267 10.

1342 2279 1486 2311 Secundo
1497 2287 1572 2310 nota
1580 2298 1590 2312 ‚
1611 2276 1762 2310 Canones
1770 2287 1879 2310 omnes
1887 2278 1944 2311 esse
1954 2279 1988 2311 in
1997 2288 2165 2320 praecepto,
2187 2288 2222 2311 ut
2243 2277 2293 2310 hic

1303 2323 1460 2364 probatur.
1472 2323 1674 2362 ponderando
1684 2323 1811 2353 verbum
1823 2322 2054 2362 imperativum,
2063 2320 2289 2363 Custodiantur.

1299 2364 1388 2397 Nam
1407 2367 1492 2406 quod
1512 2367 1682 2406 imperatur
1692 2385 1702 2399 ‚
1728 2367 1923 2406 praecipitur*¹
1945 2367 1977 2397 ὃ(
1998 2368 2081 2407 quod
2096 2365 2273 2406 praecipitur
2281 2386 2291 2400 ‚

1300 2409 1471 2449 imperatur
1482 2428 1492 2442 ‚
1512 2419 1536 2439 c.
1547 2407 1694 2454 Qisquis
1707 2411 1859 2449 praeceptis
1869 2429 1878 2443 ‚
1906 2418 1954 2449 14.
1965 2419 2010 2446 qu.
2025 2418 2048 2440 1.
2059 2408 2169 2448 &cap
2178 2410 2214 2441 In
2224 2407 2272 2440 his
2281 2429 2291 2443 ‚

1301 2452 1336 2483 de
1346 2449 1643 2493 verborumfignzfic.
1656 2461 1688 2482 ut
1701 2450 1750 2482 hic
1761 2461 1810 2492 per
1821 2451 1923 2493 AEgid.
1937 2452 2138 2484 ΒεΙ13111εῐ.ι>ι
2151 2464 2177 2483 2.
2190 2450 2290 2484 notab-

1301 2496 1334 2528 &
1344 2494 1480 2542 Anchar.
1491 2505 1522 2525 n.
1533 2504 1582 2529 90.
1592 2493 1688 2525 Unde
1699 2493 1830 2526 infertur
1839 2515 1849 2529 ,
1873 2506 1905 2526 ut
1916 2494 2063 2527 Canones
2077 2497 2216 2537 obligent
2227 2505 2293 2526 non

1302 2547 1427 2570 tantum
1435 2538 1472 2568 ad
1484 2547 1607 2578 poenam
1616 2558 1625 2571 ‚
1639 2537 1687 2568 sed
1697 2540 1794 2570 etiam
1802 2541 1840 2570 ad
1851 2541 1974 2579 culpam
1982 2560 1989 2568 .
2014 2540 2049 2570 ln
2059 2547 2123 2580 quo
2135 2549 2240 2571 tamen
2251 2539 2292 2570 sic

1302 2580 1399 2624 potest
1415 2580 1561 2621 distingui
1580 2579 1748 2612 secundum
1757 2579 1942 2613 Collecihic
1953 2592 2037 2614 n.21.
2045 2585 2077 2613 E<
2088 2582 2246 2613 Bellamer.
2259 2584 2293 2613 in

1306 2635 1351 2656 22.
1361 2633 1387 2660 q.
1399 2622 1485 2654 Nam
1495 2632 1548 2655 aut
1567 2626 1637 2664 quis
1649 2627 1734 2656 venit
1745 2633 1854 2655 contra
1871 2623 2020 2656 Canones
2030 2634 2066 2655 ex
2085 2634 2268 2665 contemptu
2281 2645 2290 2659 ‚

1303 2670 1431 2713 cred—ens
1449 2666 1616 2698 Eccleliam
1634 2677 1697 2698 non
1720 2667 1829 2698 habere
1851 2670 2007 2699 condendi
2026 2668 2208 2708 potestatem
2228 2679 2236 2699 ι
2258 2671 2293 2700 ὄε

1304 2718 1448 2751 punietur
1458 2719 1492 2740 ut
1502 2708 1662 2741 haereticus
1673 2730 1682 2744 ‚
1691 2708 1870 2753 c.Nullifizs
1878 2731 1888 2745 ,
1903 2707 2056 2750 maist-5<
2072 2712 2182 2742 melius
2195 2714 2226 2742 in
2234 2722 2258 2743 c.
2266 2721 2292 2742 1.

1305 2764 1353 2784 22.
1364 2750 1434 2792 dist.
1445 2753 1508 2783 Aut
1517 2754 1586 2793 quis
1608 2755 1692 2785 venit
1701 2762 1810 2786 contra
1832 2752 1980 2784 Canones
1992 2756 2202 2795 praecipientes
2211 2774 2221 2788 ‚
2244 2755 2290 2785 vel

1305 2796 1503 2838 prohibentes
1512 2815 1522 2830 ‚
1542 2798 1616 2836 quia
1632 2807 1696 2827 non
1706 2805 1794 2828 curat
1816 2795 1842 2826 se
1854 2798 1914 2838 legi
1925 2795 2072 2835 subjicere
2093 2808 2100 2828 :
2123 2799 2156 2828 δε
2167 2807 2241 2829 tunc
2250 2796 2290 2828 est

1306 2838 1425 2881 proprie
1444 2848 1641 2885 contemptus
1651 2859 1661 2873 ‚
1682 2841 1715 2871 δε
1726 2841 1938 2871 inobedientia
1946 2860 1956 2873 ,
1980 2843 2013 2871 ὅς
2033 2841 2163 2872 mortale
2182 2850 2274 2882 pecca
2282 2858 2290 2862 -

1306 2891 1374 2914 tum
1390 2892 1397 2912 :
1413 2884 1446 2913 ὃ(
1457 2882 1526 2913 talis
1543 2882 1658 2914 dicitur
1669 2881 1864 2923 tranlgrelsor
1875 2903 1884 2915 ‚
1906 2884 1938 2914 &
1950 2885 2077 2923 punitur
2109 2894 2179 2914 oena
2198 2885 2291 2923 depo⁴

1306 2925 1443 2960 litionis,
1464 2935 1489 2956 c.
1499 2924 1622 2957 Dudum
1631 2924 1656 2956 il
1668 2935 1695 2955 2.
1705 2923 1742 2955 de
1750 2925 1833 2956 elea.
1843 2923 1883 2957 ὠ·
1898 2927 1923 2962 §.
1934 2928 1990 2957 ult.
1999 2936 2028 2966 4.
2040 2894 2108 2966 dzss.
2119 2929 2150 2958 ὃ(
2163 2925 2291 2958 consen—

1306 2968 1343 3000 tit
1354 2969 1393 3008 gl.
1403 2970 1436 2999 in
1453 2979 1477 2999 c.
1488 2967 1656 3001 Generali,
1677 2969 1710 2998 in
1720 2977 1785 2998 ver.
1796 2966 1960 3000 inhibemus
1970 2989 1979 3003 ‚
2000 2969 2037 3000 de
2059 2970 2141 3000 cleri.
2151 2967 2204 3001 lib.
2215 2974 2244 3001 6.
2258 2971 2291 3001 &

1306 3011 1406 3058 Anch.
1419 3010 1469 3057 liic
1479 3021 1529 3041 nu.
1538 3014 1587 3041 δί.
1597 3010 1738 3043 Subdunt
1754 3020 1859 3042 tamen
1869 3011 2038 3044 conectat.
2050 3015 2082 3044 ὃς
2102 3013 2225 3045 Bellam.
2236 3013 2290 3044 hu·

1309 3054 1437 3093 iulmodi
1454 3063 1671 3095 contemptum
1682 3063 1746 3084 non
1764 3057 1916 3087 convinci
1936 3056 1974 3086 de
1984 3056 2128 3098 aequitate
2150 3055 2205 3088 nisi
2230 3056 2291 3096 post

1308 3098 1536 3142 monitionem,
1558 3095 1726 3128 secundum
1736 3106 1771 3127 ea
1781 3118 1790 3131 ‚
1811 3107 1878 3138 quae
1888 3099 2008 3140 colligit
2019 3101 2101 3131 idem
2114 3098 2246 3130 Colleci.
2259 3101 2291 3129 in

1308 3151 1331 3171 c.
1343 3141 1451 3170 Novit
1460 3140 1498 3170 de
1516 3139 1605 3177 judic.
1615 3140 1680 3172 Aut
1701 3141 1834 3180 denique
1847 3144 2009 3182 venitquis
2026 3152 2134 3174 contra
2144 3141 2291 3174 canones

1310 3192 1432 3224 propter
1447 3182 1735 3229 concupiscentiam
1743 3203 1753 3217 ‚
1774 3185 1823 3214 vel
1845 3186 1924 3216 iram
1934 3205 1944 3219 ‚
1965 3195 2019 3217 aut
2042 3187 2263 3227 negligentiam
2284 3196 2289 3213 τ

1309 3230 1341 3258 ἃ
1354 3236 1417 3257 non
1431 3227 1546 3257 dicitur
1556 3225 1766 3267 transgressio,
1790 3237 1845 3258 nec
1857 3237 1909 3267 pet·
1929 3229 2118 3270 consequens
2130 3237 2292 3271 peccatum

1311 3270 1457 3302 mortale,
1479 3278 1512 3300 ut
1531 3269 1593 3313 poli
1605 3268 1645 3300 D.
1655 3267 1715 3299 Th.
1728 3279 1815 3301 notat
1833 3272 1960 3303 Archid.
1973 3274 2005 3304 in
2014 3280 2075 3312 cap.
2087 3273 2271 3317 Quicumque
2282 3291 2291 3305 ,

1311 3317 1360 3344 81.
1369 3310 1437 3352 alst.
1449 3312 1505 3344 Sed
1514 3314 1551 3343 ad
1563 3313 1620 3357 hoc
1632 3311 1702 3343 vide
1714 3321 1747 3344 tu
1755 3313 1832 3344 Abb.
1844 3313 1893 3345 liic
1903 3325 1964 3352 n-9.
1974 3316 2097 3358 &quod
2107 3313 2284 3350 infraattin-

1310 3365 1383 3403 gam
1394 3375 1403 3388 ‚
1425 3366 1454 3385 n.
1468 3363 1534 3391 107.
1548 3356 1580 3385 in
1599 3357 1724 3395 leptima
1735 3357 1943 3389 declaratione
1952 3379 1963 3393 ‚
1982 3360 2014 3390 ὅ(
2037 3361 2113 3391 adde
2125 3356 2295 3389 secundum

1311 3398 1509 3439 Lonipoliell.
1522 3397 1570 3428 liic
1590 3409 1618 3427 η.
1635 3398 1748 3437 1.(1118111
1760 3402 1811 3439 qui
1824 3399 1970 3433 Canones
1988 3413 2051 3433 non
2064 3402 2151 3433 habet
2161 3420 2171 3434 s
2194 3401 2295 3430 redar-

1309 3444 1447 3483 guendus
1457 3440 1498 3472 est
1508 3442 1545 3475 u'e
1557 3441 1700 3484 neglectu
1718 3453 1722 3473 :
1740 3453 1794 3484 qui
1806 3444 1893 3476 habet
1903 3464 1912 3479 ‚
1934 3447 1965 3477 ἃ
1978 3455 2041 3476 non
2060 3443 2156 3477 servat
2166 3464 2174 3474 .
2198 3446 2233 3474 de
2244 3452 2289 3473 tc-

2157 3496 2251 3518 mert-

2310 1297 2348 1329 45

2314 2288 2357 2320 47
