2397 3664
719 43 819 106 De
856 42 1090 108 Constit.
1114 63 1174 108 c.
1206 44 1272 107 N
1274 63 1306 109 e
1339 47 1613 111 innitarisi
1642 96 1645 105 .

201 130 340 166 Demuin
349 141 404 173 pro
413 130 471 162 hac
480 128 633 166 sententia
653 127 721 159 sunt
729 128 907 163 Aristoteles
920 150 930 165 ‚
951 128 1040 168 cujus
1054 130 1147 161 vei-ba

159 177 321 211 retulimus
331 195 342 210 ,
357 176 392 207 δε
401 173 602 214 expendimus
612 170 701 213 supra
709 172 744 202 in
759 181 785 203 1.
797 182 823 203 2.
835 169 873 207 Θ
885 181 897 204 1
905 182 931 213 3.
944 170 1147 216 fundamento

160 229 242 252 num.
253 229 266 251 1
274 229 321 259 ²4·
331 229 360 249 n.
375 228 386 250 1
395 222 442 254 26·
454 215 491 249 &-
505 227 535 247 n.
549 222 616 254 154.
632 215 709 249 dum
716 214 805 249 enim
812 216 921 252 docuit
930 226 995 249 non
1005 215 1062 248 effe
1070 215 1145 251 libe-

157 273 229 297 tum
236 263 378 303 opinati,
395 263 429 294 δε
447 261 480 296 in
491 259 621 300 paritate
640 259 872 290 contrariorum
888 268 1034 291 motuum
1053 269 1146 301 opor-

159 315 224 338 tere
241 304 438 342 intelle6h1m
445 299 600 343 quiescere
610 310 624 337 ἰ
637 298 741 342 aperte
751 299 842 347 sensit
848 302 882 333 in
892 302 1067 343 aequilibrio
1075 301 1145 343 opi-

156 351 293 384 nionum
302 358 365 380 non
375 347 431 380 effe
440 347 476 377 in
484 343 573 378 nobis
583 342 664 378 hanc
672 363 683 380 ,
700 343 749 377 vel
760 344 846 376 illam
855 346 979 385 opinati
988 367 997 375 .
1014 344 1145 380 &Tho-

156 402 224 424 mas
232 392 266 423 in
275 391 388 433 praeall,
396 386 556 428 quadum.
566 394 630 420 art,
643 395 689 427 13-
699 388 756 431 qui
762 386 865 428 aperte
879 387 977 420 soli'im
985 390 1143 424 concedit,

157 438 192 468 in
201 435 420 472 contrarietate
440 430 633 470 opinionum
646 430 704 464 effe
727 430 852 466 licitum
861 430 948 473 sequi
966 432 1052 464 illam
1073 441 1143 464 tan-

156 479 246 512 tum,
262 477 382 518 quaeita
403 473 557 516 judicatur
574 483 664 507 vera,
681 483 716 505 ut
731 474 770 505 ab
791 474 886 508 altera
901 474 1042 516 opposita
1062 475 1142 508 nihil

159 519 336 561 intellectus
346 525 509 551 moveatur
520 516 664 557 petillius
674 516 811 551 rationes
819 537 830 551 ‚
844 519 877 551 &
888 519 1024 553 motiva.
1044 517 1144 554 Unde

155 563 179 596 si
198 571 325 603 utraque
340 561 380 594 est
389 559 474 602 aeque
498 559 682 601 probabilis,
703 568 740 591 ex
758 558 911 593 sententia
929 559 958 591 S.
971 559 1141 596 Dostoi‘is‚

155 615 355 647 nequaquam
376 603 449 638 licet
459 612 621 643 utramque
630 602 744 644 eligere
751 622 765 638 „
779 601 852 638 cum
861 604 899 637 in.
917 604 1012 636 altera
1021 604 1061 638 est
1073 614 1142 644 pee-

155 649 250 684 candi
259 647 448 689 periculum.
466 646 506 682 Et
527 643 696 686 quodltbig.
714 654 775 677 art.
790 655 838 678 10.
859 646 1000 683 admittit
1008 646 1140 682 inaliis,

154 702 221 732 quae
230 693 270 723 ad
280 701 383 724 mores
394 701 457 722 non
468 691 623 731 pertinent
632 709 642 724 ³
661 689 716 725 effe
725 689 856 723 liberum
867 689 969 730 sequi,
988 700 1080 733 atque
1089 692 1142 723 de-

153 735 279 771 fendere
289 743 452 775 utramque
461 735 662 775 opinionem:
678 741 744 764 non
753 742 860 766 autem
870 735 908 768 in
915 733 963 764 his
972 753 987 771 ,¹
998 743 1069 774 quat
1079 733 1142 774 spe-

154 777 242 810 «stant
251 779 291 809 ad
308 787 427 814 mores,
449 777 487 811 in
504 777 616 818 quibus
625 775 742 811 scilicet
752 775 792 807 est
809 777 986 816 periculum,
1002 779 1121 818 peccati
1132 799 1145 811 .,

153 821 265 854 Scotus
275 820 358 857 infra
366 822 480 855 citatus
490 822 525 853 in
542 829 568 859 3.
587 816 678 860 quest.
689 820 722 854 εἴη
735 817 1001 862 loifundamento„
1015 821 1141 865 prosm-

153 867 252 900 tentia
266 865 414 904 negativa
421 861 484 904 post
492 875 522 894 n.
535 867 608 903 264,
620 861 792 899 cumcuim
801 864 872 899 sunt
878 865 945 895 dux
954 865 1121 904 opiniones
1129 884 1139 898 ‚

154 918 292 948 quarum
307 917 370 943 una
385 906 427 938 est
438 907 624 947 probabilior
633 906 728 942 altera
738 926 748 941 ,
763 907 841 942 dicit
859 906 996 943 nonsine
1013 917 1140 947 peccato

153 953 291 992 aliquem
299 950 328 987 se
336 960 489 993 exponere
499 951 596 986 dubio
605 969 615 983 ,
626 948 781 990 sequendo
789 948 904 986 scilicet
915 947 1020 984 minus
1031 952 1140 990 proba-

153 994 249 1027 bilem
258 1016 267 1024 .
285 993 400 1028 Eadem
410 1002 514 1025 autem
529 993 570 1027 est
579 994 660 1027 tatio
667 994 754 1028 dubii
764 1013 774 1027 ,
791 1002 882 1033 atque
895 992 1045 1034 periculi,
1067 992 1141 1025 cuin

152 1038 250 1070 anibae
266 1037 335 1079 sunt
343 1035 428 1076 aeque
439 1036 608 1076 probabiles
616 1055 631 1070 2
648 1037 681 1068 &
692 1035 851 1077 nonaeque
861 1046 934 1072 tutae
943 1059 951 1066 .
965 1037 1009 1077 JQ·
1020 1035 1140 1073 Gerson

155 1079 371 1115 Cancellarius
382 1078 574 1115 parisiensis,
591 1079 679 1120 cujus
688 1080 779 1110 verba
789 1078 964 1113 referuntur
974 1079 1056 1114 infra
1066 1083 1099 1110 in
1112 1090 1137 1117 3.

150 1121 289 1164 quaesttin
297 1121 562 1166 422fundamento
571 1131 730 1164 num-34³.
749 1122 886 1157 Gabriel.
905 1124 938 1153 in
960 1121 1077 1163 4·.d1st·
1092 1131 1136 1160 15.

151 1164 245 1208 ρπβ.
254 1169 282 1200 8.
293 1175 356 1200 art,
369 1175 413 1206 13.
430 1163 497 1202 dub.
510 1177 537 1197 2.
550 1166 595 1206 Jo.
606 1165 711 1206 Major
728 1167 761 1196 in
778 1175 807 1205 4.
818 1175 844 1202 q.
871 1177 897 1196 2.
908 1166 1036 1205 Proi'ogx
1051 1164 1137 1198 Con-

151 1212 248 1245 tadus
261 1210 298 1242 de
315 1209 463 1245 contragi„
477 1207 573 1251 quast.v
585 1219 655 1243 100..
670 1210 724 1243 ubi
746 1210 885 1240 admittit
904 1209 1085 1249 poiiequem
1108 1212 1144 1241 in.

148 1255 374 1288 contrarietate
392 1253 582 1294 opinionum
604 1253 732 1286 alteram
757 1251 840 1292 sequ}
852 1272 861 1283 ,
882 1252 1056 1285 dummodo
1078 1251 1138 1284 for-

148 1306 213 1331 met
225 1296 280 1327 sibi
290 1298 404 1328 bonam
416 1296 640 1328 conscientiam
650 1306 663 1332 ·‚,
674 1297 706 1327 δε
719 1305 792 1327 mox
802 1295 920 1330 subdit,
935 1297 1049 1327 bonam
1063 1306 1138 1330 con,-

150 1339 333 1374 scientiam,
350 1350 417 1379 quae
427 1338 587 1372 formanda
596 1339 655 1373 est,
674 1338 748 1370 stare
760 1349 825 1370 non
843 1338 920 1379 poise
930 1349 1003 1370 cum
1020 1341 1131 1380 „equiti

150 1382 197 1415 bri
211 1381 404 1417 conscientia
414 1382 552 1414 distante
570 1382 701 1424 pariter,
721 1383 754 1413 &
772 1381 858 1422 quod
876 1384 912 1416 sit
923 1382 1133 1423 peecatumie

148 1424 289 1459 cundum
306 1427 424 1466 aliquas
433 1426 569 1461 rationes
580 1446 589 1459 ,
608 1427 638 1456 ὃ(
651 1425 822 1457 secundum
839 1425 912 1456 alias
920 1425 1005 1466 quod
1017 1435 1081 1458 non
1102 1425 1138 1456 sit

149 1478 313 1512 peccatum
322 1488 336 1504 2
348 1471 423 1510 quia
434 1469 468 1501 in
484 1470 539 1500 tali
557 1469 652 1501 dubio
660 1478 724 1500 non
736 1468 831 1509 potest
842 1467 969 1501 formati
985 1469 1084 1503 bona,
1104 1470 1138 1500 δέ

145 1521 211 1545 non
223 1512 396 1548 dubitativa
407 1511 617 1544 conscientia:
632 1513 665 1547 &
675 1512 767 1543 conci.
782 1522 810 1544 1..
818 1512 861 1543 ait
873 1522 880 1541 :
897 1512 1030 1556 Qunam
1047 1522 1138 1550 agens

146 1552 238 1591 babet-
253 1555 437 1594 aquilibrem
456 1555 687 1597 conscientiam,
708 1555 783 1592 quoii
790 1564 909 1594 peccet,
925 1553 963 1587 Θ
983 1555 1057 1592 quod
1077 1565 1137 1588 non

145 1606 244 1638 peccet
255 1619 264 1632 ,
285 1607 406 1638 peccat.
428 1598 503 1631 Silv.
524 1601 557 1630 in
574 1608 639 1630 ver.
649 1595 801 1633 Dubium,
821 1597 859 1630 Θ
875 1600 907 1629 in
925 1609 990 1630 ver.
1001 1599 1136 1637 Opinio,

147 1643 200 1673 ubi
210 1644 242 1673 in
253 1642 331 1673 hanc
344 1652 407 1673 rem
418 1643 517 1673 inulta
525 1639 646 1682 egregie
657 1642 777 1682 colligit
791 1652 826 1672 ex
837 1641 878 1673 D.
890 1641 1007 1673 Thom.
1019 1643 1051 1673 ὃ(
1063 1642 1133 1672 aliis

145 1683 172 1718 'I
180 1684 339 1727 heologis·,
360 1688 404 1716 ait
414 1688 498 1716 enim
510 1698 519 1714 .·
543 1683 676 1718 Dubium
682 1683 756 1725 prob
762 1682 807 1716 abi
811 1686 850 1720 le,
862 1684 936 1723 quod
946 1684 979 1716 di
976 1683 1135 1725 stinguita'

140 1727 314 1769 scrupuloso
324 1748 333 1762 ,
356 1727 397 1769 est
406 1731 523 1766 quando
532 1730 666 1760 rationes
675 1726 843 1768 probabiles
851 1739 890 1759 ex
907 1737 1032 1765 utraque
1049 1736 1135 1769 parte

140 1770 216 1811 sunt
227 1781 282 1809 qua
278 1771 310 1814 fi
318 1772 420 1810 aquali
427 1784 452 1806 s,
463 1770 501 1805 Θ
509 1775 542 1803 in
552 1774 612 1806 talis
622 1770 709 1804 dubio
719 1771 866 1812 operando
875 1774 940 1810 quis
953 1780 1057 1811 peccat
1065 1793 1073 1801 .
1097 1771 1135 1802 Et

144 1813 259 1846 iterum
271 1818 388 1847 subdit:
409 1817 434 1847 S
436 1817 447 1846 i
454 1813 653 1854 probabilitas
662 1814 731 1847 hinc
742 1815 812 1850 inde
823 1813 890 1856 efit
899 1815 1028 1852 aequalis,
1039 1816 1141 1846 tutior-

142 1855 185 1898 est
192 1858 330 1895 eligenda
340 1857 636 1898 neceffiirioffluizndo
646 1870 685 1891 ex
697 1859 837 1890 elec‘h'one
846 1859 974 1891 aiterius
992 1861 1134 1892 imminet

142 1901 311 1940 periculum
322 1902 591 1941 peccatimortalis
602 1924 609 1931 .
619 1901 771 1934 Similiter
782 1902 826 1934 ait
836 1903 953 1934 ibidem
966 1900 1135 1933 secundum

144 1942 379 1983 Philosophum,
389 1946 421 1976 ὃ(
431 1944 488 1976 §.T
500 1945 582 1975 hom.
591 1946 625 1975 in
638 1943 934 1986 3.fh71tent.diyl.17.
946 1942 1080 1978 Dubium
1089 1941 1131 1985 est

143 1988 369 2021 contrariarum
378 1989 532 2019 rationum
539 1989 694 2025 ‘equalitas
704 2000 714 2018 .·
737 1986 773 2020 Θ
782 1987 905 2029 dzst.i8.
916 1996 978 2018 art.
995 1986 1094 2026 14..ad
1106 1998 1132 2018 2.

143 2028 309 2064 Dubitatio
318 2050 332 2063 ³.
342 2032 445 2071 inquit
454 2031 612 2071 ,causatur
621 2050 630 2065 ,
640 2030 756 2069 quando
766 2031 877 2069 aliquis
885 2039 1036 2062 rationem
1051 2029 1113 2067 ejus
1123 2050 1133 2064 ,

144 2072 220 2109 quod
228 2071 382 2109 quma&
391 2073 428 2105 de
437 2083 490 2111 quo
499 2076 655 2104 contraria
667 2082 824 2113 apparent,
835 2072 942 2105 videre
952 2084 1009 2104 non
1019 2071 1130 2112 potest:

142 2118 176 2147 &
187 2117 260 2147 alibi
272 2118 354 2147 idem
371 2116 400 2146 S.
412 2115 555 2149 Ductor:
577 2114 713 2148 Dubium
726 2114 786 2157 est,
805 2117 871 2149 citm
882 2117 1054 2148 intellectus
1074 2127 1132 2147 non

141 2157 419 2198 habetfhfficientia
426 2161 545 2191 motiva
555 2159 597 2190 aas
605 2162 771 2190 veritatem
781 2159 1009 2198 cognoscendam
1018 2181 1025 2188 .
1034 2158 1067 2189 U
1074 2160 1132 2190 nde

139 2201 240 2233 subdit
250 2200 407 2233 silvester:
431 2199 558 2239 Proprie
572 2199 657 2232 homo
665 2200 788 2234 dubitat
795 2202 832 2233 de
841 2203 941 2239 aliquo
952 2222 962 2237 ,
983 2203 1035 2233 vel
1049 2204 1132 2234 circa

140 2245 257 2282 aliquia
267 2263 280 2279 ,
299 2241 416 2281 quando
432 2241 519 2275 habet
529 2246 661 2275 rationes
676 2243 721 2277 aar
735 2254 890 2283 utramque
903 2245 1023 2284 parte'm
1039 2255 1132 2284 aequiz-

140 2288 235 2321 liter,
253 2288 305 2318 vel
315 2287 396 2328 quast
412 2287 565 2324 aequaliter
584 2297 757 2321 moventes.
780 2290 912 2327 Opinio,
931 2290 1052 2328 inquit,
1069 2287 1131 2329 est,

140 2340 198 2368 que
214 2327 302 2362 habet
313 2328 526 2362 credulitatem
536 2329 705 2373 fundatam
724 2333 756 2362 in
765 2330 894 2364 humana
907 2331 1131 2373 r.ztio›1einsuf-

134 2372 257 2415 ficienti
266 2393 275 2407 ,
294 2371 331 2404 Θ
340 2383 398 2403 non
407 2373 596 2405 concludenti·
606 2372 764 2414 neceffim‘ii
773 2395 783 2409 ,
793 2373 850 2414 sed
859 2373 1059 2414 probabiliter
1076 2383 1132 2415 pro

141 2427 202 2448 una
207 2425 307 2456 parte,
317 2418 354 2451 Θ
364 2427 421 2447 non
429 2424 483 2456 pro
492 2417 558 2448 alia
568 2428 580 2453 ‚·
590 2428 659 2449 mim
668 2418 695 2458 fi
704 2416 791 2450 habet
800 2421 950 2449 rationem
960 2417 1000 2449 ad
1011 2428 1128 2450 utram-

141 2469 194 2498 que
210 2467 329 2501 partem
337 2460 505 2497 aequaliter,
520 2471 578 2491 non
588 2463 687 2503 opinio
696 2481 706 2495 ,
714 2460 770 2502 sed
781 2460 931 2493 dubitatio
940 2460 981 2503 est
990 2482 1000 2495 ,
1022 2463 1055 2493 in
1074 2472 1130 2499 qua

140 2514 201 2535 non
207 2500 302 2543 potest
312 2504 376 2541 quis
386 2501 471 2534 licite
480 2505 600 2543 operari
610 2525 617 2533 .
628 2502 837 2537 Cordubensis
848 2504 936 2545 'inflia
945 2503 1129 2549 Qaestiona-

140 2549 189 2577 rio
196 2544 341 2585 lib.2.c1.3.
350 2545 433 2577 Paul.
446 2544 600 2579 Comitoi..
609 2547 842 2588 Respa-moral.
853 2548 1127 2586 lib.5.q.17.Tolet„

142 2589 177 2622 in
195 2591 279 2620 Sum.
290 2587 326 2620 de
339 2588 458 2629 septem
466 2595 576 2628 peccat.
585 2591 706 2624 martas.
718 2602 743 2623 c.
757 2602 809 2625 20.,
822 2593 855 2623 &
867 2592 922 2624 alii
935 2593 1109 2631 complures
1120 2613 1127 2621 .

181 2631 262 2664 Non
276 2631 373 2665 obstat
395 2631 495 2664 modo
513 2630 755 2667 fundamentum
771 2644 808 2668 ex
829 2634 961 2666 adverso
979 2637 1130 2675 pondera-

142 2684 210 2706 tum
218 2674 305 2716 supra
313 2685 361 2706 πα
371 2685 416 2708 22·
433 2677 508 2715 quia
520 2679 816 2715 magnamcontinet
825 2678 1128 2719 aequivoeationei113

140 2718 286 2759 quamvis
300 2720 387 2750 enim
408 2728 471 2749 non
489 2718 630 2758 implicet
643 2719 719 2751 duas
728 2720 986 2753 contradidiorias
1002 2723 1127 2761 opinio.-

141 2772 197 2792 nes
206 2762 261 2795 eise
271 2761 442 2802 probabiles
451 2781 460 2796 ,
478 2763 510 2793 &
521 2762 557 2792 ab
567 2761 728 2795 intellectu
736 2764 904 2801 probabiles
915 2764 1045 2804 judicari
1057 2775 1065 2799 ·‚
1082 2774 1127 2795 ta-

142 2815 219 2836 men
235 2805 316 2836 benev
334 2805 495 2845 implicat,
515 2814 549 2836 ut
570 2805 654 2836 idem
671 2804 850 2837 intellectus.
864 2809 991 2846 praebeat
1003 2810 1126 2847 utrique

141 2847 293 2879 assensum
311 2848 510 2889 opinativum
520 2868 529 2882 ‚
551 2849 585 2879 &
608 2847 724 2887 judicet
745 2846 908 2889 utramque
928 2851 1127 2889 probabiliter

142 2892 199 2922 esse
210 2901 334 2925 veram,
352 2893 435 2932 quod
444 2891 485 2922 est
494 2892 618 2931 opinari
628 2913 635 2920 .
657 2891 756 2923 Unde
773 2890 845 2934 licet
855 2891 888 2922 in
908 2893 1052 2926 terminis
1063 2893 1124 2933 pri>

141 2942 198 2965 mae
206 2934 382 2976 questionis
400 2944 472 2966 vera
480 2935 549 2966 effer
560 2936 660 2975 prima
669 2933 836 2969 sententia,
855 2944 923 2975 quae:
942 2934 1072 2966 affirmat
1083 2936 1126 2966 es-

144 2975 172 3007 se
189 2977 310 3011 licitum
326 2976 413 3018 sequi
433 2979 638 3019 opinionem,
659 2977 798 3018 quaesola
819 2978 982 3019 probabilis
1004 2978 1043 3010 eli
1056 2998 1066 3012 ‚
1087 2980 1126 3011 eo

142 3019 226 3059 quod
247 3022 404 3053 contraria
419 3021 517 3053 nullas
527 3020 638 3054 habeat
646 3023 795 3056 rationes,
804 3023 835 3053 &
846 3022 1050 3054 authoritates
1059 3032 1126 3053 mor-

146 3072 271 3099 ventes3
293 3065 453 3097 tamenilli
470 3074 539 3096 non
553 3065 657 3096 liceret
668 3064 780 3097 inferre
791 3084 801 3099 ,
818 3074 851 3096 ut
864 3065 987 3099 licitum
1003 3065 1072 3096 esset
1084 3064 1125 3097 se-

141 3107 197 3145 qui
219 3107 402 3146 opinionem
423 3108 612 3148 probabilem
631 3128 645 3142 ,¹
670 3109 801 3148 quando
815 3107 955 3147 opposita
976 3108 1017 3139 est
1040 3107 1125 3148 aeque

144 3148 331 3189 probabilis..
348 3150 432 3184 Inter
450 3150 513 3182 haec
534 3152 620 3182 enim
637 3160 750 3191 magna
764 3150 804 3181 ess
822 3153 903 3181 ratio
918 3150 1125 3186 diversitatis,

141 3192 216 3231 quia
227 3192 258 3221 in
271 3192 372 3232 primo
381 3192 638 3226 cai‘uintellestus
649 3195 758 3234 praebet
769 3193 915 3225 assensum
925 3194 1124 3233 opinativuin

142 3236 199 3265 uni
215 3232 336 3264 tanturn
346 3238 423 3275 parti
439 3235 722 3271 contradictionis,
740 3239 854 3276 inquo
876 3237 960 3268 nulla
978 3237 1018 3268 est
1035 3247 1123 3278 repu-

141 3278 288 3318 gnantia:
306 3286 336 3309 at
347 3278 381 3308 in
397 3278 531 3312 secundo
540 3281 649 3320 praebet
658 3280 808 3311 aisensum
825 3279 1025 3320 opinativum
1045 3283 1122 3312 duo-

142 3320 197 3351 bus
207 3319 458 3353 contradictoriis
466 3341 481 3357 „
491 3324 524 3355 &
534 3323 651 3365 judicat
672 3332 837 3363 utrumque
849 3323 1045 3364 probabiliter
1067 3324 1123 3355 eise

142 3372 269 3397 verum,
291 3364 375 3403 quod
383 3372 448 3394 non
467 3373 592 3398 tantum
600 3366 777 3400 moraliter,
801 3365 848 3397 sed
864 3368 959 3396 etiam
983 3366 1122 3407 physice,

139 3406 173 3437 ὃ(
185 3407 363 3438 naturaliter
381 3406 420 3437 est
431 3407 610 3447 impossibile
623 3429 632 3442 ‚
651 3418 684 3442 ut
694 3409 832 3440 latissime
856 3410 1016 3449 probatum
1026 3410 1067 3440 eii
1078 3409 1120 3440 su<

141 3458 195 3491 pra
204 3451 235 3480 in
245 3452 345 3491 prima
354 3449 550 3483 conclusione
560 3470 572 3486 ,v
590 3451 664 3484 vers.
683 3448 835 3485 Probatur
842 3454 938 3492 primo
949 3472 959 3486 ,
973 3451 994 3483 a*
1009 3463 1042 3484 n.
1055 3462 1066 3484 1
1075 3456 1124 3485 26.

2026 77 2104 125 57

1187 129 1333 178 Praeterea
1342 139 1495 165 ientenna
1504 144 1555 164 ina
1564 153 1573 167 ,
1583 141 1650 174 quae
1661 130 1795 168 affirmat
1803 135 1860 167 effe
1869 135 2000 169 liberum
2012 137 2095 179 sequi
2105 140 2175 180 opi-

1187 183 1321 210 nionem,
1341 174 1569 215 specificantem
1590 175 1701 214 adium,
1715 187 1775 218 pro.
1787 177 1893 214 licito,
1913 175 2041 221 ¹quamdo
2050 182 2103 217 iila
2113 182 2174 215 sola

1186 216 1364 268 agnoscitur
1372 219 1428 252 esse
1440 220 1624 259 probabilis;
1645 230 1709 253 non
1717 220 1760 257 est
1774 231 1868 257 veta,
1889 233 2022 265 eamque
2044 225 2175 264 plenissi-

1186 269 1237 296 me
1245 260 1478 310 confutavimus
1486 263 1519 293 in
1533 272 1544 294 ι
1551 261 1654 304 .c1uaest.
1659 267 1705 296 26.
1713 263 1978 306 irrefragabilibus
1988 266 2176 304 fundamen-

1185 304 1226 334 tis
1230 315 1252 351 n
1262 315 1395 344 num-44,
1405 304 1491 352 afflue
1497 303 1541 340 ad
1547 316 1643 342 numa
1655 316 1665 337 1
1676 316 1700 338 1.
1724 306 1835 349 Qiare
1846 308 1868 344 si
1889 319 1955 343 non
1967 311 2040 347 licet
2050 321 2119 344 eam
2131 312 2173 343 se-

1184 348 1454 388 quisquandoili'a
1463 348 1526 379 sola
1535 348 1574 380 est
1585 350 1772 388 probabilis„
1791 351 1882 393 longe
1892 351 2077 391 minuseam
2088 353 2172 396 sequi

1184 389 1256 437 licet
1265 393 1411 432 ,quando
1419 391 1510 424 habet
1521 391 1694 432 oppositam
1702 393 1787 435 aeque
1798 396 1987 435 probabilem
1998 417 2009 432 ,
2029 406 2064 430 ut
2073 397 2172 430 osten-

1182 434 1286 481 dimus
1295 444 1375 466 num.
1388 444 1399 465 1
1408 445 1423 465 2
1430 443 1456 474 3.
1466 435 1610 475 exemplo
1620 434 1734 467 staterae
1742 457 1757 473 ,¹
1772 437 1866 479 quaea
1878 441 2012 481 pondere¹
2021 440 2170 477 facillime

1181 476 1353 512 inclinatur
1363 496 1373 511 2
1395 477 1417 513 si
1427 478 1465 509 ab
1476 477 1538 510 alia
1547 487 1630 518 parte
1640 478 1719 514 nihil
1728 480 1810 512 obest
1822 492 1830 518 ·,
1839 492 1870 513 at
1879 493 1943 517 non
1952 494 2108 521 movetur,
2121 483 2142 517 fi
2152 484 2169 516 a

1182 528 1267 560 parte
1290 522 1451 556 contraria
1457 519 1553 556 obstet
1573 524 1761 557 tantundem
1771 527 1916 564 ponderis
1926 548 1933 558 .
1956 526 2119 564 Hastenus
2129 529 2166 560 de

1182 561 1315 598 secunda
1329 563 1497 603 quaestione
1508 585 1515 593 .

1225 605 1408 647 Progredior
1431 616 1515 640 nunc
1535 607 1573 637 ad
1584 608 1921 649 tertiamquaestionem
1945 614 2148 655 principalem
2156 633 2167 649 ,

1180 650 1343 683 videlicet:
1365 647 1451 681 Csim
1461 649 1498 681 in
1518 649 1624 691 aliquo
1639 653 1771 687 articulo
1779 672 1789 687 ,
1811 652 1863 688 seu
1872 658 2082 691 controversia
2100 667 2169 691 rno-

1181 693 1311 729 raliduae
1333 692 1401 725 sunt
1411 694 1579 734 opiniones
1587 693 1732 735 oppositae
1742 714 1752 732 ,
1773 689 1909 736 q'uarum,
1923 709 1985 731 una
1994 700 2036 732 est
2058 702 2168 742 proba-

1182 736 1250 767 bilis
1260 757 1270 771 ,
1292 737 1439 773 &minus
1449 746 1516 767 tuta
1525 756 1535 771 ,
1555 736 1630 777 quia
1639 736 1770 769 affirmat
1792 739 1897 771 aerum
1908 742 1962 775 esse
1972 743 2093 779 licitum
2103 764 2113 779 ,
2134 745 2168 776 &

1181 779 1252 811 ideo
1270 779 1362 814 subest
1374 783 1496 822 peccati
1511 781 1671 819 periculo,
1686 781 1781 812 altera
1801 783 1876 817 vero
1898 784 1938 816 est
1962 787 2147 826 probabilior
2156 807 2166 822 ,

1180 832 1216 853 ac
1238 826 1335 854 tutior
1344 843 1355 858 ,
1375 826 1450 864 quia
1471 822 1603 857 affirmat
1612 844 1622 857 ,
1644 826 1677 856 &
1689 823 1702 855 s
1701 825 1845 864 pecificat
1858 825 1964 861 adium
1974 830 2166 869 proillicito3

1180 876 1220 897 an
1233 867 1267 897 sit
1277 867 1589 907 liberumunicuique
1606 867 1753 906 amplecti
1774 871 1961 909 opinionem
1973 872 2076 904 minus
2096 883 2165 913 pro-

1180 910 1310 941 babilem
1323 930 1338 945 „
1351 915 1382 942 oc
1395 909 1501 942 minus
1512 920 1612 947 tutam
1621 931 1631 944 ,
1647 911 1754 942 reiit‘ta
1767 913 1985 952 probabiliori,
1994 925 2030 946 ac
2039 917 2166 948 tutiori.

1223 952 1386 989 Affirmant
1409 953 1626 994 septemdecim
1648 963 1683 985 ex
1708 957 1871 987 modernis
1882 956 2056 999 Theologis
2064 978 2074 994 ,
2117 969 2172 992 uos

1180 995 1289 1033 refert,
1298 998 1331 1028 ὃ(
1342 998 1477 1038 sequitur
1486 995 1627 1028 Thomas
1637 996 1716 1030 Sanc
1722 998 1778 1030 hez
1788 1001 1821 1029 in
1832 1000 1940 1031 Decal.
1951 1009 2023 1031 tom.
2037 1011 2064 1033 1.
2073 969 2127 1034 Ab.
2143 1013 2166 1033 1.

1180 1049 1203 1070 c.
1208 1049 1237 1075 9.
1247 1050 1307 1079 n.4.
1320 1040 1415 1081 quue
1426 1040 1483 1071 hoc
1495 1050 1635 1080 tempore
1645 1049 1802 1081 receptum
1811 1042 1868 1076 esse
1879 1043 2003 1076 testatur
2014 1043 2119 1079 Petrus
2130 1047 2167 1078 de

1181 1082 1280 1113 Lorca
1288 1085 1321 1113 in
1334 1093 1390 1116 i.,2.
1400 1092 1471 1113 torn.
1480 1093 1504 1113 1.
1515 1082 1552 1114 de
1562 1080 1649 1114 arith.
1660 1081 1779 1115 human.
1790 1083 1920 1126 dtflaqq.
1930 1085 2052 1120 membr.
2060 1097 2085 1119 1.
2096 1087 2167 1120 Imb

1179 1126 1223 1157 ita
1232 1135 1335 1159 tenere
1343 1126 1479 1159 omnino
1489 1124 1552 1160 fere
1560 1135 1671 1157 omnes
1679 1125 1883 1160 Scholasticos
1891 1149 1902 1164 ,
1923 1128 2055 1164 affirmat
2064 1130 2168 1166 Ludo.-

1179 1168 1268 1200 vicus
1276 1169 1293 1199 a
1303 1167 1502 1208 Crucesuper
1513 1167 1601 1200 Bulla
1611 1170 1759 1204 Cruciate
1768 1172 1801 1201 in
1810 1172 1898 1202 trac}-
1908 1171 1945 1203 de
1956 1176 2093 1212 opinione
2098 1182 2169 1215 pru-

1178 1208 1243 1247 bah.
1256 1209 1329 1247 dub„
1340 1221 1365 1244 1.
1374 1223 1403 1243 n.
1415 1215 1443 1243 6.
1458 1214 1493 1250 βε
1504 1209 1666 1247 Candidus
1676 1210 1866 1250 Philalethus
1874 1219 1906 1247 in
1915 1215 2044 1251 craft-de
2053 1220 2168 1259 opinio-

1179 1265 1249 1285 num
1256 1257 1354 1294 praxi
1364 1263 1421 1293 q.5.
1431 1256 1463 1291 in
1470 1256 1567 1293 princ.
1579 1256 1686 1285 dicens
1697 1275 1707 1289 ,
1730 1255 1809 1291 hanc
1821 1255 2073 1295 sententiameffe
2086 1262 2168 1296 mul,-

1179 1307 1283 1330 torum
1298 1298 1536 1338 Theologorum
1547 1297 1587 1328 hu
1591 1297 1637 1337 jus
1646 1296 1708 1334 fere
1719 1297 1817 1334 saculi
1829 1310 1837 1335 ·,
1847 1310 1921 1332 nam
1931 1311 1967 1332 ex
1977 1306 2166 1344 antiquiori-

1180 1343 1234 1375 bus
1244 1344 1288 1372 air
1299 1341 1350 1372 vix
1360 1342 1495 1381 aliquem
1507 1339 1534 1371 se
1546 1340 1644 1381 legisse
1653 1361 1663 1375 ,
1672 1351 1728 1376 aut
1736 1344 1871 1375 citatum
1880 1345 1918 1379 ab
1928 1345 2146 1386 aliisieperiise
2157 1369 2165 1378 .

1179 1384 1216 1416 Et
1228 1383 1492 1425 novissimejulius
1504 1383 1669 1430 Mercorus
1690 1386 1724 1415 in
1735 1384 1788 1416 suo
1797 1395 1889 1426 opere
1905 1386 1942 1418 de
1952 1386 2076 1427 probab.
2087 1392 2166 1429 opin.

1174 1437 1236 1468 pa.
1245 1432 1358 1459 art.26.
1369 1426 1505 1461 recenset
1517 1437 1571 1467 pro
1582 1427 1637 1458 hac
1649 1430 1801 1460 sententia
1809 1427 2170 1474 catalogui'uTheologo-

1177 1481 1247 1503 rum
1259 1471 1348 1511 hujus
1356 1472 1506 1511 temporis
1523 1470 1682 1511 plusquam
1691 1470 1848 1512 sexaginta
1856 1493 1866 1508 ,
1882 1473 1965 1504 inter
1973 1484 2052 1515 quos
2062 1485 2168 1509 tamen

1177 1516 1342 1554 nonpauci
1352 1523 1557 1548 numerantur
1580 1513 1829 1550 inferioriSnotae
1838 1538 1846 1545 .
1865 1515 1975 1560 Qum
1985 1518 2058 1552 vero
2076 1517 2168 1559 longe

1177 1557 1488 1598 latequederjeniores
1511 1556 1859 1597 probabilitatumhanc
1882 1562 2046 1596 materiam
2069 1561 2172 1604 postea-

1176 1602 1376 1632 dilataverint
1386 1621 1395 1635 ,
1414 1598 1502 1640 plene
1512 1599 1612 1640 scripsi
1624 1599 1710 1642 supra
1719 1600 1736 1632 a
1745 1613 1775 1633 n.
1787 1613 1802 1634 2
1810 1612 1834 1641 3.
1845 1602 1930 1645 ufiffle
1940 1603 1981 1638 ad
1989 1616 2081 1645 71..44·

1218 1644 1393 1675 Moventur
1403 1643 1506 1684 primo
1516 1663 1526 1678 ,
1547 1645 1622 1684 quia
1632 1643 1666 1679 in
1676 1643 1797 1681 astibus
1815 1646 1980 1684 humanis,
1995 1651 2050 1690 qui
2060 1649 2166 1691 eligit,

1174 1689 1258 1728 quod
1271 1688 1426 1728 probabile
1436 1686 1476 1718 est
1486 1707 1495 1721 ,
1511 1696 1575 1718 non
1585 1687 1649 1728 agit
1660 1688 1776 1720 temere
1786 1709 1796 1723 ,
1808 1688 1856 1721 sed
1868 1692 2034 1730 prudenter
2043 1712 2052 1727 ,
2063 1704 2087 1724 c.
2100 1695 2166 1732 Ego

1166 1732 1245 1772 solis
1255 1751 1265 1765 ,
1288 1730 1367 1771 vers
1377 1730 1432 1762 Vel
1436 1728 1606 1769 probabiles
1627 1733 1762 1763 rationes
1772 1742 1800 1768 9.
1811 1731 1880 1774 dist.
1890 1745 1956 1766 cum
1973 1735 2164 1769 concordant.

1166 1773 1316 1816 fitpracit.
1326 1776 1358 1804 in
1374 1783 1435 1811 nq.
1446 1778 1528 1812 n.46.
1548 1773 1608 1804 Sed
1617 1776 1671 1814 qui
1683 1774 1818 1815 sequitur
1835 1778 2022 1816 probabilem
2039 1779 2164 1818 opinio-

1174 1827 1246 1849 nem
1257 1837 1266 1852 ,
1275 1817 1384 1849 omissa
1395 1816 1592 1857 probabiliori
1603 1836 1621 1853 „
1630 1818 1729 1851 adhuc
1739 1819 1826 1859 eligit
1835 1822 1946 1861 „quod
1960 1823 2113 1861 probabile
2124 1823 2165 1855 est

1174 1870 1207 1892 ut
1217 1870 1269 1901 per
1291 1860 1318 1892 se
1329 1870 1429 1902 patet.
1452 1859 1534 1900 Ergo
1552 1869 1615 1890 non
1627 1859 1762 1895 temere,
1784 1863 1832 1894 i‘ed
1841 1866 2005 1904 prudenter
2022 1867 2102 1905 agit.
2125 1865 2164 1897 Et

1173 1904 1397 1938 confirmatur,
1413 1904 1488 1944 quia
1498 1901 1590 1936 Deus.
1605 1904 1695 1934 nobis
1712 1904 1872 1937 constituit
1894 1917 1948 1946 pro
1968 1909 2073 1948 regula
2096 1918 2164 1940 mo-

1173 1956 1243 1978 rum
1254 1946 1413 1981 distamen
1424 1947 1556 1977 rationis
1567 1966 1577 1981 ,
1589 1955 1623 1976 ur
1635 1946 1730 1977 homo
1742 1947 1869 1988 idrpossit
1879 1949 1963 1980 licite
1975 1960 2075 1990 agere,
2083 1953 2165 1991 quod

1173 1989 1227 2021 sibi
1238 1991 1435 2030 probabiliter
1445 1999 1570 2029 apparet
1583 1989 1756 2026 honeiiuim
1768 1994 1846 2022 'itaut
1858 1991 1996 2026 formalis
2007 1996 2087 2025 ratio
2098 2005 2163 2026 cei·-

1173 2034 1318 2064 titudinis
1328 2033 1469 2065 bumanae
1478 2031 1672 2072 operationis
1682 2033 1888 2067 constituatur
1898 2038 1930 2070 in
1942 2035 2003 2076 ipsa
2015 2038 2164 2077 probabili

1172 2079 1353 2116 apparentia
1365 2076 1532 2107 honestatis
1543 2095 1561 2110 ,v
1570 2084 1603 2106 ut
1619 2077 1757 2107 innuunt
1768 2079 1923 2118 praecitata
1932 2079 1999 2120 jura
2008 2102 2016 2109 .
2039 2080 2096 2111 Sed
2105 2081 2161 2121 qui

1172 2118 1308 2159 seqnitur
1319 2118 1424 2151 minus
1434 2118 1624 2159 probabilem
1639 2120 1672 2149 in
1681 2120 1833 2152 concursu
1853 2123 2084 2162 probabilioris,
2108 2125 2161 2155 ad-

1172 2161 1232 2193 buc
1243 2161 1377 2202 sequitur
1388 2161 1440 2195 id,
1460 2163 1545 2202 quod
1557 2161 1610 2192 libi
1632 2172 1757 2202 apparet
1780 2163 1959 2198 honestum.
1981 2165 2064 2206 Ergo
2086 2177 2163 2199 con-

1172 2203 1325 2236 formatur
1333 2205 1445 2245 reguiae
1455 2206 1608 2237 divinitus
1619 2208 1740 2238 traditae
1750 2226 1760 2242 ‚
1776 2209 1809 2239 ὅ(
1819 2207 1859 2240 sic
1869 2218 1933 2240 non
1945 2218 2052 2250 peccat
2063 2230 2073 2244 ,
2094 2220 2165 2242 can..

1170 2248 1236 2293 ρέα·
1254 2256 1356 2287 peccat
1379 2257 1428 2288 23.
1452 2247 1544 2288 quaest.
1566 2259 1596 2288 4.

1213 2291 1388 2323 Moventur
1398 2291 1542 2325 secundo,
1552 2293 1627 2332 quia
1636 2293 1729 2334 is‚qui
1740 2294 1890 2327 moralem
1902 2294 1991 2327 habet
2001 2296 2160 2328 certitudi-

1171 2344 1244 2366 nem
1253 2337 1289 2367 de
1299 2334 1488 2369 testitudine
1499 2336 1692 2375 operationis
1702 2356 1712 2370 ,
1734 2336 1816 2369 fecie*
1826 2340 1860 2369 &
1873 2340 2070 2370 cumvssrure
2087 2348 2160 2378 ope·-

1171 2387 1273 2414 ratur,
1289 2380 1321 2410 &
1335 2380 1368 2408 in
1380 2379 1439 2409 hoc
1451 2379 1647 2411 conveniunt
1657 2380 1813 2412 Authores
1823 2380 1978 2420 utriusque
1990 2380 2158 2415 sententiae‚

1171 2431 1204 2452 ut
1222 2421 1340 2452 constat
1348 2431 1385 2453 ex
1393 2419 1486 2454 distis
1497 2423 1587 2461 supra
1599 2423 1632 2452 in
1648 2432 1672 2452 i.
1683 2432 1709 2459 q.
1722 2434 1750 2453 n.
1759 2432 1809 2462 47.
1828 2423 1885 2455 Sed
1896 2424 1939 2456 is,
1958 2424 2013 2462 qui
2024 2422 2160 2464 sequitur

1169 2466 1354 2503 opinionem
1375 2465 1565 2504 probabilem
1581 2484 1591 2498 ,
1614 2466 1721 2504 utique
1744 2464 1835 2495 habet
1856 2464 2037 2505 hujusmodi,
2056 2476 2159 2498 mora-

1170 2507 1231 2538 lem
1253 2507 1475 2540 certitudinem
1491 2525 1501 2540 ,
1524 2505 1595 2536 licet
1622 2505 1762 2546 opposita
1782 2506 1818 2537 sit
1839 2509 2028 2548 probabilior
2043 2531 2050 2538 .
2074 2509 2158 2551 Ergo

1168 2549 1326 2590 sequendo
1332 2548 1518 2590 opinionem
1527 2549 1611 2579 iilam
1621 2549 1812 2591 probabilem
1821 2569 1838 2585 ,¹
1852 2549 1936 2583 recte
1946 2571 1956 2586 ‚
1967 2554 1999 2584 δε
2010 2562 2083 2584 cuin
2092 2556 2155 2584 vir-

1167 2602 1233 2624 tute
1248 2601 1393 2632 operatur
1403 2613 1410 2620 .

1211 2635 1321 2668 Minor
1331 2635 1475 2675 probatur
1485 2654 1495 2668 ,
1504 2635 1833 2676 quia-certitudonihil
1844 2636 1884 2669 est
1894 2637 1994 2676 aliud,
2000 2635 2092 2678 quam
2102 2640 2155 2670 de-

1167 2677 1533 2711 terminatiointellecCtus
1554 2680 1593 2710 ad
1616 2687 1739 2713 unum,
1755 2689 1788 2710 ut
1799 2689 1839 2712 eitv
1857 2679 1896 2710 D.
1907 2679 2103 2713 Ummium
2113 2683 2153 2714 est

1168 2721 1255 2763 supra
1266 2730 1347 2760 n.57.
1357 2722 1446 2753 Solus
1456 2722 1640 2756 autemille,
1656 2724 1710 2762 qui
1721 2723 1831 2753 dubius
1841 2723 1898 2757 est,
1916 2733 2022 2757 manet
2032 2723 2153 2765 suspen—

1168 2766 1215 2796 sus
1225 2785 1235 2798 ,
1258 2766 1289 2796 δε
1312 2766 1349 2796 ad
1372 2773 1518 2796 neutrum
1529 2763 1557 2795 se
1579 2765 1784 2800 determinat,
1807 2775 1840 2796 ut
1856 2765 1973 2799 ibidem
1993 2767 2131 2799 diximus
2141 2789 2153 2803 ,

1167 2808 1312 2840 formido
1321 2817 1443 2841 autem,
1463 2818 1530 2848 quae
1543 2808 1617 2839 inest
1638 2809 1782 2848 opinioni
1793 2809 1946 2848 probabili
1963 2820 2086 2851 propter
2096 2823 2152 2853 op-

1168 2851 1296 2892 positam
1308 2851 1563 2891 probabiliorem,
1586 2851 1697 2882 nonest
1708 2860 1800 2882 tantae
1823 2853 1967 2887 virtutis,
1989 2863 2023 2885 ut
2045 2855 2149 2886 exclu-

1165 2895 1371 2927 datasienium
1381 2895 1624 2925 determinatum
1632 2896 1669 2925 ad
1688 2903 1806 2934 partem
1815 2895 2011 2935 oppositam&
2028 2896 2099 2934 sed,
2116 2907 2149 2928 ut

1166 2939 1240 2969 alias
1261 2938 1414 2971 diximus,
1437 2937 1495 2968 hoc
1517 2938 1644 2969 tantum!
1658 2946 1827 2977 operatur,
1843 2947 1878 2969 ut
1898 2939 2074 2974 intellectus
2096 2950 2147 2980 per

1165 2980 1272 3012 ac'tum
1292 2981 1442 3012 reflexum
1450 2980 1568 3021 judicet
1587 2982 1722 3011 rationes
1732 2979 1814 3013 illius
1823 2983 1934 3021 partis,
1955 2983 2042 3022 cujus
2053 2983 2147 3015 asien-

1166 3027 1231 3055 ium
1255 3024 1364 3057 babet,
1387 3033 1452 3055 non
1469 3024 1524 3054 eise
1545 3025 1791 3058 convincentes,v
1808 3023 1864 3057 seu¹
1878 3024 2075 3060 infallibilcs‚
2097 3025 2146 3056 sed

1166 3067 1338 3108 probabiles
1361 3065 1484 3100 tantum
1497 3087 1504 3096 .
1744 3092 1745 3095 ,

1207 3108 1380 3142 Moventur
1390 3108 1483 3140 tertio
1490 3129 1500 3143 ,
1509 3109 1583 3148 quia
1591 3106 1665 3141 cum
1673 3109 1882 3143 inmoralibus
1892 3110 1996 3143 haberi
2006 3109 2071 3141 n'on
2079 3109 2145 3150 pos-

1165 3152 1201 3183 sit
1217 3153 1402 3183 omnimoda
1417 3150 1628 3184 &infallibilis
1649 3154 1803 3185 certitudo
1813 3163 1865 3195 per
1875 3156 1920 3186 rei
1935 3154 2142 3188 evidentiam,

1165 3194 1275 3227 sufficit
1283 3196 1440 3226 certitudo
1449 3205 1484 3226 ex
1497 3194 1702 3234 probabilibus
1711 3215 1721 3230 ,
1731 3206 1765 3228 ut
1776 3206 1859 3237 patet
1868 3207 1904 3227 ex
1915 3194 2099 3235 Philosopbo
2110 3196 2144 3227 in

1169 3248 1192 3269 1.
1206 3236 1307 3270 Ethic.
1318 3248 1372 3277 c.3·
1384 3241 1416 3270 ὃς
1428 3237 1520 3268 fusius
1528 3236 1677 3270 offensum
1686 3239 1726 3270 est
1735 3238 1820 3281 supra
1827 3248 1916 3278 m47·
1934 3239 1993 3271 Sed
2001 3240 2144 3271 taliscer-

1163 3284 1267 3313 titudo
1279 3283 1426 3321 reperitur
1444 3282 1477 3310 in
1497 3282 1647 3321 opinione
1658 3283 1824 3322 probabili,
1840 3283 1984 3322 quamvis
2001 3282 2140 3323 opposita

1163 3324 1199 3356 sit
1210 3325 1413 3366 probabilior,
1429 3332 1462 3354 ut
1473 3324 1634 3364 probatum
1642 3325 1682 3356 est
1704 3337 1733 3356 n.
1743 3322 1924 3364 51.&sch1.i
1940 3323 2023 3366 Ergo
2031 3324 2141 3357 sufficit

1163 3369 1196 3399 in
1218 3367 1384 3398 moralibus
1399 3367 1438 3397 ad
1451 3366 1534 3399 recte
1551 3370 1758 3408 operandum.

1206 3410 1377 3440 Moventur
1396 3410 1508 3449 quarto
1526 3430 1536 3445 ,
1562 3413 1636 3451 quia
1658 3413 1689 3440 in
1723 3409 1918 3450 speculativis
1938 3410 2013 3443 licet
2032 3409 2140 3450 absque

1162 3453 1300 3492 periculo
1329 3454 1440 3484 erroris
1469 3456 1502 3484 ὅ(
1525 3454 1718 3493 deceptionis
1739 3453 1860 3492 operari
1879 3473 1890 3488 ,
1921 3455 1953 3485 δε
1977 3453 2139 3485 defendere

2025 3506 2099 3536 qua-

2197 623 2251 655 253

2196 969 2253 1002 254
