2397 3664
746 29 833 85 De
848 31 1069 87 ordinat.
1079 26 1144 84 ab
1156 23 1319 97 Epise.
1330 45 1376 83 e.
1392 28 1596 98 Requisi
1603 27 1676 84 vit
1690 65 1704 76 ·

110 116 151 149 28
213 118 272 150 Sed
291 118 441 158 quaeritur
462 130 501 152 ari
513 119 678 162 Episcopus
690 119 781 161 possit
800 118 972 159 dispensare
994 117 1027 148 in
1051 117 1170 155 irregu-

113 199 118 204 ἡ
172 161 296 193 latitate
307 163 510 203 proveniente
519 174 557 195 cx
575 164 778 195 mutilatione
789 161 920 193 membri
933 160 967 192 in
977 159 1095 191 casibus
1113 168 1169 206 oc-

174 204 268 236 cultis
281 209 453 236 exdecreto
463 206 535 237 dist.
555 216 622 247 cap.
635 211 663 237 6.
677 205 745 246 seffi
760 217 809 246 24.
830 204 908 237 Non
928 204 1072 238 videtur,
1093 212 1168 249 quia

174 246 248 278 esim
267 248 283 277 a
302 247 433 279 Concil.
452 249 625 290 excipiatur
633 260 669 280 ea
691 248 1002 288 irregularitas‚qu:e
1021 254 1165 285 provenit

171 300 207 321 ex
219 290 392 322 homicidio
403 292 605 327 voluntario,
627 291 750 322 videtur
759 291 857 322 etiarn
866 299 995 329 excepta
1015 289 1165 334 irregula-

170 333 246 364 ritas
256 344 323 374 quse
335 335 478 375 provenit
487 345 523 365 ex
534 333 899 368 membrimutilatione‚
918 343 986 373 qua:
998 330 1043 363 illi
1065 341 1162 371 aequi-

166 387 309 416 paratur,
331 387 364 409 ut
373 376 426 417 per
436 377 558 416 gloffiin
568 377 734 408 Clem.i.in
748 374 837 407 verbo
847 375 1001 411 Mutilet,
1021 372 1058 406 de
1068 372 1161 405 homi-

106 425 144 452 29
165 418 224 450 eid.
237 419 295 451 Sed
307 420 502 451 eontrarium
511 419 667 459 respondit
678 419 772 451 Sacra
783 418 1005 459 congregatio
1024 417 1160 459 ejusdem

164 461 312 494 Concilii
325 463 474 502 interpres
485 463 522 492 ab
534 461 685 503 Episcopo
697 461 904 493 Cremonensi
915 461 1071 495 consulta3
1083 460 1159 507 quia

164 505 367 545 aequiparatio
378 504 565 540 homicidii,
585 504 844 536 &mutilationis
867 504 913 535 ibi
935 504 971 535 fit
987 504 1091 544 quoad
1110 513 1158 533 m-

164 549 350 579 enri-endam
364 547 457 588 ipsam
469 548 752 588 irregularitatem.
766 549 807 578 At
828 547 955 588 praesens
975 545 1102 586 quaestio
1122 544 1163 576 est

163 592 265 631 quoad
279 590 763 631 facultatemdispcnsandisuper
775 602 828 622 ea.
851 590 889 620 Et
908 589 1051 629 quamvis
1071 591 1159 635 Sam·

163 644 212 664 ma
222 634 333 672 Angel.
344 635 378 664 in
386 631 475 665 verbo
487 634 694 665 Homicidmm
705 656 715 669 ,
730 643 757 672 5,
768 643 847 665 num.
862 632 1036 673 3.videatur
1044 631 1158 663 sentire

163 676 245 707 idem
253 675 347 707 etiam
358 678 462 716 quoad
473 676 743 717 dispensationem.
754 676 876 708 Tamen
888 675 975 715 gloil'.
986 677 1018 705 in
1026 673 1157 706 d.Clem.

162 718 303 758 loquitur
314 719 438 750 tantum
447 723 552 760 quoad
566 720 658 761 ipsam
668 720 932 760 irregularitatem
943 740 952 755 ,
972 720 1004 749 δι’
1016 718 1062 750 ita
1079 728 1157 758 quo-

161 771 221 802 que
234 761 444 794 Hermanetus
455 763 544 796 sensit
557 786 565 794 .

203 804 260 835 Sed
279 806 433 846 numquid
454 806 612 847 Episcopis
632 806 781 838 facultate
802 804 988 838 sibittibuta
999 801 1070 835 ind.
1085 807 1144 835 c.6.

153 845 220 887 sess.
235 858 286 886 24.
307 851 340 880 in
354 850 471 880 casibus
489 850 625 882 occultis
645 851 708 891 poss
726 849 914 882 Concilium
934 858 969 879 ex
989 857 1072 879 nova
1089 848 1156 887 lege

164 890 235 921 Sedi
249 891 436 931 Apostolicae
448 893 608 925 reservatis
627 893 726 925 etiam
747 904 820 925 cum
837 892 994 927 clausula,
1013 891 1088 921 Non
1107 888 1155 922 ob-

156 933 308 974 stantibus
319 958 328 971 ,
340 936 495 968 absolvere
507 936 607 977 poffit.
619 936 714 968 Sacra
724 935 943 975 congregatio
955 933 1076 965 censuit
1091 943 1157 964 non

105 980 138 1011 31
164 978 263 1016 porse.
284 979 367 1010 Etin
388 979 486 1019 specie
505 981 579 1011 cum
596 980 775 1011 dubitatum
795 978 910 1013 fuerit,
931 988 970 1007 an
990 976 1156 1016 Epicopus,

157 1023 190 1051 ὅ(
202 1020 405 1061 Inquisitores
426 1022 538 1060 possint
550 1022 642 1053 liodie
654 1033 689 1054 ex
702 1022 732 1053 d.
744 1031 809 1062 cap.
822 1019 922 1060 6.se[f.
935 1031 985 1059 24.
998 1019 1155 1066 absolvere

159 1063 254 1103 lapsos
276 1065 309 1095 in
329 1065 482 1101 haereslm‚
504 1075 568 1096 non
586 1065 727 1097 obstante
748 1066 836 1097 Bulla
855 1063 965 1096 Coenae
985 1062 1121 1093 Domini
1144 1076 1150 1093 2

157 1107 278 1138 censuit
289 1118 357 1138 eam
370 1106 489 1139 unllam
500 1109 657 1149 derogaffe
668 1111 796 1140 decrero
807 1117 871 1148 cap.
882 1110 911 1138 6.
924 1105 1022 1137 Unde
1044 1105 1153 1137 frustra

158 1151 306 1181 nonnulli
328 1161 363 1181 ex
383 1151 614 1183 recentioribus
632 1150 805 1192 Tlieologis
825 1150 908 1181 liunc
930 1149 1099 1180 articulum
1120 1149 1154 1180 in

157 1193 403 1224 controverfiam
412 1196 574 1226 adducunt
593 1194 668 1226 cum
688 1195 854 1225 habeamus
871 1194 987 1224 claram
1008 1192 1140 1224 determi

157 1235 322 1267 nationem
334 1236 435 1268 Sacrae
455 1236 905 1279 Congregationis.l³raeterea
925 1234 997 1266 cum
1017 1235 1153 1267 dubitas-

154 1277 197 1309 set
210 1279 674 1321 Archiepiscopusflorentinus
687 1290 726 1312 an
750 1280 858 1320 vigore
880 1287 947 1319 cap.
968 1282 996 1309 6.
1012 1275 1079 1319 seff.
1101 1289 1151 1318 24.

154 1322 251 1362 poss‘er
264 1322 419 1354 absolvere
429 1326 597 1364 quamdam
610 1323 783 1355 Monialem
795 1346 804 1359 ,
816 1333 884 1363 quze
895 1322 1056 1358 occulute‚
1069 1324 1100 1353 &
1114 1324 1149 1353 ad

155 1366 273 1396 malum
293 1365 387 1397 Finem
408 1366 542 1405 fregerat
564 1366 735 1398 clausuram
756 1389 765 1402 ,
799 1377 864 1397 non
893 1364 1036 1396 obstante
1063 1365 1150 1396 Bulla

155 1407 185 1439 S.
197 1407 245 1439 Pii
257 1408 295 1440 V.
305 1419 372 1450 quae
384 1411 506 1441 videtur
516 1410 627 1441 habere
641 1411 744 1440 locuni
758 1411 789 1440 in
801 1409 871 1440 casii
883 1408 1009 1448 publico
1021 1418 1029 1443 ·,
1051 1409 1151 1439 varia—

154 1460 222 1482 turn
235 1451 274 1483 est
287 1452 449 1484 sententiis
463 1465 469 1484 :
482 1464 554 1484 nam
564 1451 974 1494 etldecemssCaidinalibus,
995 1462 1056 1483 tres
1076 1462 1149 1483 cen-

153 1494 280 1526 suerunt
293 1495 412 1527 Bullam
425 1497 663 1536 intelligendam
675 1498 732 1527 elle
743 1497 839 1528 etiam
854 1496 885 1527 in
897 1495 1032 1526 occultis
1045 1517 1053 1530 ‚
1074 1495 1150 1535 quia

154 1536 240 1568 illius
252 1540 344 1570 vei-ba
364 1539 431 1570 sunt
452 1541 630 1580 generalia,
651 1542 683 1571 δε
703 1540 744 1571 est
764 1538 888 1570 tantum
900 1548 1045 1578 exceptus
1062 1538 1148 1570 casus

152 1580 211 1611 niii
225 1580 365 1613 inmorti
381 1583 534 1619 articulo,
557 1586 619 1614 &c.
632 1582 669 1614 Et
689 1583 764 1621 quia
783 1583 845 1624 jam
865 1582 1057 1614 declaratum
1079 1582 1148 1612 Bul-

153 1623 215 1654 lam
226 1623 336 1656 Coene
348 1626 482 1657 Domini
494 1649 503 1661 ,
525 1637 591 1666 qua:
603 1626 744 1666 prohibet
757 1626 794 1657 ab
803 1626 874 1657 aliis
887 1625 1021 1660 absolvi,
1034 1625 1146 1656 habere

152 1666 258 1698 locum
273 1669 413 1700 etiainin
424 1671 559 1700 occultis
573 1669 626 1701 .Et
648 1669 723 1709 quia
743 1670 818 1700 cum
839 1669 926 1699 Bulla
948 1668 982 1699 sit
1003 1667 1147 1699 confecta

151 1710 214 1749 post
226 1709 432 1748 Concilium,
454 1712 596 1744 censetur
616 1713 773 1751 derogasse
792 1711 947 1744 Concilio
966 1734 974 1742 .
994 1710 1146 1752 Qiatuor

150 1752 364 1785 censuerunte
390 1765 417 1785 ¹n
429 1755 550 1787 Bu'iam
561 1766 626 1786 non
646 1756 756 1786 liabeie
780 1757 883 1786 locum
903 1755 935 1785 in
957 1754 1075 1786 casibus
1094 1765 1147 1785 oc-

102 809 142 839 30

95 1238 133 1269 32

150 1796 262 1826 cultis.
278 1796 408 1828 Reliuui
429 1807 533 1830 autem
551 1809 612 1830 tres
634 1798 779 1830 dixerunt
801 1801 956 1838 agendum
977 1808 1049 1829 cum
1069 1797 1145 1829 San-

150 1837 302 1875 tstiss'imo,
325 1842 379 1878 qui
400 1842 573 1873 declaravit
594 1842 712 1876 Bullam
733 1842 762 1872 S.
784 1841 830 1872 Pii
849 1841 886 1871 V.
908 1840 1019 1872 habere
1039 1841 1145 1872 locum

150 1881 246 1912 etiaiii
261 1883 292 1913 in
304 1884 439 1914 occultis
451 1908 458 1915 .
470 1883 591 1916 Tamen
604 1884 754 1916 conceisit
768 1884 950 1915 facultatem
972 1884 1144 1923 Archiepis-

151 1934 231 1962 copo
241 1925 420 1956 absolvendi
436 1928 521 1958 illam
533 1927 712 1959 Monialem
724 1950 732 1958 .
746 1926 777 1957 U
785 1931 844 1959 nde
856 1927 956 1968 postea
972 1928 1040 1958 Sac.
1052 1925 1143 1958 Con-

151 1968 295 2005 gregario
315 1970 672 2006 generalitetconiulta,
697 1972 744 2001 An
766 1971 784 2000 si
807 1970 979 2004 Monialis,
1011 1971 1144 2010 alicujus

149 2011 328 2043 monasterii
350 2012 559 2053 jurisdic'iioni
581 2012 788 2053 Regularium
807 2013 933 2053 subjecti
954 2012 1074 2043 secreto
1092 2016 1145 2043 dc-

150 2053 279 2093 liquerit
294 2056 325 2085 in
339 2057 472 2086 materia
482 2057 647 2091 clausurae,
670 2057 702 2087 in
714 2056 784 2087 foro
804 2056 1005 2087 conscientiae
1026 2055 1143 2086 absolvi

149 2097 240 2136 potiit
253 2097 357 2138 vigore
369 2098 503 2140 ejusdem
524 2100 643 2130 decreti
663 2100 699 2130 ab
712 2098 882 2140 Episcopo,
906 2099 959 2130 cui
981 2109 1142 2139 tamquam

147 2141 186 2170 de
201 2142 336 2177 egatoin
357 2142 415 2177 iis,
436 2152 503 2181 qua:
522 2145 559 2173 ad
580 2141 753 2174 clausuram
773 2143 951 2183 pertinent,
972 2140 1141 2173 auctoritas

90 2191 128 2222 34
150 2186 266 2213 trinum
278 2184 317 2214 est
332 2187 459 2215 decreto
470 2195 537 2224 cap.
552 2183 648 2225 5.seffi
662 2195 708 2218 25.
722 2187 770 2217 De
783 2185 1023 2223 Regum—‚stante
1034 2185 1141 2225 praedi-

145 2223 195 2257 ἀει
207 2225 293 2257 Bulla
306 2226 336 2258 S.
349 2225 395 2258 Pii
408 2227 445 2258 V.
457 2228 614 2268 teipondit
625 2238 689 2259 non
700 2229 780 2269 porse
792 2252 800 2260 .
813 2228 964 2269 Episcopo
976 2238 1081 2259 autem
1102 2229 1142 2259 la-

90 1935 126 1966 33

2027 52 2142 100 ι373

1209 125 1259 154 pio
1273 125 1304 146 in
1316 117 1442 155 aliquod
1455 116 1604 147 delictum
1616 137 1625 152 ,
1645 118 1683 147 de'
1693 114 1804 157 quoin
1815 113 1889 148 diist.
1898 124 1964 156 cap.
1976 116 2079 157 6.seff.'
2091 129 2141 158 24.
2161 131 2200 151 ex

1208 157 1364 189 sententia
1391 158 1459 190 Sac.
1479 158 1752 199 Congregationis
1780 159 1854 191 licet
1874 160 1912 191 ad
1930 158 1960 191 se
1979 159 2202 194 absolvendum

1209 201 1366 241 proprium
1386 201 1476 241 ipsius
1496 200 1714 234 Confeisorem
1730 204 1877 243 deputare
1887 212 1961 234 cuin
1972 207 2081 235 eadem
2091 205 2203 236 autho-

1208 244 1301 276 ritate
1313 255 1408 285 quam
1423 244 1483 284 ipse
1495 246 1589 284 posset
1599 267 1609 282 ,
1619 256 1656 277 ex
1667 249 1777 277 eodem
1788 257 1811 277 c.
1821 249 1850 276 6.
1863 245 1896 277 in
1907 245 1986 277 alios
1994 246 2050 278 sibi
2060 247 2202 279 subditos

1207 297 1350 319 exercere
1360 309 1370 324 ‚
1382 287 1503 320 etiamsi
1516 288 1682 329 Episcopus
1695 288 1804 320 Rotnae
1815 288 1889 321 esser
1900 311 1909 326 ,
1919 290 1952 321 δε
1964 289 2004 321 sic
2014 299 2105 324 extra
2114 290 2200 322 suain

1206 330 1369 361 dioecesim
1383 353 1390 361 .

1243 373 1301 405 Sed
1323 375 1396 404 cum
1418 373 1490 404 effer
1511 373 1691 414 quaefitum,
1714 374 1763 416 An
1784 375 1931 412 forensis,
1955 375 2011 417 qui
2028 375 2122 409 habet
2141 379 2197 408 do·
2221 386 2259 420 35

1201 426 1306 452 mum,
1328 418 1589 447 &commoratur
1609 416 1642 447 in
1663 417 1794 450 civitate
1808 440 1818 454 ,
1842 420 1888 450 vel
1910 419 2035 451 dioecesi
2048 441 2058 456 ,
2078 419 2198 459 dicere-

1201 468 1252 489 tui·
1268 457 1408 490 subditus
1428 458 1576 499 Episcopo
1597 459 1682 490 illius
1694 460 1858 498 civitatis,
1880 463 1925 495 vel
1939 462 2101 499 dioecesis,
2119 473 2194 497 cum

1206 502 1323 533 ibidem
1343 500 1558 533 Ecclesiastica
1580 501 1784 537 Sacramenta
1803 504 1959 544 percipere
1970 515 2139 543 teneatur,·
2160 509 2196 539 &

1205 544 1252 576 ita
1270 555 1309 576 an
1331 545 1368 576 ab
1385 548 1495 577 eodem
1517 544 1668 585 Episcopo
1688 545 1805 578 absolvi
1824 548 1919 586 posset
1942 548 1973 580 in
1985 549 2104 581 casibus
2114 550 2192 583 dieti

1198 597 1266 628 cap.
1286 592 1314 619 6.
1344 587 1487 628 quamvis
1509 587 1629 619 crimen
1653 588 1688 618 fit
1708 589 1784 620 alibi
1813 591 2010 625 commissum
2031 604 2038 623 :
2073 593 2193 634 Grego-

1201 631 1264 662 rius
1294 630 1382 662 XIII.
1413 630 1521 661 audita
1542 631 1695 662 relatione
1720 630 1992 673 Congregationis
2015 636 2189 669 declaravit

1198 675 1279 714 poffe
1291 673 1408 705 absolvi
1419 674 1452 704 in
1462 673 1669 706 Sam-amento
1688 674 1883 714 poenitentiae
1904 677 2006 708 abillo
2017 677 2190 720 Episcopo,

1199 719 1233 748 in
1245 717 1334 758 cujus
1344 717 1476 748 civitate
1489 739 1498 753 ‚
1519 717 1566 748 vel
1585 717 1713 749 dioecesi
1733 728 1968 755 commoratur,
1989 719 2037 752 sed
2059 731 2125 753 non
2146 723 2193 754 di-

1198 760 1345 801 spensari.
1953 783 1958 787 -

1241 803 1310 834 Nec
1331 802 1430 844 postca
1449 803 1592 842 probavit
1616 803 1789 845 Gregorius
1809 803 2045 837 distinctionem
2064 807 2143 839 Abb.
2157 807 2192 840 in
2212 812 2251 850 36

1198 857 1223 878 c.
1234 848 1345 878 Omnis
1357 846 1505 886 utriusque
1515 869 1524 882 ‚
1542 846 1579 878 de
1589 850 1691 887 poem‘t.
1702 846 1739 880 <ff
1748 846 1863 887 remiss.
1877 859 1949 880 nam
1961 848 2087 881 suborta
2097 851 2188 882 dubi·

1199 890 1320 921 tatione
1329 913 1338 926 ‚
1360 900 1398 920 an
1409 890 1568 930 dilpositio
1578 890 1721 922 Concilii
1732 890 1915 924 Tridentini
1928 891 1961 923 in
1971 890 2069 933 cil-cap.
2081 891 2190 934 aſsisia

1199 944 1250 973 24.
1270 936 1353 974 quod
1368 933 1460 964 liceat
1474 933 1628 974 Episcopis
1643 935 1674 965 in
1693 934 1944 975 quibuscumque
1955 935 2072 969 casibus
2085 936 2192 968 occul-

1198 976 1239 1007 tis
1250 978 1347 1007 etiam
1356 976 1429 1007 Sedi
1443 976 1627 1015 Apostolicae
1647 977 1808 1009 reservatis
1828 977 2048 1019 delinquentes
2060 978 2114 1011 fibi
2126 979 2192 1011 sub-

1195 1020 1323 1050 ditosin
1336 1019 1460 1051 dioecesl
1474 1026 1522 1050 lua
1535 1020 1568 1050 in
1582 1019 1651 1051 foro
1669 1020 1869 1052 conscientiae
1891 1021 1988 1061 gratis
2012 1022 2190 1058 absolvere,

1196 1063 1438 1102 comprehendat
1452 1062 1602 1094 forensem
1625 1063 1809 1104 fungentem
1821 1063 1983 1100 Praetoris,
2005 1066 2051 1096 vel
2066 1065 2190 1097 Medici

1196 1105 1322 1141 officio,
1343 1108 1639 1138 &commorantem
1652 1106 1848 1143 incivitate,
1872 1108 1920 1138 vel
1939 1107 2085 1144 dioecesi,
2109 1109 2189 1143 adeo

1194 1158 1228 1180 ut
1240 1159 1401 1188 tamquam
1414 1149 1552 1180 subditus
1567 1171 1576 1185 ,
1597 1160 1632 1180 ex
1645 1160 1709 1189 quo
1721 1150 1765 1180 ibi
1779 1149 1993 1182 Ecclesiastica
2003 1151 2188 1185 Sacramen-

1195 1202 1226 1223 ta
1238 1193 1395 1232 percipere
1406 1202 1530 1224 tenetur
1543 1215 1552 1228 ‚
1571 1194 1683 1226 debeat
1696 1192 1814 1224 censeri
1828 1205 1835 1223 :
1860 1192 1947 1225 Sacr.
1967 1193 2189 1236 Congragatio

1194 1235 1314 1266 censuit
1325 1235 1510 1275 Episcopum
1530 1238 1610 1275 polle
1630 1236 1685 1266 lios
1699 1236 1855 1267 absolvere
1868 1246 2030 1277 tamquam
2038 1237 2109 1269 vere
2121 1239 2189 1270 sub-

1193 1278 1277 1310 ditos
1297 1289 1334 1310 ex
1353 1278 1503 1310 facultate
1523 1278 1551 1310 ei
1564 1279 1740 1314 attributa,
1758 1278 1787 1309 d.
1799 1287 1864 1318 cap.
1884 1283 1913 1310 6.
1939 1280 2019 1319 posse
2040 1281 2117 1312 item
2138 1282 2187 1313 di-

1193 1322 1329 1360 spensare
1347 1325 1475 1362 quando
1495 1321 1535 1352 est
1556 1322 1688 1353 materia
1707 1321 1896 1362 conjuncta,
1920 1322 2028 1363 nempe
2051 1324 2133 1355 idem
2146 1324 2188 1358 fa-

1191 1364 1274 1395 <stum
1300 1365 1332 1395 in
1351 1367 1458 1396 eadem
1480 1365 1607 1404 persona
1635 1375 1827 1397 concurrens
1847 1386 1857 1400 ,
1886 1375 1920 1397 ex
1943 1376 2008 1406 quo
2026 1368 2058 1398 δέ
2079 1377 2188 1406 pecca-

1193 1418 1278 1444 tum,
1299 1410 1331 1439 &
1354 1408 1567 1448 irregularitas
1588 1407 1769 1439 incurratur
1788 1429 1797 1443 ,
1828 1417 1864 1438 ex
1884 1407 2028 1440 doeh-ina
2048 1409 2127 1441 Abb.
2152 1411 2191 1442 in«

1192 1460 1259 1491 cap.
1271 1453 1381 1483 Omni-'1
1401 1449 1551 1490 utriufiJue
1561 1472 1571 1485 ,
1588 1461 1699 1481 numer.
1710 1461 1758 1491 23.
1771 1449 1807 1481 de
1814 1453 1968 1491 poenitent.
1979 1454 2016 1484 Θ·
2025 1453 2182 1493 remissum.

1191 1493 1311 1525 Verum
1331 1495 1429 1526 relata
1449 1495 1485 1525 ad
1507 1494 1699 1533 Gregorium
1723 1494 1809 1524 XIII.
1827 1493 2102 1535 Congregationis
2121 1496 2185 1528 sen·

1190 1538 1292 1569 tentia
1310 1559 1319 1573 ,
1351 1537 1505 1568 Sanctitas
1526 1537 1588 1568 Sua
1607 1536 1689 1568 dixit
1720 1537 1800 1577 posse
1823 1537 2008 1578 Episcopum
2028 1538 2185 1574 absolvere

1188 1583 1352 1612 dumtaxat
1376 1581 1409 1612 in
1431 1580 1637 1612 §aeramento
1657 1579 1859 1614 Poenitentiae
1877 1602 1887 1618 ,
1913 1591 1980 1613 non
2007 1591 2112 1616 autem
2134 1582 2183 1615 di-

1189 1623 1342 1664 sperisare.

1229 1666 1286 1698 Sed
1308 1677 1426 1707 qut-res
1447 1678 1485 1698 an
1506 1667 1656 1699 delicium
1677 1678 1785 1700 coram
1806 1678 1891 1705 unO,
1922 1679 1976 1701 aut
1998 1670 2119 1702 duobus
2140 1680 2185 1703 te-

1187 1710 1280 1741 stibus
1303 1711 1428 1741 dicatur
1451 1712 1630 1746 occultum,
1652 1710 1730 1743 adeo
1755 1721 1789 1744 ut
1811 1711 1978 1753 Episcopus
2000 1715 2183 1746 cumdelin-

1187 1764 1304 1794 quente
1324 1754 1414 1793 poliit
1434 1753 1605 1794 dispensare
1627 1754 1661 1785 in
1681 1753 1753 1785 foro
1769 1755 1990 1792 conscientiae,
2012 1758 2098 1798 juxta
2107 1757 2180 1789 diff.

1187 1807 1254 1836 cap.
1267 1801 1296 1828 6.
1308 1796 1337 1827 S.
1349 1796 1569 1837 congregatio
1580 1796 1636 1828 liac
1647 1799 1684 1828 dc
1695 1807 1726 1828 re
1739 1798 1882 1830 consulta
1900 1799 2022 1831 censuit
2038 1800 2097 1831 hoc
2110 1812 2182 1841 pen-

1186 1843 1258 1871 dere
1281 1851 1314 1871 ex
1337 1840 1538 1880 dispositione
1558 1840 1636 1882 juris
1647 1840 1850 1877 communis,
1870 1840 1975 1875 Postea
1989 1843 2181 1877 tamencum

1185 1883 1363 1913 dubitatum
1385 1884 1457 1914 effer
1488 1894 1524 1914 an
1548 1883 1723 1919 absolutus,
1755 1885 1788 1915 &
1807 1884 1996 1924 dispensatus
2016 1890 2033 1916 a
2055 1888 2180 1928 proprio

1185 1926 1335 1966 Episcopo
1355 1926 1386 1956 in
1410 1924 1954 1966 materiadeliCkiperpetraticoram
1965 1929 2108 1966 duobus,
2131 1932 2179 1963 vel

1186 1969 1284 2000 tribus
1304 1969 1432 2000 testibus
1451 1991 1461 2005 ,
1493 1971 1576 2010 quod
1597 1979 1703 2000 tamen
1723 1980 1788 2000 non
1808 1969 1870 2002 fuit
1898 1971 2084 2009 notorium3
2105 1974 2178 2006 esset

1187 2022 1272 2043 tutus
1293 2012 1328 2043 in
1348 2012 1562 2044 conscientia:
1594 2011 1767 2052 Respondit
1789 2023 1854 2043 non
1875 2014 1933 2044 esse
1955 2024 2078 2052 tutum,
2102 2017 2179 2057 quia

1183 2054 1371 2086 Concilium
1398 2055 1497 2086 utitur
1510 2056 1649 2087 termino
1659 2055 1786 2092 occulto,
1805 2058 1890 2096 quod
1910 2056 2032 2098 proprie¹
2046 2059 2177 2099 loquen-
2201 2062 2241 2099 38

1183 2101 1224 2128 do
1234 2098 1274 2129 est
1287 2098 1384 2133 illud,
1403 2101 1486 2138 quod
1499 2098 1624 2138 probari
1635 2109 1699 2129 non
1720 2098 1836 2138 potest.
1858 2100 1939 2131 Abb.
1961 2101 1992 2132 in
2012 2113 2038 2133 c.
2051 2102 2175 2142 Vistra,

1183 2140 1218 2171 de
1229 2140 1616 2174 cahab.Cler.&'‘Mulier.
1638 2141 1679 2172 At
1701 2151 1753 2182 pei·
1775 2144 1853 2173 duos
1863 2142 1951 2174 testes
1976 2146 2098 2183 probari
2120 2157 2175 2187 po—

1182 2183 1259 2220 test,
1279 2186 1311 2216 &
1324 2185 1417 2216 verba
1436 2183 1705 2217 Conciliidebent
1725 2185 1826 2226 accipi
1845 2185 2015 2220 secundum
2038 2191 2173 2230 proprie-

1181 2237 1298 2263 tatem.

2206 1675 2246 1708 37

391 2389 526 2444 DE
590 2389 1181 2447 ORDINATIS
1236 2391 1352 2445 AB
1406 2389 1938 2452 Episcopo,

739 2479 823 2530 qui
852 2456 1172 2516 renunciavit
1209 2461 1534 2532 Episcopatui
1554 2499 1565 2511 .

664 2580 910 2631 Alexander
947 2581 1024 2631 ΙΙΙ.
1070 2582 1271 2633 Toletano
1304 2579 1652 2649 Archiepiscopo:

808 2695 858 2751 C
925 2696 976 2749 A
1047 2699 1085 2752 P
1153 2700 1205 2754 U
1275 2699 1330 2754 T
1448 2697 1486 2754 I.

144 2812 413 2898 REquisivit
437 2813 459 2853 ὲ
475 2811 581 2852 nobis
592 2826 655 2853 tua
666 2813 906 2860 fraternitas,
932 2814 1058 2854 utrum
1081 2816 1196 2863 cleri,
1222 2819 1285 2864 qni
1307 2816 1385 2863 post
1408 2817 1730 2856 renuneiationem
1755 2814 1897 2859 faciam
1924 2816 1945 2859 ὲ
1967 2819 2161 2867 'praedeces-

254 2862 334 2901 sore
360 2874 427 2901 tuo
439 2861 585 2900 ordines
598 2876 810 2910 receperunt
826 2887 839 2907 7
868 2866 903 2901 in
923 2862 1002 2910 ipsis
1023 2864 1179 2903 debeant
1200 2878 1414 2903 remanere:
1439 2865 1477 2902 δε
1498 2863 1594 2904 infra
1616 2894 1625 2904 .
1660 2863 1936 2914 Respondemus
1965 2869 2081 2916 igitur
2105 2870 2159 2908 di-

145 2907 385 2957 stinguendo,
413 2913 537 2949 utrum
560 2924 830 2950 renunciaverit
851 2911 937 2950 loco
960 2912 1132 2958 tantum,
1159 2927 1206 2952 an
1226 2914 1314 2951 loco
1333 2911 1439 2951 fimul
1465 2912 1505 2950 &
1529 2911 1727 2960 dignitati:
1755 2927 1842 2953 nain
1864 2916 1901 2953 in
1927 2919 2050 2961 primo
2071 2916 2155 2958 casu

141 2955 288 2995 ordines
315 2961 328 3002 (

356 2957 444 2998 sicut
468 2958 578 2998 antea
602 2960 617 3003 )
644 2972 794 3007 rogatus
814 2959 862 2997 ab
880 2957 1061 3007 Episcopo
1081 2961 1208 3010 aliquo
1225 2963 1360 3008 poterit
1378 2960 1422 2999 de
1445 2962 1591 3000 ratione
1611 2959 1781 3001 conferre
1794 2979 1805 2998 .-
1831 2962 1872 3001 Ιη
1898 2959 2056 3005 secundo
2067 2964 2156 3004 vero

140 3002 224 3042 casu
240 3004 535 3052 distinguendum
557 3020 754 3053 putamus,
783 3006 908 3046 utrum
923 3006 1042 3046 sacros
1060 3009 1261 3047 contulerit
1283 3023 1329 3047 an
1352 3011 1534 3047 minores.
1562 3008 1718 3048 sienim
1747 3009 1769 3049 ὲ
1794 3010 1862 3050 tali
1885 3011 2032 3052 ordines
2042 3011 2152 3061 usque

140 3050 186 3090 ad
200 3052 513 3092 Subdiaconatum
528 3055 669 3103 ‘aliquis
690 3068 893 3103 acceperit:
919 3069 1006 3105 quia
1026 3056 1065 3094 &
1084 3055 1291 3099 huiusmodi
1315 3056 1461 3095 ordines
1478 3056 1500 3095 a
1522 3070 1596 3095 non
1616 3056 1805 3105 Ep'iscopis
1825 3059 2045 3109 quandoque
2066 3073 2153 3098 con-

140 3096 331 3141 feruntur,
364 3101 401 3138 3(
422 3105 454 3138 in
478 3103 552 3141 illis
571 3102 750 3142 deservire
769 3107 932 3150 poterit,
962 3104 1000 3141 Sc
1021 3103 1067 3142 ad
1082 3108 1240 3148 majores

1271 3106 1286 3150 (
1312 3102 1336 3142 si
1352 3104 1501 3142 idoneus
1516 3102 1627 3143 fuerit
1653 3105 1670 3148 )’
1693 3110 1926 3152 promoveri.
1952 3108 2050 3149 Sane
2067 3106 2153 3145 fiab

139 3148 270 3186 codem
294 3145 412 3186 sacros
433 3150 746 3191 ordinesscienter
757 3154 837 3202 quis
851 3154 1029 3199 receperit
1043 3176 1056 3197 2
1083 3152 1370 3202 quiaindignum
1391 3151 1424 3190 se
1447 3151 1561 3197 fecit,
1588 3156 1844 3194 executionem
1856 3154 1968 3194 officii
1988 3170 2062 3194 non
2084 3154 2152 3193 ha-

141 3194 244 3234 bebit
258 3213 268 3232 z
294 3194 356 3234 ubi
373 3208 585 3238 autemnon
605 3198 789 3247 scienter,
815 3204 956 3247 poterit
983 3202 998 3246 (
1023 3200 1089 3240 nisi
1106 3200 1218 3242 crafla
1234 3201 1272 3240 &
1295 3199 1421 3249 supina
1439 3197 1552 3240 fuerit
1575 3202 1786 3250 ignorantia
1813 3204 1828 3247 )
1853 3203 2026 3243 discretus
2054 3203 2150 3241 Pon-

141 3242 238 3283 tifex
257 3241 481 3291 dispensare.

218 3466 321 3508 Prosp.
330 3470 466 3507 Pugnan.
478 3470 510 3501 in
519 3471 544 3501 l.
556 3469 625 3504 Lib.
637 3472 793 3504 Decreta.

1669 3475 1724 3507 Aa
1956 3477 1980 3506 S
1999 3475 2032 3507 U
2052 3478 2101 3506 ill>

1768 3485 1784 3515 υδ
