2397 3664
165 467 205 498 45

287 43 388 93 ⁴06

232 126 306 150 eum
317 139 327 154 ,
336 118 392 158 qui
402 117 562 159 Presbyter
573 125 639 148 non
650 117 687 148 sit
700 138 709 153 ,
719 117 957 156 aliis,-qnamvis
969 116 1147 160 Presbyteri
1156 117 1227 152 sint:

229 158 259 191 S.
270 159 466 201 Congrcgat.
477 159 598 192 censuit
609 160 689 198 posse
699 182 709 195 ‚
731 159 752 190 si
768 158 865 191 modo
876 159 975 199 ipsum
987 160 1153 200 Episcopus
1163 171 1227 194 ma—

227 203 277 243 gis
288 202 439 236 idoneum
451 201 638 245 judicaverit
647 225 654 232 .
667 201 716 233 De
726 201 860 234 scientia
870 201 946 234 vero
957 212 1026 235 uter
1038 203 1074 235 lit
1085 203 1227 244 pra’stan-

232 246 295 280 tior
314 257 379 278 non
397 246 516 278 constat
528 267 539 280 ,
555 243 630 278 cum
656 244 945 284 interrogationes,
965 246 999 279 &
1014 245 1226 288 responsiones

230 288 491 322 examinisbabiti
511 289 618 318 co‘ram
639 286 791 327 Episcopo
812 287 988 326 Pistoriensi
1000 288 1132 321 minime*
1154 287 1227 322 scri-

229 341 287 373 pta:
300 331 415 365 fuerint
428 354 435 361 .
450 331 511 370 Atq
517 340 553 360 ue
564 330 610 361 ita
619 332 723 371 quoad
736 330 892 370 praeditfkas
902 331 1072 372 qualitates
1082 342 1148 364 non
1159 343 1225 365 ma-

228 385 292 414 gna
303 372 624 407 cstdirferentiainter
633 383 701 410 eos5
713 372 762 405 sed
774 383 914 406 remanet
925 376 1141 416 perpendenda
1150 386 1226 417 qua-

229 418 302 450 litas
312 416 482 457 prudentia:
493 438 500 446 .
690 439 691 442 =
719 446 720 450 ,

270 461 388 500 Quoad
410 457 612 498 prudentiam
627 458 709 491 niliil
727 459 895 492 adducitur
913 470 1028 493 contra
1045 460 1202 494 Thomam
1214 484 1222 493 .

231 503 413 535 Sed‘contra
423 501 552 533 Fabium
571 502 724 542 allegatur
744 503 903 535 euniolim
915 502 1002 536 fuisse
1021 505 1224 541 dementem,

231 547 277 577 vel
291 544 451 581 furiosum,
467 545 577 585 utpote
588 545 746 586 aliquibus
754 546 864 578 diebus
875 548 1038 580 detentum
1048 545 1098 580 hic
1111 547 1147 580 in
1157 546 1223 579 Ur-

229 588 310 620 bein
325 587 488 629 Hospitali
501 598 685 628 nuncupato
705 587 740 620 dc
750 591 762 619 i
781 590 977 626 Paazareh‘,
1002 589 1113 631 nempe
1133 592 1150 621 a
1171 590 1223 622 die

226 641 277 663 22.
290 630 402 663 mensis
415 630 494 671 Maji
506 653 515 666 ,
536 632 616 663 &ab
627 633 738 664 eodem
750 631 848 671 postea
860 633 933 664 inde
953 633 1112 665 dimiffiim
1128 633 1179 664 die
1192 636 1221 665 8.

229 672 302 713 Julii
316 673 500 706 immediate
512 673 670 715 sequentis
681 697 691 711 ,
703 685 737 707 ut
750 676 874 715 publica
885 676 1042 712 fidedibro
1054 675 1132 708 dicti
1145 676 1223 707 Hos-

227 717 330 757 pitalis
341 717 356 748 a
368 717 395 749 se
405 715 545 757 inspecto
557 739 566 753 ‚
577 717 703 752 testatus
713 718 753 750 est
765 718 915 759 Magister
925 720 1036 751 domus
1047 719 1223 760 Hospitalis

229 760 383 803 ejusdem.

271 804 381 835 fabius
395 805 431 835 ad
444 803 524 834 hanc
537 803 629 835 fidem
640 806 842 836 evertendam
863 804 948 836 misit
966 806 1045 836 duos
1065 804 1221 837 Notarios

226 847 402 879 adhbrum
422 845 651 886 inspiciendum
671 867 682 883 ,
712 848 844 878 alterum
865 847 1030 879 Auditoris
1051 846 1193 880 camera}

226 890 361 921 alterum
382 888 620 929 Capitolinum,
650 888 706 929 qui
726 890 878 921 testantur
901 890 935 922 in
954 890 1040 922 dieto
1061 891 1143 922 libro
1164 895 1221 923 re-‘

225 932 321 972 periri
339 932 527 972 descriptum
557 931 686 963 Fabium
708 930 913 969 Marianum,
933 943 998 964 non
1031 943 1136 965 autern
1152 934 1220 967 -ra-

227 975 316 1007 bium
335 974 587 1006 Mamman'rum.
611 974 636 1004 E
657 983 771 1006 contra
781 974 920 1008 Thomas
940 978 977 1008 ad
999 976 1092 1007 fidem
1111 977 1221 1017 praedi-

224 1017 308 1050 &am
322 1018 575 1048 confirmandam
595 1017 739 1056 producit
760 1018 853 1049 aliam
864 1019 957 1050 fidem
968 1019 1106 1061 ejusdem
1115 1019 1221 1059 Magi—

228 1060 425 1095 stridomus,
446 1060 500 1099 qui
521 1059 648 1090 testatur
668 1063 818 1091 delinere
841 1062 1056 1093 affitumeffein
1077 1061 1220 1103 Congre-

226 1103 360 1143 gatione
371 1102 448 1134 dieti
459 1102 631 1143 Hospitalis
642 1125 651 1139 ,
672 1105 704 1134 &
713 1102 1012 1144 congregationem
1024 1105 1160 1146 inspecto
1170 1106 1219 1136 di-

223 1146 275 1178 &to
285 1145 367 1177 libro
377 1145 534 1178 mandasse
545 1167 554 1182 ,
575 1155 609 1177 ut
620 1155 656 1178 ex
666 1146 750 1178 dieta
762 1147 823 1178 fide
842 1149 907 1191 jani
916 1148 1002 1180 edita
1011 1148 1092 1181 nihil
1103 1148 1219 1181 immu-

224 1199 344 1221 taretur
356 1212 364 1221 .
1168 1217 1173 1223 .

266 1231 414 1265 Praeterea
436 1233 473 1263 ad
494 1233 636 1264 eamdem
659 1233 751 1265 fidem
774 1235 1026 1274 coadjuvandam
1055 1234 1219 1266 examina-

222 1286 273 1307 tus
293 1275 335 1307 est
363 1275 503 1307 Annibal
536 1274 704 1307 Dominici
725 1278 763 1308 de
795 1278 997 1309 Bernardinis
1027 1277 1217 1309 pistoriensis

222 1317 386 1353 dioecesis‚
405 1320 438 1349 in
455 1316 648 1359 processnfol.
661 1330 690 1350 2.
713 1319 769 1361 qui
788 1321 920 1360 deponit
932 1320 980 1357 se,
1001 1320 1076 1353 cum
1086 1321 1162 1353 esset
1174 1321 1218 1352 fa-

223 1361 358 1394 miliaris
372 1360 411 1392 D.
425 1360 607 1394 Cardinalis
620 1361 762 1394 Medices
773 1385 783 1398 ,
802 1364 979 1395 &audisset
992 1364 1092 1396 filium
1102 1363 1217 1395 Sandri

225 1405 236 1445 (
257 1406 341 1445 quod
357 1403 398 1436 est
422 1414 540 1436 nomen
560 1405 654 1444 patris
664 1403 742 1436 dieti
760 1406 844 1438 Fabii
858 1409 895 1438 de
908 1407 1109 1438 Mammiano
1130 1406 1215 1445 )esse

223 1448 259 1479 iri
270 1446 356 1480 dicsto
368 1446 529 1488 Hospitali
548 1446 756 1481 Dementium
766 1471 775 1484 ‚
797 1449 872 1481 illuc
884 1450 1041 1481 accessisse
1053 1460 1215 1490 tamquam

221 1491 361 1522 amicum
380 1489 458 1523 dieti
476 1490 608 1526 Sandri‚
631 1490 749 1531 sibique
770 1492 923 1524 ostensum
944 1492 1034 1524 fuisse
1046 1494 1214 1534 quemdam

221 1534 369 1575 juvenem
380 1533 426 1564 uti
440 1533 542 1564 silium
552 1533 630 1564 diesi
641 1532 755 1565 Sandri
769 1538 806 1566 de
817 1536 1019 1568 Mammiano
1029 1558 1039 1572 ,
1060 1547 1156 1577 quem
1164 1538 1215 1568 de·

218 1576 348 1612 scribit,
369 1576 523 1617 licetejus
542 1577 700 1608 riomense
712 1577 859 1617 ignorare
879 1579 986 1611 dicat.
1008 1578 1214 1611 Examinatus

218 1619 261 1651 est
271 1619 368 1651 etiam
378 1618 456 1652 alius
468 1618 551 1650 testis
564 1618 754 1652 Dominicus
765 1623 803 1652 de
815 1621 1013 1665 Castigliano
1024 1644 1033 1659 ,
1053 1622 1109 1664 qui
1120 1625 1215 1661 depo-

215 1663 285 1698 nit,
318 1663 351 1693 in
362 1660 393 1693 d.
403 1659 549 1702 processu,
574 1661 631 1702 fol.
643 1666 672 1694 6.
696 1662 757 1695 esse
770 1664 802 1695 in
815 1666 888 1696 loco
911 1665 1104 1697 Mammiani
1116 1665 1215 1706 publi-

218 1715 289 1736 cam
302 1714 413 1737 vocem
424 1726 433 1741 ,
444 1706 476 1737 ὃ(
488 1703 603 1736 famam
615 1713 624 1741 ς
645 1703 729 1746 quod
742 1707 841 1738 dietus
852 1708 963 1739 Fabius
972 1708 1085 1740 Sandri
1096 1707 1156 1740 fuit
1167 1708 1215 1739 fu-

221 1747 320 1781 riosus
330 1768 341 1784 ‚
361 1748 394 1779 &
404 1748 451 1780 uti
463 1748 536 1779 talis
546 1750 692 1780 detentus
704 1748 764 1781 fuit
776 1749 886 1782 Romae
898 1751 930 1782 in
940 1751 1096 1790 Hospitali
1109 1752 1213 1791 przedi·

218 1791 270 1823 eto
281 1814 289 1822 .
300 1789 429 1830 Qiibus
441 1791 564 1823 accedit
576 1813 585 1828 ,
604 1790 690 1832 quod
705 1791 845 1825 Thomas
869 1804 977 1825 coram
998 1795 1130 1826 Vicario
1147 1795 1213 1825 1³10-

216 1834 326 1867 rentiae
338 1833 516 1866 infecunda
535 1834 685 1867 instantia
696 1834 772 1868 fecit
794 1836 983 1877 positionem
994 1839 1032 1868 de
1043 1836 1146 1868 furore
1157 1838 1213 1869 fa-

220 1878 286 1914 bii,
310 1886 343 1909 ut
360 1879 394 1909 in
411 1876 609 1919 processufhl.
635 1882 683 1919 36.
702 1881 786 1922 postt.
807 1890 855 1920 32.
876 1880 1002 1920 thuia
1022 1880 1131 1911 Fabius
1142 1891 1210 1913 non

217 1920 398 1961 comparuit
408 1942 418 1956 ‚
438 1931 496 1951 nec
508 1922 667 1961 reipondic
677 1944 686 1958 ‚
699 1923 793 1962 Judex
806 1923 1025 1963 pronuntiavit
1034 1923 1210 1956 habendam

222 1964 283 1996 esse
295 1973 350 2004 pro
363 1962 536 1994 confessata
547 1986 557 1999 ,
584 1965 669 2004 quta
679 1976 711 1995 in
720 1977 744 1997 c.
758 1978 786 1996 ι.
805 1965 840 1998 aie
849 1966 970 2008 confess.

255 2006 331 2038 Haec
351 2006 487 2047 qualitas
498 2005 613 2037 furoris
634 2018 698 2039 non
718 2010 841 2040 videtur
861 2009 940 2041 bene
963 2011 1108 2050 probata,
1135 2009 1211 2050 quia

219 2051 322 2091 quoad
339 2049 432 2081 fidem
445 2049 515 2080 satis
526 2049 623 2081 dubia
634 2052 773 2082 redditur
784 2063 817 2082 ex
841 2052 1040 2084 attestatione
1049 2053 1211 2085 contraria

221 2095 361 2126 duorum
374 2091 584 2124 Notariorum
595 2114 604 2128 ,
627 2095 662 2124 ad
676 2094 766 2133 gloss.
777 2098 809 2125 in
826 2104 894 2135 cap.
912 2097 1001 2127 Licet
1018 2095 1157 2136 causam,
1177 2099 1210 2127 in

217 2147 282 2168 ver.
294 2135 349 2168 Uti
359 2135 507 2176 poffidetis
517 2157 527 2171 ‚
548 2134 627 2175 vers.
637 2138 661 2167 S
663 2139 674 2166 ι’
685 2148 754 2168 vero
773 2137 959 2182 probation-es
970 2161 979 2174 ,
996 2137 1080 2178 ἐπῆ-κ’
1100 2138 1137 2170 de
1146 2148 1211 2179 pro-

218 2177 343 2212 basmifi
355 2178 478 2210 oculari
489 2178 679 2219 inspectione
691 2181 806 2212 veritas
817 2181 889 2212 fidei
898 2183 1118 2221 comprobetur
1129 2205 1137 2213 .
1149 2181 1211 2213 Te-

219 2222 275 2254 stes
288 2222 362 2255 verb
373 2221 427 2252 etsi
444 2221 611 2262 singulares
622 2224 657 2253 ad
671 2224 864 2262 probandum
876 2223 1015 2256 furorem
1036 2223 1189 2256 sufficiant
1199 2248 1209 2261 ,

219 2265 373 2298 Alexand.
388 2265 539 2305 plurimos
550 2268 713 2297 cumulans
724 2265 839 2307 inconst
864 2276 933 2306 141.
945 2269 1006 2298 inci
1009 2269 1086 2307 plen.
1099 2266 1210 2299 Ponde-

209 2311 322 2345 ratis,
342 2318 421 2340 num.
434 2319 462 2339 2.
474 2305 546 2339 libr.
561 2318 585 2339 1.
610 2307 707 2340 Ruin.
720 2308 946 2349 cons.63.num.
961 2319 988 2350 3.
1010 2310 1070 2341 vol.
1087 2320 1112 2341 1.
1136 2320 1210 2342 cum

159 2618 199 2648 47

220 2352 290 2384 aliis
299 2350 439 2384 addustis
451 2361 502 2391 pet
512 2351 693 2384 Gabrielem
703 2355 753 2384 tit.
774 2351 810 2384 cie
822 2350 937 2392 Testzb.
949 2351 1071 2393 conclufi
1085 2363 1113 2384 2.
1128 2364 1207 2384 num.

219 2405 273 2434 42.
302 2404 409 2427 tamen
429 2393 480 2425 hic
501 2395 648 2426 habemus
671 2395 801 2428 unicum
823 2396 930 2427 testem
951 2394 1118 2436 semiplene
1141 2405 1210 2427 tan-

217 2438 287 2470 tum
310 2439 517 2479 probantem:
550 2448 622 2468 nam
646 2438 723 2470 alius
746 2439 831 2470 testis
859 2438 988 2479 deponit
1019 2441 1057 2471 de
1086 2439 1211 2479 publica

218 2491 297 2513 voce
312 2505 319 2517 ,
339 2482 372 2513 &
393 2479 494 2517 falna,
524 2480 580 2521 qui
600 2481 680 2513 solus
701 2492 771 2513 eam
791 2492 858 2513 non
878 2483 1012 2523 probat,-
1043 2481 1210 2522 ptaesertim

221 2522 295 2555 cum
317 2534 381 2555 non
402 2527 538 2564 deponat
560 2534 633 2556 cum
663 2525 829 2566 requisitus
861 2524 1042 2557 necessariis
1062 2526 1101 2556 ad
1122 2524 1210 2556 famae

222 2567 455 2607 probationem,
476 2570 513 2599 ad
533 2577 643 2599 notata
662 2579 714 2608 per
734 2568 961 2601 Innocentium
981 2570 1014 2599 in
1041 2576 1108 2608 cap.
1129 2568 1210 2600 Ciam

219 2619 370 2650 oporteat,
392 2608 428 2641 de
437 2609 567 2650 accusat.
590 2610 664 2642 Ideb
686 2621 732 2642 res
743 2621 812 2643 tota
822 2613 977 2652 dependet
991 2611 1029 2642 ab
1049 2610 1210 2652 inspectio-

224 2663 262 2683 ne
282 2652 373 2684 libri:
395 2663 468 2684 nam
490 2653 510 2684 si
534 2654 708 2691 constabit,
729 2665 800 2686 eum
823 2654 926 2686 furore
938 2664 1086 2691 vexatum
1096 2653 1208 2690 fuisse,

176 2703 179 2706 ·
223 2695 340 2726 etiamsi
361 2695 459 2736 postea
481 2696 662 2737 resipuerit,
683 2707 747 2729 non
759 2697 907 2738 potuisset
929 2707 1036 2730 tamen
1058 2700 1094 2728 ad
1108 2697 1209 2729 sacros

225 2736 361 2770 Ordines
372 2739 481 2780 absque
492 2740 719 2780 dispensatione
731 2740 818 2772 Sedis
839 2740 1024 2782 Apostolicae
1044 2750 1208 2781 promove-

229 2779 277 2814 ri,
294 2780 410 2813 silvest.
429 2785 460 2813 in
479 2794 543 2814 ver.
564 2786 693 2824 Corpore
713 2786 866 2819 vitiatus,
893 2795 972 2815 num.
991 2787 1019 2815 8.
1042 2785 1074 2814 ὃ(
1096 2783 1219 2822 Augei..

225 2822 286 2853 cod.
298 2834 439 2855 ver-num.
452 2829 480 2857 8.
491 2829 522 2857 ὅ(
535 2827 682 2867 probatur
694 2837 744 2868 per
756 2837 878 2859 textum
888 2829 920 2858 in
930 2835 996 2867 cap.
1007 2825 1104 2867 Ufizue
1113 2825 1187 2858 ade&
1197 2848 1207 2862 2

230 2865 413 2906 33.dzstmsi.
436 2867 471 2898 Et
485 2869 522 2899 sic
536 2879 696 2910 tamquam
709 2870 887 2910 irregularis
908 2880 971 2901 uon
991 2869 1146 2901 debuisset
1157 2872 1208 2901 ad-

225 2909 316 2939 mitti
329 2911 372 2954 ⁴ad
394 2911 593 2949 concursum,
617 2915 662 2944 vel
684 2913 790 2945 saltem
810 2924 874 2944 non
896 2923 961 2944 erat
984 2915 1205 2954 praeponendus

227 2952 401 2998 adversario
420 2955 504 2984 nulla
524 2955 773 2996 irregularitate,
801 2958 846 2988 vel
869 2956 992 2988 defectu
1013 2957 1105 2988 simili
1123 2957 1208 2987 labo-

226 3003 308 3026 ranti
320 3016 327 3024 .
413 3031 417 3034 .

268 3037 448 3069 Secundum
467 3049 556 3077 caput
570 3062 578 3075 ,
598 3052 662 3081 quo
681 3042 795 3074 nititur
813 3041 952 3075 Thomas
975 3042 1116 3074 adversus
1130 3041 1207 3083 judi-

226 3080 312 3111 cium
323 3079 464 3127 Episcopi
477 3080 660 3115 Pilloricnsis
672 3107 680 3121 ‚
693 3085 733 3116 est
743 3086 772 3117 id
784 3087 866 3125 quod
880 3086 1017 3126 pluribus
1029 3086 1131 3117 modis
1141 3095 1207 3125 pro·

224 3125 297 3154 bare
308 3133 463 3159 tentavit,
485 3124 592 3163 nempe
606 3127 783 3168 Episcopum
795 3129 940 3168 pallionis
953 3128 1097 3160 affectum
1108 3150 1117 3164 .
1139 3139 1205 3160 non

224 3166 356 3198 rationis
368 3166 521 3210 judicium
532 3189 540 3203 ‚
557 3170 630 3199 dum
643 3172 849 3203 adversarium
867 3172 1000 3212 praetulit
1011 3195 1019 3206 .
1043 3172 1207 3212 sequutum

223 3210 306 3244 e1'<,e‚·
328 3210 416 3250 cujus
429 3210 472 3241 rei
486 3209 621 3247 inditia,
642 3214 672 3243 ὃ(
685 3214 878 3253 conjectura<
889 3215 1037 3255 plurimas
1057 3214 1206 3251 deducit,

222 3262 353 3292 quarum
367 3253 561 3292 urgentiores
573 3253 640 3284 sunt
654 3254 851 3296 infrascripta·
861 3281 868 3288 .
971 3255 973 3266 '

267 3294 456 3335 Priiniiquia
478 3296 641 3337 Episcopus
662 3298 846 3338 exquirique
859 3296 1132 3333 l³xamiliatorilui¹s
1152 3299 1206 3342 Sy-

226 3339 389 3368 nodalibus
409 3342 486 3370 duos
504 3339 644 3371 excludit
662 3362 672 3376 ‚
699 3351 834 3380 quorum
854 3344 931 3374 alter
963 3344 1070 3384 nempe
1094 3345 1204 3375 Homi-

223 3379 306 3418 prius
323 3379 476 3425 *Cellesius
502 3393 567 3414 erat
587 3383 838 3423 consanguineus
856 3385 1005 3422 Thomas,
1028 3387 1106 3418 alter
1127 3386 1202 3419 verb

221 3433 332 3463 nempe
344 3422 474 3456 Cosmus
486 3425 701 3459 llracciolinus
720 3436 785 3459 crat
797 3427 931 3469 ejusdem
943 3430 1086 3466 amicum
1106 3431 1138 3462 &
1158 3431 1205 3463 in-

600 23 767 92 Prosp.
791 21 833 76 F
835 39 1012 92 agnati.
1047 24 1099 80 in
1110 10 1331 86 Piiixtum
1349 6 1556 86 Librum
1569 24 1849 89 „DecretaL

1265 129 1313 152 ier
1325 128 1386 151 tres
1398 118 1542 150 adhibuit
1554 117 1827 150 Archidiaconum
1836 139 1847 156 ,
1863 118 2019 159 quiextra
2028 119 2154 157 Urbem
2162 131 2266 159 mora.

1271 163 1381 198 batur,
1401 163 1432 194 δι
1445 161 1479 192 in
1499 160 1703 192 concursibus
1726 160 1869 192 adhiberi
1888 171 1955 194 non
1981 165 2184 200 consueverat
2193 188 2205 205 ,
2224 164 2265 200 εὸ

1262 205 1346 246 quod
1358 204 1391 236 es
1389 214 1435 236 set
1447 201 1574 235 infestus
1585 201 1762 235 samiliae'de
1772 201 1927 242 Cellefiis,
1939 203 2014 240 cum
2024 217 2086 248 qua
2097 208 2157 250 ipse
2168 210 2266 250 pluri..

1261 257 1329 279 inas
1340 269 1351 284 ‚
1365 249 1396 279 &
1410 244 1605 287 graviffimas
1617 245 1689 278 lites
1699 245 1862 284 habuerat,
1874 256 1909 279 ut
1918 248 2083 288 deponunt
2093 252 2183 286 testes
2192 262 2264 286 exa·

1261 291 1376 324 minati
1406 300 1515 322 coram
1526 287 1659 322 Vicario
1669 288 1689 321 F
1693 289 1855 346 lorentinq
1863 289 1950 331 super
1959 291 2110 334 vigesimo
2126 294 2265 329 secundo

1262 334 1417 367 articulo.
2014 347 2015 350 ¹

1303 375 1452 409 Secundo
1460 373 1540 416 quia
1558 374 1728 416 Episcopus
1747 384 1821 408 ante
1839 377 2029 410 concursum
2049 378 2189 418 pluribus
2209 382 2259 414 di-

1261 430 1347 452 xerat
1364 419 1397 452 ·se
1416 419 1501 451 nolle
1532 416 1750 450 parochialem
1770 418 1942 452 vacantem'
1965 420 2110 453 conferre
2130 421 2261 457 Thomae

1260 462 1425 504 praedisto,
1445 462 1522 502 quia
1531 459 1676 492 homines
1686 460 1815 493 famiiiae
1834 462 1920 496 illitis
1929 463 2089 505 jactabant
2113 463 2259 500 fututum

1259 507 1322 539 esse
1337 528 1347 543 ,
1365 506 1420 539 ubi
1430 504 1570 536 Thomas
1582 503 1738 541 fuissetab
1749 503 2027 539 Exauiinatoribus
2049 509 2235 548 approbatus
2249 520 2259 547 3

1260 550 1374 587 vellet,
1393 548 1494 582 nollet
1505 547 1693 587 Episcopus,
1714 545 1932 581 l‘arochialem
1949 550 2261 591 consequentum&

1270 595 1303 625 ὅ(
1322 595 1358 625 ad
1379 594 1410 625 id
1431 601 1500 624 tum
1519 590 1657 622 Romam
1674 612 1685 627 ,
1706 599 1775 623 turn
1794 590 1989 624 Florentiam
2014 593 2137 626 litteras
2171 594 2260 636 mise-

1260 646 1331 669 rant
1343 647 1354 673 ,·
1379 635 1563 676 addiditque
1586 633 1771 674 Episcopus,
1811 633 1832 666 si
1857 632 2074 668 parochialem
2098 636 2260 672 conferret

1259 679 1390 711 Thoinae
1400 701 1410 716 ,
1422 677 1488 710 fore
1499 699 1509 715 ‚
1530 687 1565 709 ut
1575 686 1642 708 non
1652 675 1752 717 posset
1762 687 1832 710 eam
1843 677 1948 718 aliqua
1960 680 2108 720 pensione
2119 690 2254 713 onerare

1258 723 1300 754 ob
1319 722 1425 754 literas
1437 721 1552 761 Magni
1563 719 1665 751 Ducis
1676 719 1811 751 Etruriae
1824 743 1834 757 ,
1853 721 1910 761 qui
1922 731 1995 753 eum
2006 724 2138 763 rogabat
2150 746 2160 760 ,
2180 733 2215 756 ut
2236 723 2259 757 fi

1258 765 1397 797 Thomas
1417 763 1537 796 caeteris
1556 762 1750 807 praeferretur
1760 785 1770 799 ,
1793 763 1940 803 pensione
1960 766 2065 805 aliqua
2087 764 2257 799 parochia-

1259 809 1321 841 lem
1332 809 1419 840 illam
1428 816 1559 848 gravare
1569 816 1634 837 non
1646 805 1773 837 deberet
1784 828 1792 836 .
1812 805 1891 845 Qia
1899 808 1938 839 de
1951 817 1983 838 re
1996 809 2127 849 deponit
2139 810 2255 843 unicus

1257 851 1358 888 testis,
1378 849 1489 891 nempe
1502 850 1592 890 Joan.
1605 847 1739 888 Baptista
1749 849 1788 881 de
1800 847 1969 881 Vasellinis
1979 871 1990 886 ‚
2010 861 2046 882 ut
2059 851 2093 884 in
2112 851 2254 892 Processu

1252 893 1308 936 fol.
1324 905 1393 935 133.
1412 892 1497 926 Cum
1510 892 1570 923 hoc
1581 891 1654 923 tesle
1666 893 1869 928 concordant
1880 891 2098 933 depositiones
2109 892 2200 934 Joan.
2210 898 2250 927 de

1258 937 1383 974 Bardis,
1404 938 1437 970 &
1457 935 1541 969 Petri
1553 935 1666 966 Maria:
1676 936 1715 966 de
1732 932 1863 966 Rutatis
1872 956 1883 971 ,
1903 937 1981 968 dum
2001 935 2157 969 affirmant
2167 937 2254 978 Epis-

1256 991 1370 1022 copum
1384 980 1451 1020 ipsis
1464 978 1577 1011 dixisse
1586 978 1615 1009 se
1627 977 1716 1010 -hanc
1738 977 1955 1010 Parochialem
1964 980 2054 1011 nullo
2066 979 2156 1020 pa6to
2175 981 2255 1013 con'-

1257 1023 1336 1056 ferre
1348 1025 1425 1056 velle
1444 1021 1575 1053 Thomae
1585 1020 1758 1061 supradicto
1769 1044 1776 1051 .
1800 1020 1859 1053 Sed
1871 1021 2010 1061 Joannes
2023 1023 2110 1055 addit
2122 1022 2251 1064 Episco-

1255 1078 1331 1108 pum
1342 1066 1528 1108 subjunxisse
1540 1065 1566 1097 se
1578 1065 1659 1096 velle
1669 1075 1737 1095 eam
1748 1074 1799 1104 per
1811 1063 1903 1100 fas,&
1915 1064 2001 1100 nefas
2010 1065 2156 1098 conferte
2169 1065 2252 1099 Press

1256 1112 1366 1147 byrero
1381 1108 1568 1142 Cherubino
1585 1107 1662 1139 dieti
1682 1107 1814 1147 Joannis
1837 1108 1942 1139 amico
1953 1131 1963 1146 ,
1984 1110 2018 1140 ὃς
2037 1110 2116 1141 velle
2129 1131 2139 1146 ‚
2168 1119 2203 1141 ut
2226 1109 2271 1142 ἦς’

1254 1149 1448 1186 consentiret
1459 1150 1599 1192 pensioni
1620 1151 1781 1183 scutorum
1802 1159 1934 1183 centum
1955 1155 1992 1184 ad
2013 1152 2254 1193 requisitionem

1255 1195 1418 1238 Episcopi,
1437 1193 1717 1236 &quinquaginta
1728 1203 1783 1233 pro
1802 1202 1915 1234 nepote
1935 1194 2065 1235 Joannis
2077 1218 2084 1228 .
2105 1195 2209 1237 Qiod
2229 1195 2254 1229 fi

1257 1240 1354 1272 nimis
1365 1239 1469 1280 gravis
1478 1238 1507 1269 ei
1519 1238 1681 1269 videretur
1690 1260 1700 1273 ,
1721 1235 1820 1277 posset
1832 1237 1891 1277 ipse
1903 1237 2021 1270 cessare
2032 1239 2069 1270 ab
2080 1250 2116 1271 ea
2135 1239 2253 1279 pei-sol-

1253 1285 1372 1315 venda.
1391 1282 1429 1314 Et
1441 1280 1587 1322 cum-ipse
1596 1280 1721 1318 obiret,
1741 1290 1818 1312 tunc
1829 1290 1926 1320 nepos
1944 1281 2103 1322 Joannisa
2131 1282 2251 1315 succes-

1253 1326 1319 1357 sore
1330 1336 1400 1358 cam
1410 1325 1509 1366 posset
1519 1324 1645 1365 exigere
1656 1346 1664 1354 .
1677 1323 1715 1355 Et
1727 1322 1835 1355 Petrus
1845 1323 1952 1356 Maria
1964 1324 2043 1356 alius
2056 1324 2139 1357 testis
2150 1325 2254 1365 supra-

1251 1367 1371 1401 dietum
1382 1368 1468 1400 addit
1479 1366 1663 1407 Episcopum
1670 1366 1781 1399 dixisse
1790 1365 2004 1399 parochialem
2016 1368 2094 1400 velle
2104 1368 2251 1401 conferre

1253 1411 1439 1453 Presbytero
1447 1409 1646 1446 cherubino,
1660 1410 1716 1451 qui
1729 1409 1785 1441 sibi
1795 1409 1974 1451 pensionem
1988 1411 2202 1451 promittebat.
2216 1412 2252 1444 δε

1251 1455 1416 1496 propterea
1428 1454 1456 1486 ei
1465 1453 1577 1486 dixisse
1588 1475 1598 1489 ‚
1609 1462 1644 1484 ut
1653 1455 1822 1493 quemdam
1833 1452 2040 1485 Canonicum
2050 1454 2152 1486 adiret
2163 1477 2174 1491 ,
2193 1455 2252 1495 qui

1252 1498 1344 1530 illum
1355 1497 1517 1530 instrueret
1529 1507 1586 1537 pro
1596 1496 1741 1527 examine
1751 1495 1884 1532 futuro;
1906 1497 1992 1528 nolle
2015 1500 2161 1529 autemse
2182 1508 2253 1530 eam

1251 1540 1471 1573 Parochialem
1490 1538 1636 1576 conferre
1667 1538 1800 1571 Thomae
1819 1538 1956 1572 Cellesio
1966 1563 1975 1577 ,
2005 1540 2081 1581 quia
2107 1540 2251 1582 pensioni

1250 1584 1429 1617 consentire
1439 1582 1633 1615 recusaverat
1644 1604 1652 1612 .

1290 1626 1407 1659 Tertio
1419 1629 1455 1658 ad
1467 1628 1613 1658 eumdem
1625 1624 1769 1666 Episcopi
1790 1624 1936 1657 affectum
1955 1626 2183 1659 ostendendum
2193 1630 2249 1659 ad—

1249 1671 1381 1702 ducitur
1392 1680 1449 1711 pro
1460 1680 1546 1709 parte
1555 1668 1686 1700 Thoniae
1698 1690 1708 1704 ‚
1729 1666 1815 1708 quod
1837 1679 1902 1700 non
1926 1668 2052 1701 fuerunt
2068 1670 2188 1711 scriptae
2200 1670 2250 1701 in-

1249 1714 1482 1754 terrogationes
1493 1735 1503 1749 ,
1526 1722 1628 1752 neque
1640 1711 1852 1752 responsiones
1862 1713 2123 1745 concurrentium
2135 1737 2142 1744 .
2160 1712 2251 1754 Qie-

1251 1758 1458 1788 maclmodurn
1469 1755 1544 1787 alias
1555 1753 1672 1786 factum
1682 1753 1773 1786 fuisse
1787 1755 1824 1786 ab
1843 1754 2003 1796 Episcopis
2015 1756 2248 1796 praedecessori-

1248 1801 1304 1831 bus
1314 1800 1420 1831 videte
1429 1798 1470 1831 est
1480 1809 1517 1831 ex
1529 1799 1629 1830 tribus
1639 1796 1842 1829 concursibus
1854 1820 1863 1835 ,
1884 1808 2021 1838 quotum
2032 1799 2100 1831 atita
2115 1801 2246 1832 authen-

1247 1842 1312 1874 tice
1325 1843 1467 1874 exhibita
1477 1842 1546 1874 sunt
1559 1864 1567 1872 .
1591 1841 1630 1872 Et
1643 1841 1804 1881 propterea
1816 1841 2004 1882 dicimrpro
2016 1852 2101 1882 parte
2113 1842 2245 1874 Thomae

1247 1885 1433 1927 Episcopum
1444 1884 1597 1917 recessisse
1608 1884 1625 1915 a
1635 1883 1788 1915 consueto
1800 1883 1878 1925 stylo
1888 1884 2073 1917 Tribunalis
2084 1907 2094 1922 ‚
2114 1888 2146 1917 ὃ(
2168 1897 2247 1918 con-

1247 1930 1412 1970 sequenter
1424 1928 1451 1960 se
1460 1926 1628 1960 reddidisse
1641 1926 1831 1966 sul'pectumz
1887 1956 1890 1960 ,

1288 1972 1346 2004 Sed
1359 1982 1415 2013 pro
1425 1981 1511 2012 parte
1531 1970 1621 2003 fabii
1633 1980 1766 2010 negatur
1778 1968 1828 2001 liic
1840 1968 1933 2012 stylus
1944 1992 1954 2006 ‚
1975 1971 2009 2002 &
2029 1972 2248 2011 producuntur

1247 2014 1314 2046 :usta
1324 2015 1596 2055 publicaquatuor
1619 2012 1832 2044 concursuum
1850 2013 2032 2045 habitorum
2053 2023 2160 2046 coram
2181 2015 2251 2056 Epi-

1245 2058 1345 2099 scopis
1357 2057 1682 2099 praedecessoribus,ex
1692 2066 1828 2096 quorum
1843 2056 1895 2088 ins
1893 2055 2036 2098 petitione
2045 2057 2166 2090 constat
2181 2069 2248 2092 non

1245 2103 1309 2133 esse
1321 2102 1450 2142 scriptas
1463 2100 1746 2141 interrogationes,
1757 2109 1814 2131 nec
1827 2099 2041 2141 responsiones
2052 2111 2248 2135 concurren-

1245 2144 1530 2177 tium.l³rodiicitur
1541 2143 1639 2175 etiam
1650 2143 1724 2175 fides
1735 2142 1872 2182 plurium
1882 2142 2095 2176 Notariorum
2105 2144 2251 2193 arte-{ian-

1246 2189 1327 2218 tium
1338 2188 1390 2218 lias
1404 2187 1672 2227 interrogationes
1682 2207 1692 2222 ‚
1701 2187 1734 2217 &
1745 2185 1961 2225 responsiones
1974 2186 2007 2218 in
2019 2186 2078 2219 illo
2088 2187 2250 2221 Tribuna-

1247 2231 1268 2262 li
1280 2231 1373 2262 scribi
1386 2241 1450 2261 non
1463 2229 1658 2269 consuevisse
1670 2239 1681 2264 ,·
1704 2227 1783 2260 adeo
1792 2237 1826 2258 ut
1837 2230 1874 2260 dc
1886 2228 2064 2272 hujusmodi
2078 2229 2156 2272 stylo
2165 2231 2243 2272 Inon

1245 2274 1336 2315 possit
1346 2273 1413 2304 dici
1426 2272 1567 2304 constare
1578 2295 1587 2308 ,
1599 2282 1657 2304 nec
1668 2271 1683 2302 s
1681 2281 1755 2312 uper
1766 2281 1805 2302 eo
1814 2270 1884 2302 fieri
1895 2270 2138 2305 fundamentum
2149 2296 2157 2305 .

1286 2317 1346 2347 His
1358 2317 1403 2347 ita
1413 2315 1440 2347 se
1452 2316 1640 2346 habentibus
1651 2314 1685 2346 in
1695 2315 1752 2346 hac
1765 2312 1856 2345 causa
1866 2314 1967 2346 visum
1984 2315 2026 2347 est
2048 2325 2122 2348 ante
2133 2317 2244 2351 omnia

1245 2359 1472 2390 instituendum
1483 2360 1545 2388 esse
1569 2358 1652 2388 inter
1671 2366 1842 2397 utrumque
1863 2367 1983 2389 novum
1991 2359 2180 2392 concursum
2201 2361 2238 2393 in

1246 2402 1337 2433 Urbe
1348 2411 1456 2432 coram
1466 2399 1634 2432 Cardinali
1644 2399 1776 2431 Vicario
1788 2422 1796 2430 .
1817 2398 1904 2433 Nam
1915 2401 1971 2433 etsi
1982 2402 2016 2433 in
2034 2402 2100 2434 vim
2119 2402 2244 2437 Conci-

1246 2445 1282 2477 lii
1300 2443 1484 2476 Tridentini
1501 2452 1565 2484 cap.
1579 2446 1627 2475 18.
1635 2441 1708 2484 sess.
1722 2454 1773 2483 24.
1793 2453 1862 2475 non
1883 2443 1978 2476 liceat
1999 2444 2165 2486 postposito
2184 2458 2234 2489 ap-

1245 2488 1358 2528 pellare
1377 2487 1394 2518 a
1406 2487 1489 2519 mala
1498 2485 1715 2527 praeelectione
1726 2485 1890 2527 Episcopi,
1911 2486 1961 2519 sed
1972 2488 2099 2521 tantum
2107 2487 2124 2521 a
2137 2500 2241 2532 repro-

1245 2530 1374 2563 batione
1381 2529 1644 2565 Examinatorum
1656 2551 1667 2566 ,
1695 2539 1729 2561 ut
1740 2527 1858 2562 dictum
1869 2529 1911 2562 est
1921 2530 2010 2572 supra
2019 2541 2108 2565 num.
2127 2537 2179 2565 25.
2189 2535 2244 2566 da-

1245 2583 1296 2604 tur
1316 2583 1422 2605 tamen
1443 2573 1612 2614 appellatio
1623 2573 1660 2605 ab
1680 2572 1896 2605 irrationabili
1908 2574 2038 2617 'judicio
2057 2586 2093 2607 ex
2113 2575 2240 2613 Consti*

1245 2617 1369 2648 tutione
1380 2616 1411 2648 S.
1423 2615 1471 2648 Pii
1483 2617 1520 2648 V.
1541 2616 1627 2657 super
1635 2616 1808 2648 collatione
1828 2616 2064 2650 parochialium
2085 2619 2240 2652 Ecclesia-

1244 2670 1314 2691 rum
1324 2682 1334 2696 ,
1355 2661 1387 2691 &
1408 2669 1528 2692 novum
1545 2669 1676 2691 examen
1695 2659 1877 2691 decernitur
1896 2660 1980 2693 inter
2010 2663 2239 2702 appellantem,

1244 2704 1276 2734 δι’
1285 2702 1477 2743 praelectum
1488 2725 1497 2739 ,
1508 2703 1607 2734 etiam
1619 2705 1788 2744 antequam
1801 2702 1922 2736 constet
1933 2714 1986 2744 per
1994 2706 2055 2737 alia
2065 2707 2239 2738 documen-

1244 2755 1276 2777 ta
1286 2748 1324 2778 de
1335 2747 1417 2778 mala
1427 2745 1642 2786 praeeletstione
1652 2768 1662 2782 ‚
1673 2756 1707 2778 ut
1718 2755 1802 2786 patet
1811 2756 1848 2778 ex
1859 2746 2071 2779 decisionibus
2082 2748 2189 2781 relatis
2204 2750 2238 2781 in

1243 2788 1432 2830 praecedenti
1442 2789 1611 2830 quae'stione
1620 2787 1638 2820 εὶ
1648 2799 1702 2821 nu.
1717 2799 1766 2829 31.
1787 2788 1826 2820 Et
1846 2789 1990 2830 quamvis
1999 2801 2150 2830 oporteat
2162 2793 2237 2824 dare

1244 2831 1367 2864 fumum
1377 2834 1414 2864 de
1428 2832 1641 2865 irrationabili
1654 2832 1775 2873 judicio
1787 2844 1796 2869 3
1807 2842 1914 2865 tamen
1924 2833 1974 2864 hic
1987 2832 2174 2867 sufficienter
2184 2839 2237 2868 da-

1243 2885 1295 2906 tur
1305 2898 1313 2907 .
1335 2875 1470 2917 ideoque
1483 2876 1622 2917 plerique
1634 2886 1671 2907 ex
1683 2875 1826 2908 Patribus
1838 2876 1872 2908 in
1882 2875 1939 2908 liae
1952 2876 2014 2917 ipsa
2036 2877 2128 2909 causa
2144 2877 2239 2910 Pisto-

1242 2918 1333 2950 riensi
1353 2929 1471 2950 novum
1491 2929 1623 2951 examen
1644 2918 1873 2951 instituendum
1900 2918 2088 2953 censuerunt
2100 2943 2110 2957 ‚
2132 2920 2236 2954 innixi

1242 2960 1391 3002 praecipue
1405 2961 1631 3002 suspicionibus
1650 2961 1792 3003 Episcopi
1810 2960 1955 3004 &rejecto
1967 2972 2001 2994 ut
2021 2962 2106 3011 supra
2125 2975 2234 3006 propo-

1242 3005 1305 3036 sitis
1317 3028 1324 3035 .
1346 3003 1474 3046 Qiippe
1486 3015 1522 3036 ex
1535 3004 1599 3046 ipso
1617 3006 1761 3037 examine
1782 3004 1984 3038 formandum
2004 3016 2065 3038 erit
2085 3007 2241 3048 judicium
2259 3019 2301 3050 49

1242 3058 1310 3078 riter
1321 3058 1430 3079 eorum
1442 3048 1477 3080 sit
1488 3047 1680 3088 praeslantior
1692 3047 1725 3079 in
1737 3048 2046 3089 qualitatevscientiae
2056 3072 2066 3086 ‚
2086 3060 2118 3083 ut
2126 3053 2159 3084 in
2169 3061 2234 3093 cap.

1241 3090 1369 3133 Cizmfit
1379 3103 1431 3123 ars
1439 3113 1449 3127 ‚
1459 3089 1516 3133 in'fI
1526 3089 1587 3122 eod.
1599 3090 1643 3122 ibi
1656 3113 1665 3127 ,
1676 3093 1701 3123 S
1702 3094 1713 3123 ι’
1723 3089 1811 3123 rudes
1820 3113 1830 3128 ,
1840 3089 2008 3130 &ignaros
2017 3093 2159 3128 ordinare
2168 3103 2237 3136 prae-

1235 3134 1417 3175 sumpserint
1437 3136 1447 3174 (
1468 3133 1540 3172 quod
1559 3132 1677 3172 quidem
1692 3132 1790 3174 facile'
1809 3143 1919 3176 poteret
1936 3134 2139 3179 deprehendi)
2159 3137 2235 3170 idest

1242 3187 1293 3217 per
1304 3177 1592 3214 examinationem,
1614 3186 1649 3210 ut
1659 3187 1819 3218 exponunt
1831 3178 1920 3218 Joan.
1934 3180 2032 3212 Andr.
2043 3191 2122 3214 num.
2139 3191 2187 3213 10.
2197 3183 2231 3212 in

1240 3218 1547 3261 vcr.Deprehendi‚&
1559 3220 1722 3252 Bellam.in
1730 3219 1861 3261 princ.in
1871 3220 2001 3255 eadmer.
2013 3224 2061 3256 Ad
2072 3224 2156 3257 idem
2167 3234 2232 3256 tex-

1241 3272 1290 3294 tus
1300 3275 1331 3294 in
1341 3275 1366 3295 c.
1377 3266 1414 3296 Si
1426 3261 1501 3303 forte
1512 3262 1548 3295 dc
1557 3261 1725 3296 defi-tibh.
1737 3264 1791 3296 ubi
1804 3264 1824 3296 si
1844 3268 2060 3306 promovendo
2071 3269 2108 3300 ad
2126 3267 2230 3307 digni-

1241 3315 1338 3337 tatem
1349 3306 1521 3349 objiciatur
1540 3305 1677 3337 defectus
1694 3307 1850 3345 scienti-e,
1871 3310 1918 3341 vel
1936 3309 2090 3350 personat,
2122 3319 2227 3342 textus

1241 3349 1377 3389 praecipit
1388 3372 1398 3386 ,
1420 3348 1691 3389 utsupcrl'cicntia
1710 3353 1893 3387 anteomnia
1903 3352 2089 3395 subjiciatur
2105 3353 2221 3385 exami-

1240 3392 1293 3422 ni.
1315 3392 1352 3423 Et
1374 3392 1505 3424 initium
1526 3392 1685 3433 propterea
1710 3394 1833 3435 jubetur
1854 3395 1921 3428 fieri
1941 3396 1958 3427 a
1987 3395 2110 3429 defedtu
2128 3396 2226 3429 scien-

1241 3434 1292 3467 tiae
1305 3456 1315 3473 ,
1335 3435 1410 3477 quia
1428 3435 1512 3469 illius
1533 3435 1678 3477 probatio
1695 3440 1845 3475 evidens,
1875 3437 1999 3477 facilis,
2029 3441 2063 3472 &
2084 3449 2229 3481 promota

1639 3481 1641 3483 ’
2126 3483 2185 3521 est,
