2397 3664
725 61 825 122 De
861 59 1094 121 Constit·
1131 79 1179 120 c.
1213 59 1312 120 Ne
1345 60 1611 125 innitaris.-
1638 109 1641 113 A

155 149 274 190 quidem
290 160 331 182 ex
341 148 432 183 diliis
447 149 588 182 articulis
597 146 694 179 editos
711 146 765 189 effe
773 145 794 178 a
805 167 856 177 .....
866 148 901 178 in
909 147 1046 180 Francia
1062 156 1072 175 .·
1085 143 1145 186 sed

156 195 267 233 Belgas
275 192 316 226 ad
324 204 359 225 ea
367 205 426 226 non
433 191 589 226 attendere
597 211 606 220 .
615 189 675 221 Aa
685 189 762 228 quod
769 186 952 228 replicabam
960 210 971 224 ,
991 187 1068 227 quod
1075 199 1144 221 cum

155 236 351 278 nonsolerent
357 237 501 278 permitti
508 232 707 274 impreffiones
717 231 920 266 librorum-n..
926 232 988 275 nist
990 229 1144 274 postquam

154 280 176 312 ι’
185 279 283 313 tribus
291 279 456 320 Theologis
460 287 516 318 per
524 277 756 309 provincialem
765 274 918 314 deputatis
933 273 1093 315 approbati
1101 274 1145 316 es-

147 323 223 366 sent
230 343 241 359 ,
257 325 373 357 nemini
377 320 500 356 dubium
515 317 570 361 effe
576 317 669 358 poffet
676 339 687 354 ,
708 320 778 357 quin
787 328 887 350 omnes
893 317 931 349 de
938 339 990 348 .....
1000 315 1144 355 haberent

154 374 210 406 pro
213 364 369 406 probabili
374 362 497 403 id,quod
504 371 550 394 tot
559 360 722 401 Theologis
731 372 798 394 cum
807 359 948 393 Authore
957 359 1033 394 libri
1046 360 1145 401 vsfitm

149 408 273 452 fuisset,
293 410 431 450 imprimi
437 404 513 447 poffe
522 427 530 435 ·
540 402 658 448 Quibus
666 402 803 438 omnibus
810 415 863 437 con
859 400 1025 447 fideratis,
1042 402 1144 444 hucus-

155 463 210 491 que
217 462 276 485 non
282 454 365 493 potui
383 447 628 489 comprehendere
636 469 647 483 ‚
666 459 717 481 cur
724 457 778 488 per
787 448 974 480 exaltionem
983 447 1065 480 dic‘iae
1072 456 1144 487 pro-

155 497 200 527 mi
222 498 298 527 tonis
304 494 380 526 dieii
390 490 601 537 Religioststbi
606 499 661 531 per
668 502 715 523 me
723 492 846 529 aliquod
851 489 1144 531 gravamen'inferri

155 538 370 580 existimarent
379 558 388 567 .
403 533 678 581 Q'odfipratensa
687 534 747 574 fha
752 535 940 573 gravamina
948 532 1123 576 allegaffent
1133 553 1143 567 ,

154 593 192 613 ea
199 580 317 613 mature
325 577 529 621 expendissem
539 590 552 616 ;
573 578 646 622 &st
653 573 747 619 justas
754 578 874 615 aliquas
884 577 1018 614 querelas
1035 585 1145 617 propo—

147 623 273 666 fiaiffent
282 644 293 658 ,
313 632 498 662 nequaquam
506 620 646 655 inhaerere
655 628 744 661 propo
739 620 803 663 fito
811 630 875 651 meo
884 617 1040 660 voluissem
1051 631 1063 656 ‚-
1085 630 1144 651 non

154 669 236 699 enim
251 664 327 698 mihi
334 677 420 698 mens
432 665 499 711 fuit
507 665 667 704 quidquam
686 666 788 702 iniquo
795 665 897 694 animo
917 661 1066 705 adverfhs
1073 663 1144 695 illos

149 707 285 752 statuere
293 730 304 745 ‚
309 710 363 752 seu
371 712 492 742 ruinam
495 708 609 749 salutis
616 708 720 739 ovium
729 705 806 739 mihi
820 705 1041 746 commiffarum
1050 703 1088 738 ab
1095 708 1145 737 in-

154 751 327 793 valescente
335 752 422 786 hodie
431 755 567 786 laxitate
576 750 759 790 quorundam
767 752 794 782 C
796 747 1022 794 onfessariorum
1030 770 1040 785 ,
1057 759 1145 788 quam

152 794 320 836 presertim
329 795 348 828 α’
408 793 538 829 verebar
546 815 557 831 ‚
572 803 715 827 avertere
724 815 732 823 .
756 793 842 837 Quia
852 792 1077 836 verbfitspicari
1087 803 1145 824 non

150 841 238 879 potui
247 860 256 874 ‚
267 840 329 871 alio
337 840 416 882 ipsos
421 848 569 879 praeextu
579 835 903 879 adfiebterfugiendum
912 839 969 871 uti,
979 835 1068 874 qutim
1075 837 1146 874 quia

149 881 234 923 forte
243 885 325 914 inter
334 882 505 923 censuratos
513 882 656 914 articulos
663 881 760 918 aliqui
769 881 843 921 sunt
852 901 861 914 ,
884 889 953 917 quos
955 878 1067 922 forsan
1076 881 1147 911 exi-

149 924 281 967 stimant
290 924 419 965 benigna
428 927 677 965 interpretatione
690 924 725 966 se
733 923 806 964 poffe
815 926 847 955 in
863 923 1019 955 meliorem
1024 931 1146 963 partem

155 968 277 1001 trahere
285 989 296 1004 ,
316 969 368 1001 vel
373 969 445 1009 plau
441 966 582 1011 fibilibus
590 969 779 1007 argumentis
787 969 834 998 ita
848 964 992 1008 stabilire
1002 987 1012 1001 ,
1033 975 1066 997 ut
1087 976 1146 996 non

155 1011 324 1044 videantur
337 1022 401 1044 tam
410 1021 511 1044 acrem
531 1010 685 1052 censuram
693 1013 804 1042 mereri
814 1021 826 1046 ,·
849 1021 885 1042 ne
894 1011 1005 1041 multas
1015 1011 1146 1040 intrica-

157 1064 206 1087 tas
216 1054 506 1097 disputationesfine
515 1055 571 1096 [Pe
579 1054 728 1086 utilitatis
742 1064 862 1092 cogerer
870 1052 1009 1091 ingredi,
1030 1051 1145 1092 eosdem

155 1100 301 1131 articulos
320 1098 479 1141 transmifi
488 1098 638 1142 facultati
648 1095 829 1135 Theologicae
852 1094 1025 1127 Academia
1041 1097 1145 1127 Lova-

155 1141 269 1184 nienfis
277 1140 432 1174 »naturiiis
438 1139 652 1181 expendendos
658 1160 669 1175 ,
676 1149 709 1171 ut
718 1138 925 1171 tantummodo
935 1147 1088 1178 excerptis
1097 1140 1109 1169 i
1111 1150 1146 1168 n<

155 1185 193 1217 ἀὲ
201 1182 410 1227 assertionibus
418 1205 428 1219 ,
446 1195 502 1223 quae
512 1185 602 1225 plane
609 1181 767 1216 evidentis
770 1180 845 1222 sum
854 1179 1055 1223 absurditatis
1067 1202 1076 1216 ,
1098 1182 1146 1212 di—

153 1238 215 1267 gna
224 1239 272 1259 eos
280 1228 404 1267 cenfitra
412 1226 628 1269 perstringeret
647 1238 658 1256 :
680 1226 718 1259 <ff
729 1226 760 1270 fi
770 1235 841 1263 quas
850 1226 932 1256 alias
946 1228 1033 1265 paris
1042 1223 1146 1265 absur—

153 1270 267 1303 ditatis
275 1272 328 1303 vel
337 1282 377 1303 ex
399 1269 488 1303 libris
497 1293 507 1307 ,
527 1272 580 1304 vel
601 1280 642 1302 ex
649 1272 746 1310 praxi
756 1271 822 1301 Con
839 1266 927 1308 effari
930 1279 1013 1300 orum
1034 1277 1147 1308 compe-

155 1313 255 1354 riffet,
275 1315 344 1346 illis
353 1317 506 1354 excerptis
514 1314 660 1352 adjiceret
670 1324 682 1349 ‚·
703 1321 792 1352 prout
816 1313 913 1344 actum
922 1310 964 1353 es}
970 1315 1085 1352 partim
1098 1322 1145 1352 30.

153 1360 298 1393 Martii,
319 1360 435 1398 partim
456 1362 502 1390 26.
514 1358 642 1397 Aprilis
668 1361 755 1396 1653.
764 1356 835 1387 dum
850 1353 1024 1397 affertiones
1045 1366 1146 1386 nume*

154 1412 188 1433 ro
215 1410 260 1440 17.
282 1400 382 1439 judica
389 1404 435 1433 vit
452 1404 484 1432 in
506 1403 600 1440 praxi
621 1412 679 1431 non
701 1400 879 1431 tolerandas
889 1420 899 1434 ,
922 1398 959 1431 δ’
978 1398 1147 1431 authorita-

155 1455 185 1476 te
192 1447 218 1476 S
219 1453 388 1484 uperiorum
394 1447 502 1476 merito
519 1442 719 1484 prohibendus
729 1464 739 1477 ,
762 1453 793 1474 ut
804 1454 844 1474 ex
855 1441 896 1473 ad
896 1442 997 1480 junc‘la
1005 1445 1088 1482 copia
1097 1444 1148 1473 vi-

154 1486 224 1519 deri
227 1486 324 1529 potest
333 1510 341 1518 .
349 1487 392 1520 Ut
402 1490 498 1527 igitur
507 1508 518 1523 ‚
529 1486 768 1528 Eminentiffimi
777 1488 905 1518 Domini
914 1506 924 1520 ,
938 1485 1084 1517 mandato
1094 1496 1148 1517 ve-

147 1528 215 1571 stro
223 1533 257 1563 in
265 1529 400 1563 omnibus
406 1539 532 1571 paream
541 1551 552 1566 ,
573 1539 716 1569 quantum
725 1527 833 1570 poffimz
843 1549 854 1565 ,
872 1528 909 1562 οῗ·
916 1532 1042 1561 interim
1052 1532 1085 1561 in
1093 1530 1149 1561 eli—

153 1573 314 1606 minandis
317 1576 453 1615 pernicio
448 1574 496 1617 fis
505 1573 650 1605 dot‘irinis
656 1594 667 1608 ,
675 1572 709 1604 id
718 1572 794 1610 quod
803 1574 832 1605 E
831 1573 910 1615 pasco
914 1573 990 1611 palis
998 1572 1039 1615 est
1048 1583 1150 1604 mune-

154 1619 200 1648 ris
208 1628 267 1649 non
274 1620 516 1657 pretermittam,
516 1625 645 1657 paratus
653 1627 702 1648 ero
712 1616 877 1657 Religiosm
883 1615 1050 1656 pradit'ios,
1057 1627 1150 1655 quan-

154 1659 194 1692 do
202 1659 280 1693 nihil
290 1658 416 1702 obstabit
424 1661 560 1696 aliunde,
569 1658 610 1692 ad
616 1662 829 1699 excipiendum
837 1660 1025 1703 confeffiones
1034 1661 1149 1692 advnie-

155 1713 230 1738 tere,
235 1702 391 1736 dummodo
400 1714 464 1735 cum
473 1703 642 1742 juramento
652 1701 756 1735 debita
764 1704 877 1735 austeri
880 1706 942 1734 tati
948 1705 1148 1743 promittant,

155 1745 233 1785 quod
246 1746 363 1788 ſsltem
373 1745 442 1787 istis
455 1756 501 1785 17.
512 1759 531 1778 a
556 1744 721 1779 ertionibus
730 1767 739 1781 ,
760 1757 832 1785 quas
842 1747 994 1790 similiter
1004 1748 1075 1778 aliis
1086 1756 1149 1777 mm

154 1787 342 1828 sacularibus
351 1810 360 1824 ,
370 1790 459 1827 quam
470 1788 668 1829 Regularibus
675 1797 840 1829 proponam
852 1811 862 1824 ,
878 1801 1026 1827 nunquam
1036 1794 1047 1821 i
1051 1803 1068 1821 111
1080 1799 1150 1828 pini·

155 1835 195 1864 xi
195 1833 232 1874 se
240 1830 468 1876 conformabunt
479 1846 489 1863 .·
499 1833 573 1871 quod
582 1832 699 1876 confido
710 1835 739 1865 E
742 1837 909 1865 eminentias
919 1831 1040 1875 Vestras
1051 1832 1150 1871 equis-

154 1877 264 1919 fimum
273 1875 374 1915 iudica
380 1887 464 1909 turas
475 1899 481 1906 .
494 1879 562 1909 Duo
572 1879 692 1918 insuper
694 1876 769 1917 sunt
778 1898 786 1911 ,
796 1878 832 1909 de
841 1876 942 1916 quibus
953 1879 1150 1909 Eminentius

155 1917 279 1960 Vestras
292 1918 347 1952 hac
363 1919 512 1959 occasione
533 1923 675 1952 certiores
696 1919 823 1952 reddere
844 1923 928 1953 volui
950 1933 960 1951 .·
983 1922 1129 1952 nimirum
1140 1941 1150 1954 ,

155 1961 231 2001 quod
249 1962 269 1994 a
280 1961 478 2001 Regularibus
496 1974 555 1994 non
571 1961 745 2004 observetur
764 1965 928 1996 Decretum
949 1968 1048 1996 Sacrae
1069 1966 1097 1995 C
1099 1975 1150 1994 on-

153 2007 339 2046 gregationis
348 2008 494 2044 negotiis,
516 2005 554 2039 <9-
568 2005 836 2048 consultationibus
857 2007 1070 2049 Episcoporum
1082 2027 1091 2041 ‚
1114 2007 1151 2038 U·

156 2049 354 2088 Regularium
369 2048 505 2091 prafeliae
520 2047 558 2081 de
573 2048 624 2081 die
646 2057 692 2088 15.
705 2050 800 2092 Junii
815 2053 891 2082 anni
912 2055 1001 2089 1647.
1024 2060 1077 2088 quo
1098 2048 1149 2081 dc-

155 2094 294 2125 claratur
304 2090 500 2131 Regulam-‘bus
521 2104 579 2124 non
588 2100 750 2132 competere
766 2093 923 2125 licentiam
932 2092 1110 2133 absolvendi
1130 2095 1150 2124 α’

155 2133 270 2180 cafibus
280 2134 452 2167 Ordinario
460 2136 519 2166 loci
527 2135 697 2176 reservatis
706 2156 716 2170 ,
726 2145 778 2167 aut
788 2135 980 2177 imposterum
989 2134 1071 2178 reser
1076 2147 1152 2168 van·

154 2177 205 2210 dis
212 2188 225 2214 ,·
233 2176 361 2217 proinde
368 2188 427 2208 non
436 2177 511 2218 poſje
520 2178 578 2208 illa
600 2179 734 2209 acultate
743 2181 789 2209 uti
793 2179 863 2221 fine
872 2181 998 2212 licentia
1006 2177 1044 2212 ab
1053 2178 1151 2212 Ordi-

154 2223 246 2254 nario
260 2218 382 2253 obtenta
404 2232 414 2250 .·
436 2220 558 2263 tametfi
588 2221 678 2252 tetum
694 2222 861 2253 Decretum
871 2225 1045 2255 curaverim
1055 2225 1151 2255 tertia

154 2264 266 2307 menfis
285 2261 427 2296 Oc‘lobris
449 2268 537 2303 1647.
547 2266 682 2295 omnium
703 2263 859 2296 Ordinum
877 2267 1074 2306 Regularium
1091 2270 1151 2299 Su-

151 2305 320 2349 perioribus
329 2307 480 2391 iyfnuari
490 2330 497 2337 .
514 2308 606 2339 Nam
614 2318 687 2339 unus
696 2307 820 2341 tantiam
833 2311 993 2349 Regularis
1002 2321 1043 2341 ex
1052 2309 1150 2342 Ordi-

155 2363 192 2384 ne
200 2354 236 2383 S.
246 2351 339 2390 Augu
368 2353 415 2381 ini
417 2349 601 2393 facultatem
611 2351 700 2382 illam
708 2349 728 2383 a
738 2361 784 2383 me
793 2354 884 2391 petiit
893 2373 903 2387 ,
920 2355 968 2385 cui
977 2356 1070 2385 etiam
1080 2364 1150 2386 tan-

153 2405 245 2433 quam
253 2396 324 2426 viro
332 2393 455 2426 cordato
465 2392 502 2427 ὥ*
512 2396 656 2426 timorato
666 2391 793 2427 eandem
802 2396 924 2437 conceffl
934 2419 941 2425 .
960 2399 1070 2429 Caeteri
1076 2407 1150 2438 pra-

155 2436 285 2470 tendunt
293 2436 388 2478 nescio
398 2447 454 2474 quae
464 2440 512 2477 pri
516 2438 563 2469 vil
567 2439 700 2476 egia,aut
703 2439 939 2479 privilegiorum
947 2444 1150 2473 communica—

156 2483 253 2513 tiones
261 2500 272 2516 ,
280 2480 400 2519 infitper
408 2478 523 2512 decreti
531 2482 707 2512 nullitatem
714 2501 724 2515 ,
745 2484 815 2520 quia
824 2483 897 2525 ipsis
907 2483 1058 2516 inauditis
1067 2496 1149 2517 ema-

157 2526 244 2556 narit
252 2545 261 2554 .
270 2524 346 2555 Alii
355 2522 458 2554 dicunt
467 2524 545 2555 illud
554 2521 678 2556 tantism
687 2521 743 2565 effe
751 2524 999 2562 declaratorium,
1006 2528 1149 2567 proinde-

155 2578 210 2606 que
218 2578 278 2599 non
287 2566 394 2611 valere
402 2564 610 2641 adverbsussua
615 2568 788 2607 privilegia
798 2589 809 2603 ‚
830 2579 888 2608 quae
897 2581 955 2602 non
964 2570 1074 2612 ceffant
1079 2572 1150 2615 sine

161 2613 290 2644 Decreto
298 2630 307 2645 ‚
315 2618 349 2641 ut
358 2618 444 2647 ayunt
454 2630 464 2644 ,
473 2620 492 2640 a
511 2612 664 2648 rogatorio
673 2633 681 2641 .
697 2611 784 2656 Qin
792 2615 888 2644 etiam
897 2614 995 2652 aliqui
999 2613 1072 2654 sunt
1082 2625 1148 2647 tam

158 2655 319 2686 temerarii
329 2673 339 2687 ,
355 2661 388 2684 ut
397 2652 528 2684 audeant
536 2651 636 2684 dicere
643 2672 654 2687 ,
673 2664 710 2685 ne
717 2654 838 2692 quidem
848 2658 1072 2700 Sanliiffimum
1083 2660 1149 2690 Do-

158 2700 278 2729 minum
285 2695 417 2737 ipsorum
422 2696 592 2736 privilegia
599 2706 744 2728 revocare
752 2717 762 2731 ,
770 2708 821 2730 aut
831 2700 970 2734 limitare
976 2701 1052 2741 ροβε
1059 2722 1068 2737 ,
1080 2701 1149 2734 ciem

151 2741 219 2784 Jint
228 2743 272 2773 eis
287 2737 416 2781 conceffa
427 2737 461 2772 ob
475 2738 533 2779 sua
540 2740 653 2772 merita
663 2760 670 2768 .
694 2740 843 2772 Alterum
852 2742 892 2782 est
902 2763 912 2777 ,
934 2745 1010 2782 quod
1021 2746 1148 2784 Regula·
1162 2776 1169 2783 „

156 2794 207 2816 res
213 2784 342 2824 plurimi
359 2785 436 2814 inea
457 2782 591 2824 Dioecest
597 2780 784 2825 confessiones
793 2787 965 2824 excipiunt,
988 2788 1046 2830 etfi
1055 2799 1108 2819 nec
1128 2800 1148 2820 a

157 2838 205 2859 me
214 2847 224 2863 ,
234 2826 315 2859 neca'
321 2824 574 2867 praedecefforibus
584 2828 661 2857 meis
667 2825 825 2866 approbati
828 2827 914 2870 fint,
929 2832 1149 2869 pratendentes

150 2871 234 2912 satis
255 2869 310 2911 eJJe
319 2891 329 2905 ,
351 2868 426 2908 quod
434 2867 593 2910 approbati
606 2868 675 2912 sint
684 2868 722 2902 ab
741 2870 870 2902 alterius
888 2873 1035 2916 Dioecefis
1056 2876 1086 2906 E
1087 2874 1148 2916 pis-

158 2921 226 2954 copo
235 2935 243 2944 .
264 2913 388 2951 Ideoque
408 2922 500 2953 nuper
520 2914 671 2945 mandavi
681 2933 690 2948 ,
713 2922 745 2945 ut
765 2924 805 2945 ex
825 2916 911 2953 copia
931 2916 1071 2948 mandati
1091 2917 1149 2949 ad-

157 2955 258 2995 junii-a
263 2965 346 2997 patet
355 2977 365 2991 ‚
387 2955 525 2989 omnibus
535 2955 730 2995 Regularibus
740 2977 750 2991 ,
772 2966 804 2988 ut
813 2959 935 2989 nomina
943 2979 954 2993 ,
975 2958 1014 2991 (ῥ’
1035 2968 1150 3000 tempus

159 2999 382 3039 approbationis
398 3000 418 3032 a*
440 3011 487 3032 me
497 3020 507 3035 ,
527 3008 580 3031 aut
600 2997 850 3041 predecessoribus
870 3003 944 3033 meis
963 3000 1039 3034 data
1060 3002 1149 3035 exhi-

159 3040 264 3074 berent
284 3055 295 3072 .·
316 3041 420 3082 quodd
432 3042 582 3083 plerisque
593 3042 708 3085 fufium
717 3042 776 3084 est,
796 3043 834 3075 (ῥ’
849 3043 1059 3087 deprehenfhm
1080 3057 1148 3084 quo-

159 3096 214 3123 que
223 3086 330 3118 multos
339 3086 375 3128 fi
382 3085 531 3130 intrufiffe
540 3089 573 3118 in
583 3097 687 3118 munus
695 3084 879 3130 Confeffarii
899 3089 933 3119 in
941 3099 1007 3120 mea
1016 3090 1149 3134 Dia-cest

154 3130 185 3171 Ji
189 3139 224 3160 ne
232 3127 313 3160 dista
320 3128 535 3170 approbatione
544 3151 552 3160 .
561 3130 625 3162 Sed
635 3128 709 3167 quod
718 3141 777 3162 non
799 3131 861 3161 atis
870 3133 981 3162 mirari
987 3135 1072 3171 potui
1080 3153 1089 3167 ,
1099 3132 1149 3166 ubi

161 3170 341 3203 mandatum
349 3171 429 3205 illud
440 3175 530 3205 venit
538 3171 580 3204 ad
589 3174 703 3204 notitia
715 3171 769 3205 Ab
787 3175 848 3204 atis
858 3176 892 3205 S.
905 3175 1022 3213 Angeli
1031 3178 1064 3207 in
1073 3177 1132 3208 Bel
1135 3194 1149 3200 -

157 3218 209 3255 gio
226 3217 251 3246 S
253 3225 289 3246 ua
309 3217 494 3248 Sanffltatis
502 3217 689 3248 Internuntii
697 3237 706 3251 ,
727 3216 828 3248 voluit
836 3236 846 3250 ,
868 3215 907 3249 ὦ*
926 3216 1001 3249 mihi
1014 3219 1146 3262 infinua-

160 3261 190 3289 ri
199 3268 271 3290 cura
277 3259 324 3288 vit
332 3277 344 3292 ,
364 3267 396 3289 ut
405 3258 516 3291 dilium
525 3258 704 3291 mandatum
712 3269 888 3291 revocarem
910 3272 920 3289 .·
942 3260 1010 3293 cum
1025 3271 1127 3294 tamen
1137 3284 1146 3298 ,

158 3300 355 3342 preterquam
365 3302 439 3338 quod
447 3301 618 3341 antiquitis-s
626 3302 660 3335 id
667 3301 859 3345 observatum
860 3302 908 3346 fit
917 3323 927 3338 ,
937 3303 975 3335 ἐξ*
981 3307 1015 3336 in
1023 3305 1147 3348 Synodo

161 3344 347 3384 provinciali
362 3343 555 3378 Mechlinien
568 3358 579 3378 t
590 3345 611 3378 ἀ
628 3349 753 3378 Summo
761 3344 911 3388 pontifice
931 3348 1069 3380 PauloV.
1079 3360 1147 3382 con-

154 3386 299 3430 firmata,
305 3395 359 3428 pro
367 3387 472 3426 regula
480 3399 532 3419 con
560 3393 670 3421 itutum
674 3390 719 3430 fit
727 3392 778 3424 tit.
783 3399 809 3430 5.
818 3397 914 3429 cap-1·
922 3391 959 3423 de
964 3394 1147 3424 Sacramen-

160 3440 191 3462 to
199 3432 393 3470 poenitentia,
404 3428 507 3462 verbis
513 3431 727 3474 comprehenfis
735 3433 866 3466 articulo
873 3430 1024 3474 hicjuntto
1034 3455 1044 3469 ,
1052 3437 1144 3466 etiam

160 3478 184 3506 S
186 3474 267 3506 ansis
265 3474 368 3515 ffimus
388 3475 538 3507 Dominus
549 3473 646 3517 noster
660 3484 751 3515 nuper
759 3478 814 3518 suo
824 3479 922 3510 Brevi
940 3477 1081 3517 expedito
1091 3490 1145 3510 an<

2035 84 2104 138 73

1187 156 1225 176 no
1234 147 1366 177 Domini
1376 155 1388 177 1
1394 148 1466 186 648.
1472 143 1625 186 14.Maji‚
1631 145 1666 178 in
1673 145 1762 188 cauſsa
1772 145 1913 188 Episcopi
1921 147 2178 188 Angelopotitani

1187 187 1318 230 idipfhm
1328 189 1459 220 voluerit
1467 187 1624 230 observare
1634 209 1644 224 ‚
1664 186 1826 221 decernens
1836 191 2000 229 Regulam
2015 194 2109 224 etiam
2118 195 2176 223 So-

1185 233 1308 263 cietatis
1319 233 1395 275 Jesu
1404 234 1438 264 in
1447 243 1507 263 una
1514 232 1648 274 Dioecefi
1655 230 1695 265 ab
1709 232 1854 274 Episcopo
1862 231 2041 274 approbatos
2056 235 2098 266 ad
2105 246 2176 268 con-

1178 273 1319 317 fefflones
1325 276 1518 316 personarum
1520 273 1712 316 fiecularium
1720 275 1903 312 audiendas,
1908 287 2094 316 nequaquam
2098 276 2175 318 poffe

1186 319 1219 349 in
1226 317 1292 350 alia
1299 317 1419 361 dioecefi
1426 317 1593 358 huiusmodi
1602 317 1790 363 confeffiones
1796 319 1976 363 audirefine
1983 317 2159 360 approbatio
2166 340 2175 343 -

1185 372 1223 392 ne
1232 361 1373 403 Episcopi
1382 360 1416 392 di
1419 361 1544 403 oecesttni
1552 381 1562 395 ,
1571 369 1658 401 prout
1668 364 1698 394 E
1700 365 1858 396 minentiis
1866 362 2048 405 Vestrisfi‘io
2058 362 2111 405 effe
2121 376 2172 395 no-

1187 406 1312 436 torium.
1333 405 1480 446 Haecsunt
1489 425 1499 439 ,
1521 405 1685 437 Eminenti
1707 409 1763 438 imi
1769 427 1778 441 ,
1800 418 1836 440 ac
1847 406 2020 443 Reverendi
2042 410 2100 440 imi
2109 409 2173 440 Pa-

1185 456 1249 480 tres
1258 467 1268 483 ,
1289 458 1325 479 ac
1332 449 1462 479 Domini
1471 467 1482 482 ,
1503 457 1560 485 quae
1569 455 1622 488 pro
1639 450 1672 479 di
1688 451 1801 488 ciplinae
1815 449 2014 493 ecclestasticae
2043 462 2098 483 ono
2107 471 2118 486 ‚
2139 453 2174 483 S.

1183 493 1421 529 congregationi
1441 488 1548 531 Vestra
1562 491 1648 533 figni
1674 502 1743 523 care
1752 493 1838 524 volui
1846 514 1856 528 ,
1878 492 2032 533 confidem
2054 496 2102 534 pio
2111 493 2174 532 ejus

1185 533 1272 568 ulo,
1295 532 1332 565 ῥ’
1341 534 1511 572 vigilantia
1519 554 1529 567 ,
1552 531 1629 571 quod
1637 545 1695 565 non
1707 534 1891 573 gravabitur
1900 536 1976 569 mihi
1989 535 2085 570 adhuc
2093 538 2174 570 alios

1185 576 1367 617 efficaciores
1385 575 1487 608 modos
1494 596 1504 610 ,
1526 575 1563 609 (5⁹
1573 576 1676 609 media
1683 577 1869 620 praescribere
1877 600 1887 615 ,
1908 578 2010 618 quibus
2027 581 2174 622 ejusmodi

1185 631 1243 651 non
1252 618 1441 659 negligendis
1459 616 1515 651 abu
1511 616 1597 662 fibus
1605 617 1732 652 obviare
1748 621 1850 662 poffim
1858 642 1868 658 ,
1891 622 1929 655 &⁹
1938 635 2002 657 cum
2011 626 2093 656 omni
2101 622 2173 667 fisb-

1185 662 1316 704 miffione
1325 662 1498 695 venerando
1507 671 1653 703 purpuras
1661 661 1779 706 vestras
1789 684 1798 699 ,
1815 675 1922 698 maneo

1268 748 1338 781 Em.
1361 747 1644 782 Dominationibus
1666 749 1782 783 Vestris

1271 836 1432 869 Bruxelles
1457 836 1605 879 17.Julii
1628 840 1716 878 1654.

1637 923 1844 957 Humillimus
1867 923 2004 957 famulus

1501 1009 1631 1051 Jacobus
1645 1009 1903 1052 Archiepiscop‘us
1920 1010 2174 1045 Mechliniensxs.

1229 1093 1461 1136 Subsequuntur
1479 1095 1684 1135 septendecim
1694 1097 1868 1128 assertiones
1891 1107 1954 1129 non
1965 1098 2130 1130 tolerando:
2141 1101 2175 1130 in

1189 1140 1273 1178 praxi
1283 1157 1292 1172 ,
1314 1139 1347 1169 ὃ(
1358 1138 1546 1169 authoritate
1557 1138 1757 1179 Superiorum
1768 1140 1879 1171 merito
1897 1140 2093 1181 prohibendae
2102 1164 2110 1171 .

1235 1190 1260 1212 1.
1282 1180 1452 1212 Poenitenti
1474 1181 1599 1212 habenti
1621 1181 1879 1213 consuetudinem
1900 1183 2052 1223 peccandi
2065 1194 2177 1216 contra

1189 1224 1289 1264 legem
1298 1223 1378 1258 Dei,
1401 1233 1537 1259 naturae,
1559 1234 1611 1255 aut
1634 1223 1795 1259 Ecdeme,
1817 1225 1870 1256 etsi
1881 1226 2110 1260 emendationis
2120 1226 2176 1259 ‘fu-

1189 1277 1263 1298 turae
1275 1267 1337 1308 spes
1347 1268 1430 1299 nulla
1438 1277 1583 1308 appareat
1594 1287 1604 1302 ,
1626 1278 1684 1299 nec
1695 1268 1906 1308 estneganda,
1928 1278 1984 1300 nec
2007 1268 2176 1302 differenda

1189 1309 1360 1345 absolutio,
1381 1309 1554 1342 dummod‘o
1563 1321 1616 1342 ore
1627 1310 1801 1352 proferarse
1820 1312 1942 1346 dolere,
1963 1313 1995 1343 ὃ(
2007 1322 2176 1352 proponere

1190 1356 1443 1385 emendationem
1453 1376 1460 1384 .

1235 1408 1261 1428 2.
1284 1396 1389 1429 Potest,
1401 1396 1712 1439 aliquandoabsolvi,
1732 1398 1787 1439 qui
1810 1399 1843 1430 in
1857 1399 1998 1439 proxima
2017 1398 2181 1430 occasione

1192 1442 1342 1482 peccandi
1363 1439 1518 1475 versatur,
1538 1451 1634 1481 quam
1657 1442 1771 1482 potest,
1792 1444 1824 1474 ὃς
1847 1452 1912 1473 non
1930 1442 1996 1473 vult
2016 1444 2179 1477 omittere,

1190 1483 1339 1525 quinimo
1348 1482 1464 1515 directe
1474 1503 1485 1518 ,
1505 1485 1538 1515 ὃς
1549 1494 1585 1515 ex
1595 1484 1752 1525 proposito
1761 1486 1872 1526 quaetit
1881 1505 1891 1519 ,
1901 1495 1954 1516 aut
1965 1485 1991 1515 se
2003 1487 2119 1525 ingerit
2128 1506 2136 1516 .

1235 1536 1262 1568 3.
1286 1525 1410 1567 Copula
1425 1537 1500 1558 cum
1515 1528 1702 1569 conjugata,
1722 1527 1938 1560 consentiente
1961 1530 2094 1562 marito,
2115 1538 2180 1560 non

1191 1570 1232 1602 est
1243 1571 1446 1602 adulterium.
1457 1570 1496 1601 Et
1506 1571 1655 1603 mollities
1664 1591 1675 1606 ,
1684 1570 1821 1603 sodomia
1830 1591 1840 1606 ‚
1858 1571 2021 1603 bestialitas
2033 1570 2100 1603 sunt
2110 1581 2180 1612 pec-

1192 1623 1261 1646 cata
1270 1613 1404 1655 ejusdem
1414 1612 1525 1654 speciei
1534 1614 1670 1651 infimae3
1687 1614 1827 1655 adeoque
1837 1614 1946 1646 sufficit
1956 1616 1989 1646 in
2000 1614 2181 1656 primocasu

1193 1658 1297 1689 dicere
1305 1659 1339 1688 in
1348 1656 1537 1689 confeffione
1547 1677 1558 1692 ,
1569 1657 1596 1689 se
1605 1658 1662 1689 effe
1673 1657 1866 1690 fornicatum
1875 1668 1884 1696 3
1901 1658 1935 1691 δε
1945 1660 1979 1690 in
1988 1659 2122 1691 secundo
2131 1679 2141 1694 ,
2154 1658 2179 1689 (e

1194 1701 1364 1742 procurasse
1386 1700 1609 1741 pollutionem.
1748 1724 1751 1727 -

1234 1756 1264 1785 4.
1289 1744 1375 1775 Licet
1407 1743 1667 1775 sacramentaliter
1696 1744 1851 1777 absolvere
1872 1746 2034 1778 dimidiat&
2056 1746 2180 1778 tantum

1193 1787 1345 1820 confeffos
1368 1788 1488 1818 ratione
1507 1789 1613 1827 magni
1635 1789 1802 1820 concursus
1817 1789 2059 1830 poenitentium,
2081 1791 2181 1832 qualis

1195 1843 1222 1863 v.
1234 1843 1263 1874 g.
1282 1831 1377 1872 potest
1399 1830 1625 1872 contingerem
1642 1832 1821 1874 diemagnae
1838 1832 1968 1874 alicujus
1985 1833 2181 1869 festivitatis,

1194 1885 1247 1910 aut
1259 1874 1460 1916 indulgentie
1470 1897 1477 1904 .

1239 1928 1264 1959 5.
1287 1918 1427 1950 Licitum
1437 1917 1477 1950 est
1488 1927 1554 1950 tam
1570 1919 1603 1951 in
1612 1919 1752 1962 judicio,
1771 1919 1864 1962 quam
1881 1929 1967 1953 extra
1978 1920 2128 1960 judicium
2141 1919 2185 1961 ju-

1194 1973 1260 1994 rare
1270 1972 1343 1995 cum
1354 1962 1547 1994 restrictione
1559 1963 1707 1997 mentali,
1729 1973 1793 1995 non
1805 1964 1913 1996 habito
1931 1963 2070 2005 relpeCku
2080 1965 2117 1995 ad
2135 1966 2183 1994 in-

1195 2008 1371 2038 tentionem
1381 2005 1445 2045 ejus
1455 2025 1465 2039 ,
1485 2007 1540 2046 qui
1551 2008 1626 2046 petit
1638 2006 1867 2046 juramentum.
2170 2043 2173 2047 ,

1237 2054 1267 2081 6.
1290 2049 1377 2080 Licet
1393 2050 1563 2088 aliquando
1579 2049 1753 2082 interficere
1772 2050 2001 2085 adversarium,
2021 2059 2076 2082 aut
2097 2050 2185 2082 illum

1194 2092 1365 2127 infamare,
1387 2092 1506 2132 (etlam
1517 2094 1710 2133 imponendo
1721 2094 1767 2126 illi
1786 2093 1858 2126 falsa
1867 2093 2023 2133 crimina)
2042 2093 2104 2125 fine
2116 2104 2185 2134 pec—

1195 2146 1266 2168 cato
1274 2135 1400 2167 mortali
1410 2157 1419 2164 .

1236 2188 1266 2217 7.
1290 2179 1379 2211 Licet
1389 2176 1533 2214 Clerico,
1554 2180 1602 2210 vel
1616 2179 2064 2222 Religiosocalumniatorem,
2076 2182 2184 2221 gravia

1194 2223 1330 2256 crimina
1338 2224 1376 2254 de
1385 2221 1431 2256 se,
1453 2224 1500 2254 vel
1510 2224 1547 2254 de
1565 2221 1618 2255 sua
1626 2222 1796 2266 Religione
1813 2227 2007 2259 minantem,
2020 2225 2162 2255 occidere
2173 2243 2184 2257 ,

1192 2267 1320 2308 quando
1328 2266 1406 2297 alius
1416 2265 1602 2298 defendendi
1609 2268 1720 2299 modus
1728 2278 1792 2300 non
1802 2268 1934 2310 suppetit
1944 2280 1953 2305 3
1970 2271 2015 2300 uti
2028 2267 2181 2307 suppetere

1194 2320 1260 2342 non
1272 2311 1396 2341 videtur
1405 2329 1414 2343 ,
1436 2309 1456 2340 sl
1467 2310 1678 2342 calumniator
1686 2310 1723 2343 sit
1737 2321 1860 2352 paratus
1870 2312 1963 2344 cavel
1973 2310 2028 2351 ipsi
2040 2310 2182 2350 Religio-

1194 2352 1242 2388 so,
1263 2353 1313 2385 vel
1322 2353 1387 2395 ejus
1397 2352 1561 2394 Religioni
1580 2353 1721 2393 publice,
1741 2365 1777 2387 ac
1788 2365 1895 2388 coram
1910 2353 2096 2395 gravillilnis
2107 2354 2182 2384 viris

1194 2397 1388 2437 impingere,
1407 2395 1463 2427 nifi
1474 2395 1653 2429 occidatur.

1235 2443 1265 2472 8.
1288 2439 1479 2480 Praeceptum
1489 2439 1629 2471 servandi
1638 2440 1710 2472 festa
1720 2450 1783 2472 non
1792 2441 1910 2480 obligat
1918 2438 2122 2473 submottali,
2140 2438 2183 2470 sc-

1193 2484 1294 2525 posito
1308 2483 1469 2517 scandalo,
1490 2483 1595 2513 fiabfit
1606 2492 1822 2523 contemptus.
2088 2521 2094 2527 ι

1236 2537 1265 2564 9.
1286 2525 1433 2567 Qidam
1442 2533 1552 2565 putant
1563 2525 1761 2565 probabiliter
1771 2546 1781 2560 ‚
1803 2527 1945 2558 nondum
1952 2525 2094 2556 animato
2104 2524 2181 2557 foetu

1192 2570 1284 2601 licere
1294 2570 1437 2600 abortum
1446 2569 1484 2599 ad
1492 2569 1657 2599 vitandum
1667 2567 1845 2601 scandalum
1856 2578 1909 2600 aut
1925 2578 2058 2600 mortem
2070 2579 2180 2609 procu-

1192 2622 1258 2644 rate
1269 2635 1276 2642 .
1299 2612 1344 2643 Ex
1352 2621 1417 2652 quo
1426 2619 1571 2651 apparet,
1592 2621 1657 2642 non
1666 2613 1940 2644 condemnandam
1950 2611 2039 2643 facile
2048 2612 2179 2653 puellam

1192 2658 1335 2688 abortum
1345 2655 1513 2686 facientem
1521 2674 1531 2688 ,
1549 2652 1625 2685 cum
1635 2656 1776 2687 nondum
1786 2655 1825 2687 est
1834 2658 1990 2686 animatus
2001 2654 2093 2687 foetus
2101 2675 2112 2690 ,
2121 2665 2160 2687 ne
2168 2675 2179 2694 ,

1192 2698 1378 2740 deprehensa
1387 2697 1724 2739 gravida,occidatur‚
1742 2697 1991 2730 autinfametur.

1239 2752 1286 2774 10.
1308 2743 1336 2774 A
1348 2750 1456 2783 parato
1464 2740 1654 2772 maleficium
1665 2741 1819 2773 maleficio
1837 2741 1952 2773 solvere
1962 2742 2034 2773 lieet
2043 2740 2180 2783 idipsum

1194 2795 1313 2828 petere.

1238 2839 1286 2862 11.
1311 2826 1383 2870 Q1i
1404 2829 1484 2868 apud
1507 2827 1727 2859 Mendicantcs
1748 2827 1986 2859 communicant
2006 2829 2089 2860 intra
2113 2830 2178 2860 dies

1192 2872 1370 2906 paschales,
1392 2870 1585 2902 satisfaciunt
1601 2880 1751 2911 ptaecepto
1761 2870 1900 2902 Ecclefiae
1921 2873 1959 2903 de
1978 2874 2176 2904 communio-

1192 2927 1232 2949 ne
1253 2925 1376 2950 annua,
1398 2924 1455 2946 nec
1478 2923 1622 2945 tenentur
1641 2913 1686 2944 illi
1706 2915 1740 2945 in
1762 2913 1814 2946 sua
1834 2913 1987 2947 Patochia
2001 2916 2178 2947 communi-

1192 2970 1263 2992 care
1280 2981 1288 2989 .

1238 3013 1286 3035 12.
1308 3000 1439 3032 Peccata
1455 3002 1487 3032 in
1496 2999 1682 3032 confemone
1703 3000 1858 3033 omissaob
1878 3001 1994 3033 instans
2005 3001 2176 3043 periculum

1193 3049 1285 3079 vitae,
1306 3042 1608 3077 autaliamcausam,
1630 3045 1994 3087 nontenemurposteiiin
2015 3043 2177 3076 confeffie-

1193 3100 1232 3120 ne
1248 3096 1420 3128 exprimere
1431 3108 1438 3116 .

1239 3140 1286 3172 13.
1309 3129 1386 3162 Non
1397 3128 1494 3161 solum
1504 3129 1624 3160 licitum
1643 3128 1853 3162 estdefendere
1876 3129 2073 3172 (defenfione
2090 3131 2176 3161 occi-

1193 3174 1256 3206 siva
1272 3175 1282 3213 )
1300 3183 1367 3214 quae
1377 3172 1450 3204 actu
1465 3171 1668 3212 poffidemus‚
1689 3172 1843 3205 sedetiam
1863 3176 1973 3214 adquae
1991 3173 2035 3211 jus
2045 3172 2177 3204 inchoa-

1192 3227 1261 3250 tum
1276 3217 1442 3249 habemus,
1462 3216 1497 3246 &
1517 3224 1584 3255 quae
1607 3225 1662 3247 nos
1686 3217 1859 3257 possessuros
1880 3216 2031 3257 speramus
2054 3225 2062 3246 :
2082 3225 2177 3256 quate

1193 3262 1318 3292 licitum
1339 3259 1380 3290 est
1394 3268 1458 3290 tam
1480 3257 1611 3293 haeredi,
1632 3259 1727 3300 quarn
1747 3261 1913 3301 legatario,
1934 3268 2045 3290 contra
2065 3258 2176 3300 injuste

1192 3304 1414 3345 impedientem
1422 3320 1432 3334 ,
1454 3310 1493 3331 ne
1504 3301 1550 3332 vel
1561 3301 1721 3334 haereditas
1730 3304 1857 3334 adeatur
1865 3321 1876 3336 ‚
1886 3301 1933 3332 vel
1945 3302 2045 3342 legata
2054 3301 2175 3333 solvan-

1193 3357 1262 3381 tur,
1283 3345 1424 3377 letaliter
1444 3342 1627 3380 defendere,
1649 3346 1727 3377 ficut
1747 3346 1837 3385 &jus
1859 3343 1986 3376 habenti
2001 3346 2036 3376 in
2058 3343 2176 3376 Cathe-

1192 3392 1296 3422 dram,
1319 3387 1367 3418 vel
1379 3387 1594 3426 praebendam,
1614 3397 1840 3420 contraeorum
1849 3385 2177 3428 poss'effioneminjusse

1192 3433 1433 3472 impedientem.

1239 3485 1284 3515 14.
1309 3475 1428 3506 Vocare
1449 3473 1553 3505 Deum
1577 3474 1610 3504 in
1631 3474 1734 3505 testem
1758 3473 1914 3506 mendacii
1932 3474 2027 3508 levis,
2049 3483 2111 3503 non
2134 3474 2175 3505 vlt

2047 3527 2132 3546 [unm
