2397 3664
680 48 814 112 ,De
852 47 1084 108 Constit.
1121 65 1167 106 e.
1206 22 1357 105 Cum·
1391 66 1611 109 omneS.

162 139 327 181 pitularem
334 157 345 172 ‚
367 147 424 169 nec
434 137 536 176 aliqua
545 134 631 177 signa
644 133 820 168 indicantia
830 133 1000 169 Ecclesiam
1009 134 1066 166 effe
1074 132 1152 165 Col-

162 184 320 224 legiatam.
332 180 439 221 Itaque
450 179 502 223 ipsi
514 177 691 213 beneficiati
700 176 799 218 ipsam
806 177 974 211 Ecclesiam
986 176 1151 212 parochia-

161 226 224 256 lem
232 224 288 257 effe
297 223 456 257 censentes
465 235 475 258 5
495 223 529 254 &
539 218 722 253 arbitrantes
732 226 798 251 non
807 223 983 254 convenire
1003 222 1064 254 loci
1073 229 1150 261 qua-

163 269 265 302 litati,
285 276 320 299 ut
335 276 444 299 omnes
461 266 504 306 ibi
524 263 693 299 resideant3
713 260 730 293 a
748 271 887 303 tempore
903 263 1150 308 immemorabili

161 310 277 352 semper
295 309 492 343 observatum
511 306 552 338 est
566 326 577 340 ‚
598 314 633 336 ut
654 304 708 345 ipsi
725 304 868 339 Ecclefiae
888 306 1078 341 deserviatur
1098 316 1150 348 per

159 355 291 385 unicum
308 352 505 385 Sacerdotem
515 350 552 380 ab
573 350 618 382 eis
628 347 849 383 constitutum·-
872 348 912 381 Et
929 348 1004 382 crim
1013 348 1150 385 dubitas-

136 426 140 431 ,
160 396 225 431 sent
236 417 245 431 ‚
267 396 418 436 numquid
427 390 554 425 ulterius
567 400 696 426 omnes,
721 392 771 425 vel
781 392 886 437 :aliqui
895 402 1005 425 eorum
1021 392 1149 426 residere

95 1050 128 1083 35

91 2860 128 2893 37

162 448 341 472 tenerentur
358 449 365 470 ;
384 437 413 469 S.
423 434 639 476 congregatio
647 432 767 466 censuit
777 437 880 469 teneri
888 436 1024 475 omnino
1038 436 1149 470 reside-

163 492 195 516 re
205 502 215 517 ‚
237 482 385 524 tumquia
395 477 570 514 Canonici,
594 486 663 511 tum
677 476 753 518 quia
762 476 874 510 Curati
884 501 892 509 .

200 525 238 557 In
247 523 380 557 secundo
387 529 492 555 autem
502 520 575 553 casu
582 519 837 554 concludendum
845 521 888 552 cst
895 520 1031 555 absolute
1039 542 1050 558 ‚
1071 532 1149 554 con-

159 567 355 602 suetudinem
362 565 553 608 percipiendi
561 564 596 596 in
605 562 744 598 absentia
752 565 952 604 quotidianas
959 565 1149 598 distributio-

159 609 344 646 nes‚nullam
355 608 475 651 prorsus
482 629 492 643 ‚
500 617 592 650 atque
600 607 722 640 irritam
730 607 789 638 esst
797 616 835 638 cx
843 605 1079 642 Constitutione
1088 609 1148 643 Bo-

157 653 269 686 nifacii
277 652 434 694 V111.quae
439 648 833 693 ‚incipitssonfiaetudinemi
841 651 937 683 relata
946 652 980 685 in
989 654 1102 684 c-unico
1111 652 1149 684 de

157 697 242 729 Cler.
251 706 310 727 non
321 694 464 737 refident.
474 692 559 728 lib-6.
570 696 604 727 δε
612 693 628 726 a
638 692 790 734 Concilio
798 693 944 729 Trident·
951 695 1104 730 innovata
1113 698 1147 728 in

157 737 216 774 ὥσ.
223 748 235 771 1
242 749 268 770 2.
278 739 358 781 verfi
369 736 609 781 Distributiones
617 734 772 778 ‘oermseffi
777 747 824 776 24.
832 738 866 769 ὃς
877 747 965 770 notat
973 739 1147 780 glofficom-

156 784 296 814 munitet
305 783 472 823 approbata
481 782 552 814 ind.
561 782 701 815 munic-in
715 777 1014 821 verbdmprobantes,
1022 783 1056 814 ὃ(
1066 781 1153 813 Dec:

156 824 208 858 hic
217 836 245 856 n.
252 837 278 857 2.
290 825 358 858 Iino
369 825 429 857 hoc
439 824 578 868 procedit
586 845 596 859 ‚
604 823 724 858 etiamsi
734 823 928 859 consuetudo
936 825 971 856 sit
980 827 1146 859 immemo-

155 869 271 902 rabilis.
281 867 368 903 Nam
377 868 449 903 cum
457 866 652 908 Constitutio,
659 866 816 902 Bonifacii
826 878 891 900 non
899 867 1079 911 simpliciter
1088 869 1146 900 tol-

157 913 200 944 lat
210 910 480 953 consuetudinem,
490 911 539 943 sed
549 921 618 944 eam
626 911 793 952 improbet,
802 911 858 946 ibi,
866 909 1084 951 Improbuntes,
1095 920 1146 952 pet

158 955 218 987 hoc
228 955 369 991 censetur
378 954 519 986 sustulisse
527 956 623 987 etiam
631 954 716 988 illam
724 974 735 989 ‚
755 953 941 995 cujus'jnitii
950 965 1014 986 non
1030 954 1070 985 est
1081 964 1145 985 me-

157 998 259 1030 moria
268 1018 278 1033 ‚
287 1008 352 1040 arg.
361 996 470 1032 c.Ciom
476 994 662 1033 venerabilis
668 1018 679 1032 ‚
689 996 726 1030 &⁴
735 1008 759 1029 c.
764 994 825 1038 fin.
826 996 924 1038 suprd
933 996 970 1029 de
976 996 1144 1038 consuetud.

194 1040 315 1084 Qioad
324 1040 401 1073 adeo
409 1051 518 1072 verum
528 1041 567 1073 est
576 1061 586 1076 ‚
608 1050 642 1072 ut
652 1050 710 1072 nec
720 1041 821 1074 tribus,
829 1040 983 1073 mensibus
997 1039 1015 1072 a
1024 1038 1146 1072 Conci-

156 1084 201 1116 lio
212 1084 359 1126 permissis
370 1086 404 1117 in
411 1083 467 1116 d-c.
474 1094 485 1115 i
494 1095 520 1115 ε.
531 1083 770 1124 verſsPraeterm'
778 1103 788 1118 ‚
797 1083 899 1118 valida
908 1083 944 1117 sit
951 1083 1144 1116 consuetudo

155 1130 251 1162 etiarn
266 1128 525 1175 iminymorabilis
536 1127 727 1169 percipiendi
745 1128 779 1158 in
789 1125 926 1158 absentia
944 1128 1145 1167 quotidianas

155 1170 385 1209 distributiones
393 1190 403 1205 ‚
413 1180 447 1203 ut
458 1169 564 1212 saepius
574 1169 693 1202 censuit
702 1171 769 1203 sac.
782 1167 999 1211 Congregatio
1007 1192 1015 1199 .
1027 1169 1064 1201 Et
1076 1169 1144 1203 sane

157 1211 231 1246 cum
246 1213 477 1247 distributiones
492 1214 691 1255 quotidianas
699 1223 766 1247 non
784 1212 942 1257 luctentur
957 1214 1019 1244 duo
1028 1211 1145 1245 Cano-

155 1255 371 1296 mcigbsentes
381 1267 436 1298 pro
447 1256 573 1290 servitio
581 1255 735 1298 Episcopi,
744 1257 822 1289 c-De
831 1265 944 1290 cetero,
954 1255 990 1288 (θ’
999 1255 1085 1289 c.Ad
1092 1268 1145 1289 au-

158 1301 322 1334 dientiam,
333 1299 438 1340 junsta
445 1301 566 1341 gloss-in
576 1295 766 1338 veeregrk
773 1297 860 1341 infra¹
871 1298 908 1331 de
917 1302 944 1331 C
947 1299 1062 1331 [er-non
1071 1311 1103 1330 re
1099 1300 1145 1342 st-

156 1343 298 1377 denmec
307 1342 446 1387 absentes
456 1344 624 1376 studiorum
632 1343 731 1377 causa,
741 1345 856 1376 c.Licet
866 1342 902 1376 de
909 1342 1033 1383 praeben.
1045 1353 1100 1374 nec
1112 1347 1148 1375 in

156 1386 225 1417 aliis
233 1386 351 1418 casibus
360 1386 656 1428 privilegiatis‚quos
665 1385 752 1427 posui
763 1388 796 1418 in
804 1386 921 1423 c-chet
931 1385 1018 1429 infrci
1029 1384 1066 1417 de
1072 1395 1145 1425 prae-

155 1426 241 1461 bend.
252 1439 310 1460 nec
320 1430 421 1461 valeat
436 1429 470 1461 in
481 1430 530 1461 his
540 1429 656 1461 casibus
673 1433 831 1462 contraria
839 1429 1030 1462 consuetudo
1040 1450 1049 1463 ‚
1073 1429 1145 1460 licet

155 1472 413 1504 immemorabilis
423 1493 433 1507 ‚
444 1482 477 1504 ut
487 1473 599 1513 pluries
609 1472 666 1503 fuit
675 1472 842 1504 resolutum
853 1494 868 1511 2
879 1471 953 1505 cum
964 1483 1027 1505 non
1040 1472 1096 1505 sint
1107 1476 1145 1505 de

156 1516 252 1547 tribus
261 1515 378 1547 casibus
389 1516 526 1556 exceptis
535 1518 568 1547 'in
576 1514 605 1548 d.
615 1527 639 1547 c·
651 1518 734 1547 unico
745 1536 754 1551 ‚
764 1515 855 1558 longe
867 1514 971 1547 minus
983 1517 1083 1549 valere
1091 1517 1145 1548 de-

156 1559 206 1591 bet
215 1560 249 1589 in
258 1558 329 1590 casu
341 1558 485 1594 absentiae
495 1559 592 1592 trium
604 1558 754 1591 mensium
765 1560 967 1599 recreationis
978 1559 1067 1593 causa
1077 1581 1089 1593 .7
1107 1559 1146 1590 Et

154 1602 289 1641 dignum
308 1601 348 1640 est
359 1612 554 1638 memoratu,
575 1602 660 1643 quod
676 1601 750 1634 cum
772 1600 932 1639 Canonici
949 1601 1151 1636 Catliedtalis-

153 1643 297 1678 Ecclesia:
314 1644 425 1676 AEfina:
443 1646 481 1676 ab
499 1646 739 1680 immemorabili
759 1655 898 1686 tempore
920 1645 1147 1679 consuevissent

155 1697 290 1728 quatuor
300 1687 418 1720 menses
424 1690 594 1730 quomnnis
604 1689 642 1720 ab
659 1688 792 1725 Ecclesia
802 1690 896 1721 abesse
905 1710 916 1725 ‚
933 1691 966 1722 δε
976 1699 1014 1721 eo
1026 1699 1147 1729 tempo-

153 1739 186 1762 re
195 1730 426 1763 distributiones
437 1733 636 1773 quotidianas
654 1734 809 1773 percipere
822 1744 831 1770 3
849 1743 946 1774 eaque
956 1732 1147 1764 consuetudo

154 1774 192 1805 ab
201 1775 348 1809 omnibus
359 1773 517 1815 Episcopis
525 1776 657 1812 tolerata,
665 1774 763 1808 fuisset
772 1796 780 1810 ‚
789 1778 822 1807 ὁ(
835 1775 1026 1816 praesertima
1037 1775 1146 1807 saneta:

153 1826 247 1849 mem.
258 1815 356 1852 Paulo,
364 1818 460 1860 V-qui
469 1820 502 1849 in
513 1820 687 1851 minoribus
697 1821 745 1850 eid
751 1829 800 1851 cm
811 1819 953 1851 Ecclesiae
964 1818 1083 1860 ptaefuit
1095 1830 1102 1855 ·,
1113 1820 1146 1851 δε

154 1861 367 1901 supplicassent
376 1862 582 1902 propterea‚ut
592 1862 646 1894 fibi
657 1864 762 1895 liceret
772 1872 896 1904 pergere
906 1863 942 1894 in
952 1864 1061 1894 eadem
1071 1873 1147 1894 con-

155 1903 317 1937 suetudine
332 1903 698 1946 :Sac.Congreg.ccnsuit
709 1917 772 1938 ηοω
783 1907 1020 1939 concedendum
1031 1926 1040 1940 >
1051 1906 1099 1937 sed
1109 1907 1145 1937 de

153 1955 269 1978 caetero
277 1946 420 1979 absentiae
441 1956 562 1988 tempus
572 1958 633 1983 tres
651 1949 770 1980 menses
781 1951 819 1981 ad
835 1949 991 1982 summum
1000 1951 1146 1981 excedere

153 1998 220 2020 non
229 1990 337 2025 debete
349 2010 358 2024 ²
376 1992 409 2022 δε
421 1990 560 2022 adsentes
568 2002 606 2023 eo
614 2001 753 2032 tempore
770 1994 926 2033 percipere
938 1992 1017 2033 posse
1028 1991 1146 2023 fruetus

154 2033 319 2074 praebendse
329 2035 490 2068 dumtaxat
504 2054 514 2068 ‚
532 2034 645 2066 amiffis
656 2035 923 2067 distributionibus
933 2035 1145 2077 quotidianis.

194 2073 290 2109 Circa
300 2079 428 2108 tertium
437 2078 578 2110 similiter
588 2079 761 2110 tenendum
770 2078 812 2110 est
823 2078 885 2110 sine
903 2080 1002 2110 dubio
1011 2078 1045 2110 in
1055 2079 1147 2109 bene-

154 2118 236 2150 ficiis
245 2117 373 2153 Curatis
383 2121 477 2151 talem
487 2120 745 2154 consuetudinem
755 2131 820 2154 non
830 2121 930 2155 valere
940 2142 950 2157 ‚
971 2123 1046 2162 quia
1054 2121 1094 2152 est
1106 2123 1147 2152 it-

151 2162 396 2197 rationabilia-‚66
408 2162 551 2194 Ecclesiis
559 2163 736 2199 onerosa‚&
744 2164 918 2204 periculum
927 2166 1070 2196 continet
1079 2166 1147 2196 ani-

151 2214 322 2239 marum‚ut
332 2206 410 2237 dicit
419 2205 534 2237 Abb.in
543 2206 887 2251 c.Extirpandae,§.Qi
897 2208 971 2239 vero
980 2219 1009 2239 n.
1016 2217 1029 2248 3
1036 2207 1146 2248 mserſs

153 2249 199 2279 Et
209 2258 250 2279 ex
266 2247 417 2288 praeda'fbii
428 2256 500 2288 puto
508 2247 546 2280 de
563 2247 650 2291 praeb.
662 2249 763 2292 Qiod
780 2251 920 2291 procedit
930 2253 1026 2283 etiam
1045 2251 1065 2282 si
1076 2253 1146 2291 quis

152 2300 205 2331 per
215 2291 378 2323 Vicariuni
388 2291 536 2325 inserviat
545 2313 558 2329 ‚,
576 2303 609 2325 ut
619 2294 841 2330 tenetArchid.
853 2296 920 2329 inc.
931 2292 1147 2327 Sacerdotibus

155 2332 459 2375 31.d1st.Abbastoco
469 2336 558 2370 cin&
568 2335 647 2368 Dec.
657 2336 708 2368 hic
719 2336 862 2378 inii-leb}-
873 2334 938 2375 n.71
947 2337 1047 2370 Ratio
1055 2338 1095 2369 est
1104 2337 1146 2368 se-

154 2376 295 2409 cundum
303 2388 356 2409 eos
366 2397 377 2413 ‚
395 2380 470 2419 quia
479 2379 513 2411 in
524 2379 722 2413 commission
763 2390 830 2416 ‚urae
839 2380 938 2414 elesta
947 2381 987 2413 est
998 2381 1146 2413 industria

154 2419 289 2460 persona:
298 2440 309 2456 ,
318 2420 392 2452 crim
421 2432 454 2454 et
463 2422 593 2464 seipsum
600 2424 709 2456 debeat
719 2426 729 2455 i
753 2434 805 2456 am
814 2434 956 2457 exercere
966 2445 976 2459 ‚
993 2434 1026 2456 ut
1036 2427 1068 2456 in
1078 2425 1107 2456 d.
1118 2426 1144 2462 §.

156 2463 222 2506 Qui
231 2464 349 2499 vero‚in
358 2475 382 2496 c.
385 2467 471 2508 dia
480 2466 618 2497 nonnulli
626 2465 664 2498 de
673 2469 701 2499 C
702 2468 821 2499 lemnon
829 2466 997 2511 rcfidenss'*
1005 2470 1037 2500 in
1046 2469 1146 2499 c.Clc-

153 2510 232 2540 ricos
240 2505 277 2541 de
285 2507 362 2548 offic.
372 2510 475 2539 ἦσαν.
485 2508 570 2549 Ergo
578 2509 770 2542 consuetudo
777 2531 787 2545 ,
799 2521 832 2542 ut
842 2513 896 2542 alii
906 2513 1125 2543 committatur
1134 2531 1145 2545 ‚

152 2559 219 2582 non
229 2550 269 2582 cst
279 2550 527 2585 rationabilis‚ad
535 2553 594 2587 hoc
603 2550 724 2594 ofin-de
733 2552 951 2595 offic-deleg.&
958 2556 1017 2587 c.Is
1026 2557 1071 2586 cni
1080 2552 1143 2585 eod.

154 2590 296 2627 lib.6.Tu
305 2594 355 2625 dic
366 2594 565 2626 residentiam
575 2596 607 2625 in
617 2596 775 2629 beneficiis
787 2607 895 2630 curam
903 2598 1080 2630 animarum
1091 2598 1144 2629 ha-

155 2637 301 2670 bentibus,
309 2637 366 2671 csse
376 2638 486 2677 dejure
496 2639 609 2669 divino
616 2658 627 2672 ‚
635 2639 669 2669 &
679 2641 831 2675 naturali,
839 2642 872 2673 ὃς
882 2641 1018 2674 absentes
1027 2651 1144 2672 morta-

154 2678 225 2711 liter
236 2681 406 2720 peccare2&
419 2680 539 2713 fructus
547 2680 615 2712 suos
625 2691 690 2712 non
701 2681 812 2718 facere,
821 2685 854 2715 δε
864 2685 1057 2716 contrariam
1068 2694 1143 2715 con-

155 2722 351 2759 suetudinem
358 2726 455 2757 etiam
462 2723 743 2758 immemorabilem
752 2725 808 2756 esse
817 2729 1023 2768 corruptelam
1034 2748 1043 2762 ,
1055 2736 1143 2768 prout

155 2764 220 2798 haec
228 2768 339 2801 omnia
349 2766 500 2802 habentur
515 2768 550 2800 in
557 2768 682 2801 decreto
703 2765 846 2799 Concilii
855 2768 999 2802 Trident.
1008 2782 1033 2802 c.
1048 2780 1071 2802 1.
1074 2768 1142 2812 seffi

156 2819 172 2843 2
178 2818 204 2851 3.
214 2810 247 2841 δι
259 2811 388 2850 probavi
394 2809 537 2846 latiffime
543 2811 577 2843 in
585 2821 609 2842 c.
615 2811 671 2842 Ex
678 2817 767 2849 parte
777 2809 814 2842 de
821 2811 965 2844 Clemmn
972 2813 1099 2856 refiden.

191 2851 373 2897 QUAERO
382 2874 396 2891 2
413 2864 454 2886 an
465 2852 650 2897 Capitulum
658 2852 854 2886 Cathcdralis
864 2853 1005 2887 Ecclesia:
1014 2876 1024 2891 ‚
1045 2858 1095 2888 cui
1106 2866 1143 2887 ex

157 2895 230 2936 jutis
240 2897 421 2931 communis
430 2896 602 2939 praescripto
610 2917 624 2932 ‚.
637 2897 671 2929 δε
680 2896 992 2939 &congregationis
1002 2897 1143 2931 Concilii

155 2940 362 2973 declaratione
372 2961 383 2976 ‚
400 2943 497 2973 etiam
505 2940 617 2982 absque
627 2939 778 2982 Episcopo
787 2942 937 2981 competit
947 2940 1075 2973 facultas
1087 2942 1143 2973 sta-

156 2984 264 3014 tuendi
281 2985 320 3015 de
331 2984 379 3017 his
388 3003 402 3020 a
418 2994 487 3026 quae
505 2983 629 3025 propria
645 2983 738 3025 ipsius
755 2982 898 3024 Capituli
914 2985 1041 3026 negotia
1049 2984 1143 3025 respi-

156 3026 245 3056 ciunt
253 3045 262 3060 ‚
283 3028 370 3067 poslit
379 3026 533 3069 ejusmodi
547 3027 666 3061 statutis
673 3046 689 3066 ,,
704 3025 773 3069 quo
783 3026 909 3061 firmius,
924 3026 1125 3060 observentur
1133 3048 1142 3064 ,

157 3077 262 3109 poenas
269 3069 400 3111 adjicere
410 3076 420 3102 ἓ

199 3109 383 3152 Capitulum
393 3113 473 3155 posse
482 3112 611 3151 statuere
620 3114 661 3148 de
668 3113 716 3145 his
724 3123 884 3155 ‚fquaetnon
893 3113 1061 3155 respiciunt
1070 3113 1143 3154 Epi-

157 3152 282 3197 scopum
292 3174 302 3191 i
310 3166 366 3190 nec
374 3157 553 3201 generalem
562 3158 673 3191 statum
682 3156 823 3191 Ecclesiae
833 3177 844 3193 ‚
865 3156 916 3191 scd
923 3157 1088 3200 singularia
1097 3158 1144 3199 ip-

1191 134 1251 166 sius
1262 133 1402 176 Capituli
1412 138 1539 178 negotia
1547 156 1556 171 ‚
1574 146 1647 177 puta
1656 145 1690 169 ut
1699 139 1792 170 certis
1800 140 1902 171 modis
1912 139 2094 172 dividantur
2102 151 2179 182 quo-

1189 178 1318 211 tidianae
1325 178 1571 215 distributiones,
1597 180 1646 212 vel
1653 189 1690 213 ut
1697 180 1792 219 certis
1800 184 1992 223 temporibus
1999 186 2037 215 ad
2047 182 2179 224 Capitu-

1189 220 1254 252 lum
1265 230 1331 252 non
1341 223 1446 253 vocati
1456 223 1670 260 conveniant,
1690 225 1739 256 vel
1749 223 1835 265 super
1843 225 2114 261 administratione
2124 228 2179 258 bo-

1189 272 1305 295 norum
1311 266 1534 299 communium
1545 264 1706 307 Capituli,
1727 269 1760 299 in
1769 269 1880 309 quibus
1890 267 2075 310 Capitulum
2086 269 2178 302 habet

1188 307 1492 343 administratimem
1501 308 1625 342 seorsim
1634 311 1670 344 ab
1679 309 1831 352 Episcopo
1839 331 1848 346 ‚
1869 313 1903 343 &
1921 311 2006 353 super
2014 313 2082 344 aliis
2093 312 2176 344 simi-

1188 350 1384 386 libus,Glossa
1392 351 1433 384 est
1443 351 1645 393 receptiinma
1653 353 1686 384 in
1695 355 1786 386 axz-in
1796 356 2055 390 ver.statuto‚ubi
2064 366 2176 395 omnes

1187 391 1226 427 de
1233 391 1352 427 verbor.
1355 394 1490 437 stgnific.
1500 397 1532 427 in
1542 399 1570 428 6.
1581 395 1619 427 Et
1629 405 1740 429 notant
1751 397 1800 428 liic
1814 396 2022 440 Coinpost.Jo.
2033 399 2128 431 Andr.
2135 400 2174 434 ,δε

1186 436 1261 471 alii,
1282 437 1314 468 ὃ(
1325 438 1359 468 in
1369 435 1477 469 caCism
1487 438 1708 479 consuetudinis
1716 439 1752 472 de
1767 440 1934 482 consuetud.
1946 442 2040 483 quiie
2049 442 2113 484 jam
2121 444 2174 475 de-

1188 479 1318 514 claravit
1328 479 1357 511 S.
1371 478 1588 522 congregatio
1597 503 1604 512 ·
1947 518 1953 528 ι
2116 523 2120 526 ‚

1230 523 1282 556 An
1301 522 1377 555 vero
1397 521 1585 563 Capitulum
1605 523 1679 556 cum
1699 524 1764 557 haec
1785 526 1894 559 statuta
1915 523 2027 560 condit
2043 527 2066 564 ς’
2103 523 2173 562 ’ὸίῐῐῖ

1187 567 1285 597 etiam
1303 575 1429 606 poenam
1439 566 1567 598 statuere
1584 567 1618 599 in
1627 566 1707 608 ipsos
1721 567 1905 603 Canonicos
1924 571 2060 614 transgre
2084 580 2152 609 ores
2163 592 2172 607 ,

1187 610 1310 645 videtur
1321 609 1573 651 distinguendum
1584 631 1592 640 .
1613 609 1702 646 Nam
1711 613 1938 653 autquaeritut,
1958 625 1998 647 an
2008 615 2108 647 valeat
2117 615 2175 649 sta-

1186 661 1289 685 tutum
1308 652 1428 693 poenale
1437 662 1587 695 tanquam
1603 656 1768 690 conditum
1777 656 1816 689 ab
1837 656 1966 689 habente
1986 657 2174 697 iurisdiffio-

1186 705 1261 730 nem
1270 718 1277 725 .
1294 694 1333 728 Et
1342 695 1402 732 hoc
1411 694 1503 738 padio
1511 707 1576 729 non
1588 699 1685 733 valet,
1704 699 1779 739 quia
1788 697 1972 740 Capitulum
1983 701 2169 742 jurisdictio-
2192 703 2231 742 38

1187 749 1226 771 ne
1241 749 1325 772 caret
1334 759 1342 775 ‚
1364 740 1398 771 &
1416 738 1546 773 facultas
1567 741 1751 782 imponendi
1774 752 1898 784 poenam
1918 742 1933 773 ἐι
1958 743 2172 784 jurisdictione

1187 783 1330 823 procedit
1340 803 1349 817 ,
1359 783 1381 814 l·
1394 781 1460 826 1.ffi
1469 785 1509 816 Si
1515 785 1580 828 quis
1588 783 1680 823 judic.
1691 797 1750 818 non
1758 783 1916 826 obtemper.
1927 787 1960 818 δέ
1971 796 2059 819 notat
2068 786 2118 819 hic
2126 788 2170 829 Jo.

1187 825 1283 856 Andr.
1295 837 1324 857 η.
1342 835 1389 860 11.
1602 841 1605 843 Α

1230 869 1294 904 Aut
1302 869 1468 911 quaeritur,
1490 881 1530 902 an
1537 869 1697 905 Canonici
1715 871 1879 905 statuentes
1890 870 2001 913 possint
2009 872 2037 904 se
2057 874 2177 915 obliga-

1187 920 1219 942 re
1228 913 1265 943 ad
1277 923 1400 952 poenam
1408 912 1493 954 quasi
1502 916 1788 947 conventionaliter
1804 926 1859 957 pro
1865 915 2062 953 observantia
2076 917 2171 951 statu-

1187 955 1212 985 ti
1221 977 1228 984 .
1250 954 1290 986 Et
1308 956 1368 993 hoc
1377 958 1472 989 modo
1486 966 1571 990 tenet
1580 957 1720 1000 adjectio,
1736 969 1834 1003 poenae
1842 981 1849 988 .
1866 958 1920 991 'Ita
1942 958 2102 1001 distinguit
2120 959 2170 993 hic

1187 996 1271 1030 Butr.
1282 999 1319 1035 in,
1334 1002 1363 1030 6.
1371 999 1427 1031 col.
1438 997 1519 1042 ve'rfi
1526 1000 1678 1039 Nunquid
1685 1011 1785 1034 autem
1796 1022 1806 1037 ‚
1827 1003 1883 1043 qui
1899 1001 1970 1037 ct'im
1981 1003 2124 1044 loquatur
2134 1004 2171 1035 de

1187 1042 1385 1074 universitate
1396 1042 1527 1079 habente
1535 1043 1780 1086 jurisdiistionem
1790 1066 1801 1080 2
1821 1046 1906 1077 idem
1915 1045 2039 1078 videtur
2061 1045 2173 1079 sentire

1186 1085 1222 1115 de
1233 1083 1486 1128 Capitulo‚cujus
1496 1087 1676 1127 potestatem
1686 1090 1719 1119 in
1730 1089 1786 1120 hac
1797 1090 1927 1120 materia
1936 1089 2078 1129 potestati
2085 1088 2173 1120 Uni·

1186 1127 1339 1158 versitatis
1350 1128 1480 1160 similem
1488 1129 1544 1160 effe
1553 1149 1564 1164 ,
1573 1130 1669 1170 fiipra'
1680 1130 1742 1162 eod.
1752 1132 1806 1163 col.
1814 1131 1947 1163 ostendit
1955 1153 1962 1161 .
1985 1127 2096 1174 Qam
2104 1134 2173 1174 opi-

1186 1170 1316 1204 nionem
1326 1180 1390 1205 non
1400 1170 1525 1205 obscure
1534 1166 1732 1213 amplectitur
1749 1174 1822 1215 glos.
1834 1184 1955 1215 recepta
1965 1175 1998 1206 in
2017 1182 2079 1215 cap.
2091 1175 2172 1208 Cum

1185 1210 1334 1250 aliquibus
1342 1215 1377 1249 itt
1387 1225 1448 1247 ver.
1458 1217 1484 1247 F
1485 1217 1626 1247 irmitate
1633 1214 1809 1257 deffescrjn
1818 1221 1846 1248 6.
1856 1219 1933 1249 dum
1942 1219 2070 1251 verbum
2079 1239 2088 1252 ‚
2098 1220 2127 1251 F
2127 1221 2173 1250 ἰν-

1185 1259 1296 1288 mr'txte
1306 1277 1315 1290 ‚
1323 1259 1407 1298 quod
1417 1258 1545 1292 habetur
1555 1259 1589 1290 in
1600 1268 1711 1296 textu,
1725 1262 1905 1301 accipitpto
1917 1263 1988 1292 vinc
1994 1261 2172 1310 ulopoenaef,

1186 1299 1239 1331 cui
1250 1298 1276 1329 se
1286 1298 1447 1335 Canonici
1457 1301 1621 1339 statuentes
1633 1302 1649 1335 s
1645 1302 1739 1344 ponte
1749 1304 1978 1346 obligaverunt,
1989 1306 2020 1335 ὃς
2029 1315 2173 1345 compro-

1188 1344 1238 1374 bat
1249 1341 1377 1383 Capella
1385 1343 1566 1377 Tholosana
1572 1345 1660 1385 decisi
1668 1354 1740 1387 405.
1753 1347 1791 1379 Et
1800 1349 1945 1388 quamvis
1958 1347 1975 1388 ,Ι
1982 1347 2053 1378 mol.
2065 1346 2112 1380 hic
2124 1360 2173 1379 nu.

1188 1397 1235 1416 22.
1247 1386 1323 1422 velit
1340 1387 1419 1419 hanc
1430 1387 1640 1430 adjectionem
1657 1401 1753 1433 poenae
1764 1392 1808 1421 ita
1826 1392 1953 1422 demum
1971 1390 2108 1431 obligare
2120 1412 2128 1424 ,
2151 1391 2173 1422 si

1186 1427 1346 1461 Canonici
1363 1433 1548 1471 promittant
1569 1432 1728 1466 observare
1748 1433 1902 1468 statutum
1913 1432 1927 1464 s
1925 1434 1972 1469 ub,
1980 1441 2063 1465 certa
2086 1444 2175 1473 poena

1186 1471 1370 1513 applicanda
1388 1472 1547 1514 Superiori
1562 1485 1569 1505 ε
1585 1483 1689 1507 tamen
1708 1476 1772 1509 haec
1789 1476 1940 1509 limitatio
1961 1478 1999 1507 ab
2020 1476 2088 1508 aliis
2109 1486 2174 1508 non

1187 1517 1333 1557 ponitur,
1355 1516 1389 1547 ὃ(
1400 1516 1694 1559 rationirepugnat3
1714 1520 1790 1564 quia
1806 1520 1880 1552 cum
1889 1529 1989 1560 partes
2009 1521 2106 1552 etiam
2117 1522 2177 1561 pri-

1187 1567 1265 1589 vatae
1275 1557 1384 1599 possint
1396 1559 1478 1591 inter
1489 1558 1516 1591 se
1525 1561 1709 1601 paciscendo
1721 1573 1845 1603 poenam
1856 1563 1989 1604 stipulari
1999 1583 2008 1597 ‚
2018 1563 2114 1602 leg.Si
2121 1572 2175 1604 pa-

1186 1602 1231 1635 {bo
1241 1611 1293 1640 quo
1302 1610 1419 1641 poenam
1428 1623 1438 1638 ,
1448 1601 1666 1643 Cod.depaftis
1677 1616 1741 1637 cum
1744 1604 1913 1649 similibus,
1924 1616 1987 1637 non
1997 1606 2037 1637 est
2047 1608 2119 1637 dare
2129 1617 2175 1638 ra-

1188 1646 1310 1678 tionem
1321 1645 1507 1680 diversitatis
1516 1667 1525 1682 ‚
1536 1657 1590 1679 cur
1600 1646 1794 1689 Capitulares
1805 1659 1870 1680 non
1880 1649 1990 1690 possint
1998 1649 2097 1690 &ipsi
2107 1659 2176 1681 tan-

1187 1698 1281 1729 quam
1292 1688 1406 1729 privati
1418 1689 1444 1720 se
1453 1692 1489 1722 ad
1498 1701 1623 1730 poenam
1633 1692 1770 1733 obligare
1779 1712 1788 1728 ‚
1799 1693 1851 1724 ubi
1861 1692 1974 1725 statuto
1982 1691 2175 1725 contrafece-

1187 1733 1260 1763 rint.
1271 1731 1341 1763 Nec
1353 1731 1392 1764 est
1402 1752 1411 1766 ,
1420 1733 1504 1773 quod
1515 1734 1678 1774 replicetur
1687 1755 1696 1770 ‚
1708 1736 1928 1767 contrahentes
1938 1736 2011 1767 ideo
2019 1736 2098 1779 posse
2110 1746 2175 1777 po:-

1187 1785 1261 1805 nam
1272 1776 1451 1815 promittere
1460 1796 1470 1810 ‚
1481 1777 1554 1818 quia
1564 1777 1718 1809 consentit
1728 1788 1803 1810 tunc
1814 1780 1857 1813 is,
1869 1778 1956 1818 cujus
1966 1778 2100 1812 interest,
2113 1789 2171 1811 nec

1187 1818 1344 1859 obligatur
1359 1820 1478 1850 invitus
1488 1841 1496 1849 .
1518 1819 1560 1852 At
1575 1822 1608 1851 in
1617 1820 1688 1852 casu
1704 1821 1806 1863 nostro
1817 1822 1973 1863 loquimur
1989 1822 2026 1853 de
2044 1821 2156 1855 statuto
2164 1843 2174 1857 ,

1188 1863 1293 1902 inquo
1303 1859 1376 1893 cum
1384 1861 1512 1894 sufficiat
1519 1862 1683 1895 consensus
1695 1865 1821 1906 majoris
1832 1866 1927 1905 partIs
1937 1863 2095 1905 Capituli,
2115 1865 2173 1907 seg.

1187 1904 1278 1949 QOd
1287 1903 1501 1949 major‚ffiAd
1510 1909 1685 1947 municip&
1698 1908 1747 1939 hic
1760 1918 1812 1948 per
1821 1907 2076 1949 DD.hujusmodi
2087 1918 2177 1948 poena

1188 1949 1386 1983 nonvidetur
1405 1948 1614 1990 posseafficete
1631 1961 1683 1983 eos
1692 1950 1801 1986 saltem,
1814 1952 1868 1993 qui
1878 1950 2003 1984 fuerunt
2019 1949 2154 1984 absentes
2165 1972 2176 1987 ‚

1188 1991 1236 2023 vel
1248 1991 1359 2023 statuto
1376 2002 1440 2023 non
1451 1993 1688 2026 consenserunt.
2035 2030 2040 2037 Δ

1231 2033 1447 2075 Responderur
1455 2037 1542 2068 enim
1552 2036 1704 2077 majorem
1715 2048 1835 2079 partem
1845 2038 1986 2081 Capituli
1997 2060 2007 2074 ,
2020 2039 2177 2080 ubicumq3

1188 2079 1224 2110 de
1234 2077 1409 2110 necessitate
1420 2099 1431 2114 ‚
1452 2080 1499 2111 vel
1509 2080 1645 2112 utilitate
1655 2080 1794 2113 Ecclesia:
1803 2084 1907 2124 agitur
1916 2103 1925 2117 ‚
1949 2082 2029 2124 posse
2038 2082 2177 2124 praejudi-

1188 2131 1258 2152 care
1268 2121 1390 2160 minori
1400 2122 1502 2163 qu'oad
1512 2132 1548 2154 ea
1556 2143 1565 2158 ‚
1587 2134 1654 2165 qua:
1671 2135 1855 2166 competunt
1874 2124 2057 2158 Canonicis,
2070 2136 2103 2157 ut
2115 2136 2179 2157 non

1188 2163 1315 2205 singulis
1325 2185 1334 2198 ,
1346 2163 1393 2195 sed
1405 2165 1608 2207 collegialiter
1618 2188 1627 2202 ‚
1649 2170 1796 2208 cap-Cum
1804 2170 1838 2201 in
1845 2166 2055 2213 cunHissianra‘
2065 2168 2102 2200 de
2112 2166 2158 2200 his
2167 2189 2177 2203 ‚

1188 2217 1244 2245 quae
1260 2206 1487 2248 fiuntamayor.
1493 2217 1576 2249 part.
1585 2212 1661 2251 Cap.
1671 2212 1704 2243 δε
1715 2221 1828 2244 notant
1838 2210 1974 2249 hicDD.
1985 2214 2018 2245 ὃς
2029 2211 2179 2253 praecipue

1188 2240 1278 2282 lmol.
1287 2262 1316 2281 n.
1326 2262 1354 2288 9.
1365 2253 1398 2283 &
1406 2252 1485 2284 Abb.
1494 2265 1524 2284 n.
1535 2262 1564 2292 7.
1576 2254 1656 2296 vers
1665 2257 1759 2288 Venio
1769 2254 1809 2287 ad
1821 2254 1989 2298 secundum
2000 2277 2007 2286 .
2030 2255 2177 2286 Absentes

2198 882 2235 915 39

2197 1530 2240 1561 40

2199 2049 2236 2088 41

1188 2303 1304 2328 autem²
1320 2294 1380 2326 sive
1392 2297 1537 2328 vocatiin
1554 2297 1671 2330 casibus
1682 2318 1692 2333 ,
1704 2299 1856 2340 inquibus
1868 2298 1936 2331 sunt
1946 2300 2098 2332 vocandi,
2119 2297 2181 2328 five
2200 2308 2240 2338 42

1187 2347 1251 2368 non
1262 2340 1383 2373 vocati,
1405 2340 1457 2371 ubi
1468 2350 1521 2371 eos
1531 2343 1640 2373 vocari
1650 2352 1714 2374 non
1720 2351 1847 2383 ,oportet
1856 2362 1875 2377 ,¹
1888 2350 2032 2374 tenentur
2040 2341 2114 2372 stare
2123 2342 2177 2372 de-

1187 2380 1370 2417 liberationi
1383 2381 1471 2414 fasta:
1491 2383 1508 2414 a
1527 2384 1646 2426 majori
1661 2395 1751 2426 parte
1767 2384 1960 2426 praesentium
1976 2403 1986 2418 ‚
2008 2382 2177 2415 secundum

1185 2424 1445 2467 gloss-magmliic,
1458 2428 1492 2458 &
1502 2429 1535 2458 in
1544 2427 1763 2469 c.Praesenti'um
1772 2430 1805 2459 in
1814 2438 1878 2459 ver.
1888 2427 2021 2468 Ipsorum
2031 2424 2069 2457 de
2077 2424 2176 2467 testib.

1187 2464 1239 2499 lib.
1250 2472 1279 2499 6.
1291 2467 1399 2509 Itaque
1411 2470 1449 2500 ad
1460 2466 1589 2502 dubium
1604 2472 1727 2501 videtui·
1736 2469 2004 2510 respondendum,
2025 2469 2177 2511 adjectio-

1186 2520 1260 2542 nem
1277 2521 1440 2551 poenarum
1458 2513 1561 2547 valere
1573 2512 1664 2553 quasi,
1680 2513 1983 2547 conventionaliter‚
2004 2512 2175 2545 dtunmodo

1185 2552 1246 2585 sint
1264 2563 1300 2584 ex
1310 2564 1347 2584 eo
1362 2564 1474 2594 genere
1496 2564 1659 2596 poenarum
1669 2575 1678 2589 ,
1699 2565 1771 2596 quaer
1783 2555 1875 2596 padio
1884 2584 1885 2587 ,
1895 2557 2088 2596 privatorum
2105 2565 2175 2597 pro-

1185 2598 1272 2627 mitti
1282 2616 1291 2630 ,
1313 2605 1404 2637 atque
1415 2597 1448 2628 in
1459 2599 1706 2630 conventionem
1724 2599 1963 2640 deduci'possunt
1975 2620 1993 2633 .,

1228 2639 1305 2673 Illud
1316 2649 1421 2672 tamen
1430 2642 1643 2673 omittendum
1654 2651 1717 2673 non
1729 2642 1768 2673 est
1778 2662 1788 2676 ‚
1807 2641 1982 2683 hujusmodi
1994 2651 2100 2682 poenas
2107 2651 2173 2673 non

1184 2681 1303 2714 afficere
1314 2681 1498 2715 Canonicos
1509 2683 1687 2716 successores
1695 2705 1705 2719 ‚
1719 2686 1792 2726 quia
1802 2684 1961 2717 Canonici
1971 2683 2100 2718 statuere
2108 2695 2173 2716 non

1184 2725 1304 2766 possunt
1312 2727 1346 2756 in
1357 2725 1561 2759 successorum
1572 2727 1784 2769 praejudicium
1793 2748 1802 2763 ‚
1812 2737 1845 2759 ut
1854 2737 1961 2760 tenent
1970 2726 2111 2762 Dubic,
2120 2729 2172 2759 ubi

1184 2771 1217 2800 in
1228 2767 1325 2809 specie
1333 2767 1422 2809 Jo.⁴de
1432 2769 1534 2802 Anan.
1545 2781 1593 2802 nu.
1606 2779 1632 2809 5.
1644 2773 1722 2802 dicit
1731 2791 1740 2805 ‚
1752 2781 1803 2812 per
1813 2771 1923 2803 statuta
1931 2768 2173 2803 Canonicorum

1184 2822 1250 2844 non
1259 2811 1339 2852 posse
1349 2812 1458 2844 inferri
1475 2813 1690 2856 praejudicium
1700 2815 1778 2847 reale
1793 2815 1898 2855 quoad
1913 2814 2041 2850 omnes,
2066 2814 2125 2846 nisi
2133 2816 2171 2847 de

1186 2854 1336 2887 consensu
1346 2854 1508 2897 Episcopi.

1227 2897 1289 2929 Die
1303 2907 1349 2938 31.
1360 2898 1442 2939 Maii
1455 2903 1542 2938 1607.
1557 2900 1717 2941 propositor
1732 2900 1894 2937 liocdubio
1909 2901 1944 2937 in
1952 2900 1982 2933 S.
1993 2899 2174 2943 Congrega-

1184 2941 1271 2972 tione
1282 2940 1424 2974 Concilii
1431 2963 1443 2977 ‚
1452 2942 1553 2975 Patres
1564 2945 1754 2978 unanimiter
1763 2943 1947 2980 censuerunt
1955 2964 1966 2980 ‚
1989 2943 2170 2986 Capitulum

1184 2984 1264 3025 posse
1274 2994 1380 3024 poenas
1391 2986 1440 3026 adj
1452 2988 1532 3018 icere
1540 2986 1623 3027 quasi
1637 2986 1941 3023 conventionaliter,
1959 2998 1997 3021 ex
2004 2988 2051 3020 his
2062 2986 2170 3018 videli-

1183 3036 1233 3058 cet
1242 3046 1252 3061 ‚
1272 3036 1339 3067 quae
1350 3027 1441 3069 pac‘to
1450 3031 1642 3070 privatorum
1652 3029 1814 3070 promitti,
1835 3032 1913 3062 acin
1923 3032 2168 3063 conventionem

1183 3071 1294 3101 deduci
1305 3071 1440 3110 possunt,
1462 3071 1657 3113 sufficet-eque
1666 3071 1848 3105 consensum
1859 3073 1985 3114 majoris
1995 3075 2088 3115 partis
2103 3070 2167 3103 Ca-

1185 3112 1295 3153 pituli3
1316 3112 1558 3147 sedCanonicos
1567 3114 1746 3148 successores
1755 3127 1821 3148 non
1836 3116 1918 3150 affici
1928 3116 2100 3157 hujusmodi
2110 3114 2168 3146 sta-

1184 3156 1260 3188 tutis
1268 3175 1279 3191 2
1288 3156 1347 3189 nisi
1357 3158 1394 3189 ab
1403 3157 1554 3200 Episcopo
1563 3157 1679 3192 fuerint
1693 3159 1878 3193 confirmata
1886 3182 1896 3192 .

2028 3490 2127 3533 'Dia

2194 2910 2233 2942 43
