2397 3664
171 393 208 426 93

172 1076 213 1111 37

174 1634 214 1667 99

157 2107 215 2135 ῘΟΕΞ

163 2665 215 2693 101

173 3138 229 3164 102

307 105 377 146 22

237 169 388 210 cap-Ciam
398 165 500 207 longi,
519 160 845 206 63.dist.cap.Nihil,
866 157 952 202 infra*
970 157 1007 188 de
1017 157 1143 192 aab&
1165 166 1221 190 no-

236 222 303 246 tant
315 211 363 243 hic
380 210 420 251 gl.
433 220 458 241 ι.
469 211 501 243 δι
511 218 619 243 omnes
629 230 637 237 .
657 204 833 246 Quomodo
841 210 947 249 autem
957 199 1159 241 agnoscatur,
1180 208 1222 231 an

234 255 429 287 constitutio
439 252 474 287 sit
481 251 633 294 generalis
642 270 652 285 ‚
673 247 806 284 declarat
814 245 854 285 gl·
864 254 898 278 in
906 255 930 276 c.
941 243 984 278 Ut
993 244 1076 276 circa
1084 262 1095 279 ,
1111 252 1144 274 m
1153 252 1219 273 ver.

234 295 379 338 Perpetuo
390 317 401 335 ,
421 295 458 327 de
468 295 548 327 etesi.
559 292 613 325 lib.
623 296 652 324 6.
662 292 695 322 &
713 287 904 333 prosequitur
916 286 999 320 Bald.
1009 287 1043 318 in
1059 285 1080 322 l.
1095 294 1120 329 3.
1131 295 1179 318 nu.
1192 296 1220 317 2.

235 341 310 375 Coa.
319 341 370 375 De
379 337 467 378 legib.
476 339 509 370 &
519 337 611 368 Felin.
624 334 673 370 hic
686 343 715 364 n.
730 338 776 370 15.
1155 371 1160 376 .

275 383 457 419 Declaratur
467 378 559 415 tertio
569 398 578 412 ,
600 385 708 409 utnon
727 374 869 416 procedat
880 373 913 415 in
934 371 1221 406 Constitutionibus

235 427 390 467 abrogatis
401 434 452 465 per
461 420 650 456 contrariam
661 418 778 462 legem,
799 417 846 449 vel
857 415 1117 452 consuetudinem
1133 425 1140 446 z
1163 413 1222 446 illae

236 472 322 501 enim
332 477 396 503 non
407 463 632 498 suntservandae
642 481 652 496 ,
673 468 737 500 cap.
751 470 776 492 1.
789 463 836 491 26.
847 456 916 499 dist·
927 458 1016 493 mult.
1030 461 1078 498 36.
1089 454 1181 497 quast.
1193 467 1220 487 2.

234 511 315 551 gloff.
328 522 353 542 2.
366 510 526 541 Innocenr.
536 507 569 536 in
575 506 672 544 princ.
683 504 762 539 Abb.
772 514 801 537 n.
813 512 839 543 3.
849 500 970 543 ingloſj.
983 512 1010 534 2.
1020 502 1053 533 ὃς
1067 499 1222 532 Doctores

235 553 284 590 liic
294 575 301 589 ,
325 552 391 587 Imo
402 559 489 585 utens
499 547 785 583 Constirtit'ionibus
795 545 810 577 ii
820 546 885 587 lege
899 545 1055 586 abrogatis
1065 543 1177 577 incidit
1189 543 1222 575 in

237 604 359 642 ptr-nam
370 592 431 627 falsi
442 612 452 626 ,
476 601 509 623 ut
519 591 559 624 est
570 600 671 625 textus
681 590 716 623 in
732 591 758 626 §.
768 591 853 622 Hinc
860 590 974 628 igitur,
995 590 1028 619 in
1033 588 1135 626 prima
1144 588 1223 618 Con-

229 638 386 681 stitutione
404 633 478 668 Cod0
489 636 521 666 &
533 643 621 669 notat
630 634 703 675 glos.
713 634 747 665 ὅ(
756 632 836 666 Bart.
848 633 881 665 in
900 629 1059 673 leg-fin.ff.
1071 631 1106 660 de
1115 627 1162 669 fal
1158 628 1224 672 fis,

237 682 356 714 Aretin,
368 681 400 710 in
410 680 436 716 §.
447 680 482 710 ln
487 675 646 718 personam
655 697 665 711 ,
686 678 720 707 ὃς
730 674 936 715 ibietiamjas.
945 685 974 705 n.
989 683 1035 709 19-
1047 670 1178 713 Institut.
1188 670 1224 702 de

237 725 345 757 aflion.
355 721 433 753 Dec.
446 720 494 752 liic
504 723 537 752 in
552 722 653 760 prima
663 719 776 750 lefbura
786 738 795 752 ‚
817 727 896 751 num.
908 726 954 757 37,
967 713 1170 756 Ρτεεῑέῑῳιὲηι
1192 714 1224 744 ἰη

237 766 389 806 aliquibus
397 764 515 799 casibus
526 784 535 799 ,
556 773 634 804 quos
650 762 712 805 post
724 761 808 794 Butr,
817 762 850 792 &
862 760 951 795 Imol.
964 758 1098 791 recenset
1111 757 1159 788 hic
1171 756 1224 788 Fe-

238 810 293 841 lin.
303 820 332 840 η.
348 817 394 845 19.
404 810 437 840 &
455 807 533 839 Dec,
542 805 612 838 diez.
623 817 670 836 nu.
685 814 731 845 37.
743 803 852 846 verfic.
861 805 890 834 E
893 812 906 835 t
920 800 1056 843 procedit
1065 799 1147 832 dista
1157 809 1226 830 con-

238 852 349 895 clusio,
371 849 407 883 &⁰
425 846 732 891 num-ftquentib.An
750 856 855 879 autem
865 845 1059 879 Constitutio
1076 843 1226 874 Ecclesia-

239 896 313 926 stica
323 895 397 935 liget
407 895 444 926 ab
455 895 548 926 initio
557 913 566 927 ,
586 901 755 932 antequam
775 889 790 920 ὲ
802 890 928 922 subditis
937 887 1103 928 recipiatur
1113 905 1123 920 ,
1144 894 1226 917 anne

238 939 364 969 tollatur
375 947 426 978 pei·
435 946 498 967 non
508 934 611 970 usum·,
633 935 736 968 relatis
753 931 828 964 οέὶο
839 930 1081 963 Canonistarum
1101 930 1226 970 opinio-

237 983 348 1017 nibus,
369 980 546 1013 examinavi
558 975 697 1013 latissime
707 978 739 1009 in
749 983 812 1014 cap.
825 984 850 1005 1.
860 973 879 1005 d
890 983 969 1009 num.
984 976 1030 1005 16.
1041 971 1125 1014 ufizue
1134 973 1167 1003 in
1181 969 1226 1013 fi*

238 1034 305 1057 nem
313 1021 398 1066 infra
407 1043 416 1057 ‚
431 1020 474 1053 ‘de
483 1031 588 1061 treuga
599 1040 608 1054 ,
631 1019 668 1051 (ῥ’
674 1028 745 1063 pace
755 1039 762 1047 .

278 1066 461 1101 Declaratur
481 1063 612 1106 quarto,
635 1070 669 1097 ut
687 1061 792 1097 locum
803 1059 911 1095 habeat
928 1060 962 1091 in
982 1056 1227 1091 constitutioni,

239 1111 311 1143 bus,
332 1114 409 1149 quae'
421 1106 602 1148 praecipiunt
611 1126 621 1142 ,
642 1113 696 1136 aut
718 1103 880 1144 prohibent
897 1113 906 1139 3
927 1100 1012 1134 secus
1035 1101 1056 1136 si
1079 1100 1227 1141 simplici-

237 1163 284 1184 ter
294 1150 474 1184 consulant,
495 1149 542 1180 vel
553 1150 775 1183 adhortentur,
795 1147 869 1186 quia
880 1146 927 1180 lex
946 1143 1069 1179 consilii
1078 1144 1227 1185 regulari-

238 1205 284 1226 ter
294 1203 357 1226 non
368 1193 408 1225 est
418 1193 479 1224 obli
483 1193 621 1234 gatoria,
642 1190 722 1223 c-ult.
736 1191 762 1226 §.
775 1188 864 1220 Ouod
869 1190 1042 1229 precipitur
1052 1208 1062 1222 ,
1075 1197 1121 1227 14.
1134 1183 1225 1226 quast,

241 1248 266 1269 1.
279 1240 304 1274 §.
315 1239 384 1268 Haec
394 1235 451 1279 etfi
461 1232 574 1274 legibus
582 1255 592 1269 ,
603 1245 632 1274 4.
642 1221 856 1274 &stimi-{sos-
870 1243 896 1263 2.
905 1232 984 1265 Abb.
996 1232 1028 1263 &
1039 1240 1150 1262 omnes
1160 1229 1228 1264 hic·,

237 1280 295 1312 nisi
313 1279 453 1317 intribus
471 1278 606 1313 ensibusY
628 1276 748 1308 Primus
757 1275 817 1311 est,
838 1274 910 1309 ct'im
930 1274 1001 1316 quis
1018 1272 1178 1306 adstrinxit
1200 1271 1228 1303 se

237 1323 389 1358 consilio,
411 1331 445 1358 ut
466 1323 499 1353 in
510 1320 675 1362 Religiosis
697 1319 873 1353 solemniter
887 1317 1042 1362 profestis,
1063 1313 1176 1348 c-Citm
1185 1313 1227 1346 ad

237 1364 467 1406 monasterium,
489 1363 524 1396 de
535 1362 620 1405 statu
629 1365 849 1396 Monachorum
861 1372 872 1397 ‚-
894 1362 948 1402 qui
958 1369 1064 1393 tamen
1075 1370 1138 1392 non
1149 1358 1228 1392 obli-

238 1418 351 1450 gantur
360 1419 397 1445 ex
415 1406 600 1439 viCanonis
609 1405 817 1444 consulentis,
840 1404 887 1439 sed
906 1414 943 1439 ex
961 1406 994 1439 vi
1011 1404 1099 1437 voti,
1121 1401 1228 1434 secun-

238 1455 315 1489 daim
324 1452 407 1487 Butr.
419 1452 508 1485 Imol,
519 1452 551 1483 ὃς
563 1450 656 1483 Felin.
669 1449 718 1481 bic
730 1471 738 1479 .
759 1448 918 1481 Secundus
929 1447 987 1481 est,
1016 1445 1088 1478 curn
1097 1447 1166 1485 quis
1175 1455 1228 1474 ve-

241 1506 260 1527 n
267 1505 288 1527 it
297 1504 406 1531 contra
415 1495 513 1535 legem
521 1492 642 1529 confilii
653 1502 689 1524 ex
697 1501 822 1528 contem
827 1492 966 1534 ptusquia
975 1489 1145 1523 mortaliter
1155 1497 1228 1527 pec-

240 1548 288 1570 cat
298 1559 307 1572 a
331 1547 364 1575 ut
374 1547 462 1574 notat
472 1538 511 1578 gl.
523 1549 571 1573 un.
583 1538 615 1572 in
624 1547 648 1569 c.
657 1536 738 1583 Qis
752 1544 851 1567 autem
861 1555 871 1569 ,
897 1543 943 1566 10.
956 1531 1088 1574 distin&-
1100 1530 1228 1566 Tertius

240 1582 280 1617 est
289 1602 297 1616 ,
319 1580 394 1617 cum
410 1581 456 1617 lex
465 1580 607 1614 continet
624 1579 787 1611 consilium
798 1578 977 1608 reverentiae
988 1597 998 1610 ,
1019 1587 1043 1607 c.
1054 1572 1111 1608 Ad
1120 1584 1206 1606 aures
1218 1594 1228 1608 ,

238 1627 270 1660 δέ
282 1626 324 1656 ibi
334 1625 373 1666 gl.
385 1627 418 1655 in
428 1625 508 1654 verb.
518 1622 654 1665 Confilio
662 1643 671 1657 ,
682 1620 719 1653 de
727 1630 807 1653 aetat.
817 1619 854 1652 ὠ·
864 1621 972 1658 qualit.
986 1619 1114 1651 Dicitur
1123 1626 1228 1649 autem

239 1667 404 1705 consilium
425 1668 604 1697 reverentiae
613 1686 623 1700 ,
644 1666 771 1706 quando
792 1665 923 1695 materia
933 1663 974 1694 cst
995 1660 1206 1693 neceffitativa
1218 1680 1228 1694 ,

241 1711 290 1745 sed
315 1711 360 1744 lex
368 1711 407 1742 ob
428 1711 636 1746 reverentiam
654 1709 737 1751 ejus,
757 1707 810 1739 cui
832 1707 969 1746 loquitur
980 1726 989 1740 ,
1013 1706 1112 1738 utitur
1126 1704 1229 1736 verbis

237 1753 436 1789 consultivis,
457 1762 522 1787 non
533 1753 725 1793 praeceptivis
735 1771 745 1786 ,
766 1760 800 1781 ut
810 1749 859 1783 hic
871 1749 1028 1780 declarant
1051 1745 1206 1781 Doctores
1217 1765 1227 1781 ,

236 1799 267 1829 &
279 1797 311 1828 in
323 1795 419 1838 specie
429 1795 626 1834 Abb.num.4.
636 1794 730 1828 Felin.
741 1803 820 1825 num.
833 1801 880 1831 23.
892 1790 1078 1831 Exemplum
1086 1790 1164 1820 sumi
1175 1799 1228 1830 po-

235 1839 288 1872 test
299 1849 335 1870 ex
344 1839 474 1872 decretis
485 1836 628 1873 Concilii
636 1836 820 1872 Tridentini
829 1837 863 1867 in
870 1842 932 1877 cap.
947 1841 971 1874 5.
983 1833 1065 1874 verfi
1080 1872 1084 1873 ⁷
1112 1831 1229 1875 aodau-

235 1884 367 1918 xilium,
382 1878 501 1922 Jeffl252
512 1879 548 1912 de
559 1879 700 1918 Regular.
713 1877 791 1913 &in
800 1875 999 1916 e-zo-seff-zs,
1010 1875 1087 1909 dore
1106 1885 1180 1907 orm.
1191 1873 1229 1907 ὠ·

235 1937 275 1957 ex
285 1924 402 1956 decreto
414 1923 450 1956 de
459 1922 655 1963 recipiendis,
685 1919 721 1953 (ῥ’
731 1918 929 1960 observandis
936 1919 1066 1954 decretis
1075 1917 1209 1953 Conci-'lii
1218 1937 1228 1955 2

234 1968 314 2009 verfi
324 1965 463 2008 Superest
473 1977 548 2000 nunc
557 1986 567 2002 ,
579 1974 611 1997 ut
620 1965 780 2004 Principes
795 1974 894 1995 omnes
903 1973 913 2000 ⁰,
933 1964 965 1994 &
975 1971 1012 1995 ex
1020 1960 1106 1996 Bulla
1115 1959 1163 1995 Pii
1171 1960 1226 1992 IV.

234 2009 486 2048 confirmationis
503 2008 644 2043 Concilii
653 2028 663 2045 2
683 2017 750 2049 quae,
763 2006 874 2046 incipit
896 2017 902 2040 ς
924 2002 1103 2039 Βεπειίὲἑῖιιι·
1124 2005 1227 2041 <Deus³

235 2053 316 2094 vers.
327 2052 424 2095 Ipfiim
441 2051 513 2087 ver‘a
522 2050 721 2093 chariffimum
736 2048 841 2092 filium
851 2046 981 2089 nostrum
991 2049 1209 2088 Imperatorem
1220 2069 1226 2075 .

237 2096 396 2133 Caeterum
412 2095 459 2127 liis
469 2095 586 2131 casibus
595 2095 747 2135 obligatio
763 2102 828 2127 non
838 2092 939 2126 oritur
961 2101 997 2126 ex
1006 2090 1136 2125 consilio
1145 2109 1156 2123 ,
1179 2088 1229 2124 sed

236 2151 272 2175 ex
283 2149 392 2176 natura
402 2140 446 2170 rei
457 2150 464 2169 :
477 2148 550 2169 nam
558 2138 651 2171 verba
662 2137 834 2171 hortatoria
844 2134 1088 2175 impropriantur
1096 2152 1106 2167 ,
1127 2142 1227 2172 quan-

235 2186 275 2215 do
286 2182 416 2225 subjecta
427 2181 556 2217 materia
564 2181 605 2218 est
621 2181 658 2216 de
669 2187 835 2220 praecepto,
860 2187 893 2208 ut
903 2177 943 2211 est
959 2185 1033 2208 text.
1045 2175 1079 2208 in
1092 2186 1116 2207 c.
1127 2177 1207 2212 Rogo
1217 2193 1228 2208 a

233 2230 267 2259 ὃς
278 2227 319 2257 ibi
330 2235 418 2257 notat
427 2225 510 2266 gloff.
525 2233 603 2259 1.11.
614 2221 738 2264 quaejst,3.
749 2220 786 2254 <ff
794 2223 828 2256 in
836 2231 860 2255 c.
868 2230 892 2252 1.
904 2221 937 2255 in
948 2216 1031 2252 verb,
1037 2220 1207 2254 Hortamur
1217 2236 1228 2252 2

236 2271 288 2301 ubi
299 2269 391 2310 gloffa
402 2267 549 2308 exponit,
571 2268 602 2298 id
619 2266 681 2301 est,
701 2264 895 2307 praecipimus
906 2283 916 2300 ,
938 2260 1024 2305 infra
1033 2260 1070 2295 de
1089 2257 1228 2301 testibus,

234 2315 268 2344 δέ
281 2311 416 2352 sequitur
426 2312 502 2343 Abb.
512 2313 546 2342 in
556 2318 620 2350 cap.
631 2310 722 2340 Nam
737 2306 1022 2348 concupiscentiam,
1040 2314 1121 2336 num„
1136 2312 1162 2344 3.
1180 2304 1229 2334 in-

230 2354 287 2398 fra
295 2353 349 2386 hoc
357 2357 408 2385 tit.
419 2354 476 2385 Vel
487 2352 569 2385 certe
580 2374 590 2388 ,
599 2362 632 2385 ut
643 2354 685 2384 air
696 2351 741 2383 ibi
751 2351 829 2382 Dec.
840 2358 973 2382 numzt.
983 2348 1078 2380 verba
1089 2347 1229 2381 hortato-

236 2401 280 2429 ria
301 2407 376 2429 tunc
388 2406 453 2428 non
473 2397 718 2438 impropriantur
727 2414 737 2430 ,
758 2396 833 2435 quia
854 2402 919 2424 non
937 2392 978 2424 est
1001 2391 1229 2423 inconveniens

238 2443 373 2481 aliquem
391 2439 506 2471 hortari
517 2441 556 2473 ad
575 2440 649 2472 'illud
659 2459 668 2473 ,
688 2439 773 2478 quod
792 2435 893 2471 facere
914 2443 1054 2467 tenetur,
1076 2444 1100 2464 c.
1112 2435 1229 2464 Perve-

239 2486 285 2515 m‘t
294 2504 303 2518 ³
325 2486 374 2521 84,
385 2480 453 2522 dist·
464 2484 497 2514 &
508 2481 580 2517 ideo
602 2483 751 2515 verbum,
775 2482 855 2518 Rogo
865 2498 874 2513 ‚
897 2480 931 2510 δε
940 2478 1070 2511 verbum
1080 2496 1090 2512 ,
1110 2476 1230 2507 Horta-

238 2537 321 2561 mur,
343 2528 376 2559 in
399 2525 474 2557 locis
486 2525 683 2566 praeallegatis
706 2522 827 2564 proprie
848 2521 1067 2561 intelliguntur
1078 2539 1093 2554 „
1109 2520 1143 2550 &
1165 2528 1230 2550 non

240 2572 392 2601 inducunt
420 2576 623 2611 praeceptum,
644 2566 693 2601 sed
718 2575 770 2609 pei·
780 2564 842 2597 alia
861 2563 929 2606 Jura
939 2562 1071 2595 materia
1086 2559 1231 2605 praecepti

240 2613 295 2643 esse
306 2614 437 2646 dicitur,
460 2620 494 2642 ut
504 2611 548 2642 ibi
564 2619 615 2650 per
626 2618 715 2641 eum,

283 2655 366 2685 Hinc
376 2654 467 2686 Sacra
478 2651 636 2693 Congreg.
648 2650 790 2682 Concilii
800 2647 873 2682 aliis
885 2648 1054 2681 declaravit
1065 2646 1231 2687 Episcopos

244 2698 431 2736 temporibus
441 2696 619 2741 praescript'is
638 2696 671 2726 in
682 2701 745 2735 cap.
761 2703 786 2724 1.
798 2691 879 2732 verfi
892 2690 1023 2731 Eosdem
1041 2691 1167 2725 inierim
1177 2687 1233 2720 ad—

245 2748 365 2773 monet,
381 2739 446 2782 sels.
459 2749 504 2780 23.
516 2740 615 2771 teneri
630 2739 710 2778 apud
720 2736 804 2770 suam
824 2734 1048 2769 Cathedralem
1066 2732 1232 2764 Ecclesiam

244 2783 390 2816 residere,
412 2783 545 2814 necsaris
553 2781 628 2815 esse,
650 2782 726 2812 utin
737 2778 873 2811 Dioecesi
890 2777 1041 2809 resideant
1063 2787 1070 2806 :
1094 2785 1168 2806 nam
1178 2774 1232 2808 etsi

245 2829 405 2858 decretum
415 2824 488 2855 illud
497 2835 599 2858 utatur
610 2825 705 2857 verbo
714 2843 723 2858 ,
744 2820 903 2856 Admonet
915 2841 923 2855 ,
943 2821 1029 2861 quod
1040 2818 1081 2851 est
1092 2817 1232 2855 consilii,

248 2879 312 2900 non
324 2869 464 2908 praecepti
475 2877 484 2903 3
502 2877 605 2901 tamen
615 2865 766 2908 obligatio
778 2864 928 2899 residendi
940 2865 972 2896 in
983 2861 1165 2896 Catlicdrali
1175 2861 1233 2894 Ec-

247 2911 335 2945 clesia
355 2910 448 2950 surgit
458 2919 494 2944 ex
511 2911 705 2951 dispositione
722 2910 924 2949 antiquorum
942 2904 1133 2943 canonum,
1153 2913 1232 2944 quos

248 2955 436 2987 Tridentina
458 2952 595 2993 synodus
605 2954 646 2986 ibi
669 2951 791 2996 penitus
800 2961 864 2982 non
887 2949 1003 2981 sustulit
1014 2969 1024 2983 ,
1047 2947 1095 2982 sed
1110 2945 1234 2982 tantum

249 2998 409 3030 moderata
417 2995 458 3029 est
479 3006 486 3025 :
508 2994 617 3036 nempe
626 3007 662 3029 ex
683 3003 746 3036 cap.
757 2995 901 3030 Placuit,
923 3001 952 3030 7·
969 2989 1061 3032 quaest.
1075 3000 1098 3021 1.
1109 2991 1143 3022 &
1161 2999 1198 3020 ex
1207 3000 1232 3022 c.

251 3039 413 3081 Epistopus
422 3058 432 3073 ν
453 3036 490 3071 de
497 3036 623 3078 consecr.
631 3037 760 3079 distinc‘l.
773 3047 799 3078 3.
811 3047 845 3069 ut
853 3034 954 3076 scripsi
971 3033 1057 3076 plene
1069 3035 1102 3069 in
1111 3044 1136 3065 c.
1147 3032 1234 3078 Qa-

253 3085 325 3115 liter
334 3103 344 3117 ,
363 3081 382 3114 ιὶ
393 3093 422 3113 n.
436 3090 482 3119 27.
493 3079 620 3120 usquein
630 3079 681 3121 fin.
692 3081 778 3125 infra
788 3079 826 3112 de
834 3080 965 3113 Clericis
974 3088 1032 3110 non
1043 3075 1170 3120 refiden·

293 3126 477 3159 Declaratur
496 3122 609 3164 quinto
620 3124 723 3163 regula
744 3125 833 3165 liujus
854 3131 974 3157 textus,
995 3130 1030 3152 ut
1051 3121 1156 3153 locum
1169 3128 1234 3152 non

255 3169 361 3201 habeat
370 3170 405 3209 'in
415 3167 544 3199 Summo
554 3165 704 3200 Pontifice
721 3178 728 3199 :
750 3166 809 3207 ipse
818 3166 907 3202 enim
916 3175 981 3198 non
993 3164 1106 3205 ligatur
1116 3163 1235 3198 statutis

254 3211 444 3246 canonum,
464 3209 536 3243 cum
553 3208 587 3241 sit
600 3208 685 3249 supra
700 3218 792 3243 omne
803 3211 848 3250 jus
868 3209 1039 3242 humanum
1049 3206 1235 3248 positivum,

257 3254 452 3293 c-Proposuit,
460 3252 496 3286 de
504 3249 807 3294 concefflpraeb.§.I-1'is
815 3255 874 3287 ita,
885 3249 1097 3291 25.q.i.ubi.sic
1107 3249 1234 3289 legitur:

257 3296 453 3336 Sacrosancia
475 3299 611 3329 Romana
643 3294 782 3337 Ecclefia
801 3293 846 3331 jus
872 3294 910 3327 Θ
938 3291 1155 3327 authoritatem
1177 3293 1236 3322 Sit-

258 3342 317 3373 cris
338 3337 505 3371 Cawmbus
525 3341 700 3378 impertitur
709 3358 719 3372 ,
733 3337 790 3377 sed
812 3348 869 3369 non
885 3340 927 3368 cis
947 3337 1096 3376 alligatur
1105 3357 1113 3364 .
1135 3330 1236 3370 Habet

257 3384 337 3417 enim
347 3381 391 3419 jus
403 3380 546 3414 condendi
564 3385 701 3414 Canones
711 3401 721 3415 ,
742 3377 840 3419 utpote
849 3389 903 3416 quae
921 3388 1007 3419 caput
1016 3377 1058 3420 est
1067 3399 1078 3414 ,
1101 3376 1235 3410 &cardo

259 3434 388 3458 omnium
406 3425 610 3466 Ecclefiarum
622 3445 631 3459 ,
653 3423 673 3456 ci
689 3422 881 3462 cujusregula
897 3425 1012 3454 nemini
1027 3420 1181 3463 diffenti're
1196 3420 1237 3452 li-

259 3477 303 3504 cet
314 3491 321 3497 -
345 3471 395 3500 ‚isa
412 3477 479 3506 ergo
495 3465 663 3500 Canonibus
685 3465 897 3499 authoritatem
905 3463 1020 3509 praestat
1030 3485 1038 3500 ,
1061 3474 1091 3498 ut
1106 3463 1238 3506 seipfiim

575 79 756 154 Prosp·
773 76 1007 148 Fagnan„
1026 74 1083 132 in
1103 68 1596 132 Primumeibrum
1620 66 1899 127 Decretal.

1262 167 1320 188 non
1340 153 1480 193 subjiciat
1502 155 1545 186 eis
1562 175 1569 182 .
1592 153 1667 187 Haec
1689 154 1733 184 ibi
1754 174 1761 181 .
1793 152 1830 185 Et
1851 152 1943 183 docet
1968 151 2100 186 Sanctus
2129 153 2244 186 Thom.

1261 191 1422 238 quodlib-4.
1431 204 1546 236 art-13·
1555 195 1652 229 Unde
1661 195 1781 230 Bald-in
1791 203 1887 237 capa.
1899 195 1981 226 circa
1983 193 2042 235 fin.
2055 196 2249 238 verfiSecun-

1261 241 1298 273 do
1308 239 1375 281 casii
1383 237 1421 275 de
1429 239 1520 273 alien.
1524 236 1646 283 feudor.
1657 240 1758 274 Deus,
1779 239 1899 279 inquit,
1920 235 2247 278 Papae,&lmperato-

1262 285 1292 317 ri
1300 285 1381 322 leges
1394 279 1543 323 subjecit,
1564 279 1602 317 ὠ·
1621 292 1720 314 eorum
1729 280 1904 325 celsitudini
1922 280 2008 312 nulla
2016 280 2248 322 leximponipo-

1261 324 1318 368 test
1328 336 1336 362 3
1347 325 1461 367 allegat
1468 334 1587 359 textum
1598 325 1630 358 in
1640 324 1777 359 Authen.
1787 323 1824 356 de
1833 323 1953 365 Confial.
1964 323 2001 357 Φ·
2011 325 2045 354 in
2055 323 2077 355 l.
2084 321 2145 365 fin.
2153 327 2190 357 C.
2198 327 2248 357 De

1262 367 1350 410 legib.
1361 368 1400 403 Et
1417 367 1574 411 proptereit
1582 367 1663 408 Papa
1681 367 1860 407 potestatem
1871 367 1960 401 habet
1981 365 2174 406 dispensandi
2192 377 2248 407 pto

1262 413 1332 444 loco
1352 411 1386 444 &
1408 420 1545 451 tempore
1557 413 1589 442 in
1607 410 1755 443 omnibus
1777 409 1895 442 statutis
1906 408 2063 444 Ecclesiae,
2085 418 2118 440 ut
2129 419 2180 450 per
2191 409 2249 441 Di-
2290 429 2293 433 -

1262 465 1335 489 vum
1345 454 1506 486 Thomam
1516 450 1565 487 ubi
1567 452 1662 494 supra
1671 472 1681 486 ‚
1700 450 1780 485 &in
1793 462 1818 485 1·
1828 463 1855 484 2.
1866 451 1958 494 quaest.
1970 456 2020 489 96.
2031 454 2119 485 artic.
2130 461 2157 492 5.
2166 450 2208 484 ad
2221 462 2246 493 3.

1261 498 1358 531 Unde
1367 498 1463 531 etiam
1474 496 1604 537 simplici
1613 495 1771 530 Sacerdoti
1782 495 1981 527 committere
1992 496 2087 537 potest
2098 516 2107 529 ,
2128 505 2162 526 ut
2172 505 2249 526 con-

1262 540 1340 577 ferat
1355 538 1518 573 chrisma,
1540 548 1574 573 ut
1593 538 1808 578 pei-Dostores
1826 539 1859 568 in
1869 545 1934 578 cap.
1955 539 2099 583 Quanto,
2121 538 2206 582 infra
2214 537 2251 569 de

1263 581 1470 625 confitetud·&
1487 582 1527 615 est
1537 581 1706 615 diffinitum
1726 583 1760 613 in
1770 579 1920 613 Concilio
1941 581 1961 613 F
1965 582 2162 614 lorentinoin
2185 581 2250 612 De-

1264 636 1351 661 creto
1360 626 1431 660 fidei
1442 625 1576 665 Eugenii
1586 625 1640 657 lv.
1651 626 1677 662 §.
1687 624 1855 656 Secundum
1870 625 2102 657 Sacramentum
2110 644 2119 659 ,
2140 626 2177 656 de
2186 633 2250 665 quo

1263 670 1396 703 articulo
1406 668 1505 709 scripsi
1519 666 1606 708 plene
1617 669 1649 698 in
1659 674 1722 705 cap.
1735 669 1818 700 unico
1827 686 1837 700 ,
1860 668 1885 703 §.
1896 669 1958 700 Per
1963 666 2083 710 frontis
2093 665 2252 709 chrisma-

1263 715 1395 747 tionem,
1415 711 1502 754 infra
1523 709 1665 745 deSacra
1673 709 1837 745 Unilionffi
1856 710 1890 741 δε
1911 710 2070 750 complura
2080 710 2127 742 his
2136 711 2253 742 similia

1265 757 1297 788 in
1309 754 1464 799 proposito
1474 763 1648 795 congerunt
1657 753 1707 786 hic
1719 753 1814 788 Felin.
1823 760 1956 792 num-23.
1966 754 2077 792 verJ.F
2078 753 2153 785 altit
2163 762 2252 792 quar<

1264 798 1294 830 te
1304 819 1314 833 ,
1336 799 1369 830 ὃς
1390 797 1467 829 Dec.
1488 807 1568 828 num.
1580 805 1628 837 50,
1650 798 1705 837 qui
1725 794 1856 839 amplius
1872 793 2026 829 affirmant
2041 794 2156 835 Papam
2173 795 2252 837 posse

1266 841 1362 877 unico
1372 841 1466 874 verbo
1477 838 1575 873 facere
1597 839 1794 873 Sacerdotem
1803 838 1882 873 ,·vel
1893 837 2097 880 Episcopum,
2119 839 2254 879 allegant

1264 885 1421 926 Angelum
1431 883 1489 915 hoc
1507 884 1665 917 dicentem
1675 884 1712 915 de
1730 881 1895 914 Sacerdote
1905 882 1939 915 in
1959 881 1981 914 l.
1993 883 2062 913 2.in
2070 882 2167 920 princ.
2176 883 2252 913 Cod.

1265 927 1301 963 de
1309 926 1576 969 crimimsacrileg.
1587 927 1620 957 &
1630 927 1669 960 de
1678 924 1870 966 Episcopoin
1880 924 1903 957 l.
1916 933 1941 956 1.
1949 934 2060 956 num-2.
2070 921 2166 965 infin·
2177 923 2252 956 Coa.

1265 970 1301 1004 de
1311 970 1393 1011 sent.
1401 969 1484 1012 parſs
1494 970 1636 1010 exemplo
1646 967 1846 1008 Imperatoris
1856 987 1866 1003 ‚
1885 968 1940 1010 qui
1950 967 2046 1000 unico
2056 967 2150 999 verbo
2159 966 2255 1000 etiam

1288 1015 1463 1047 rocedendo
1471 1032 1482 1047 ,
1503 1014 1536 1045 δέ
1545 1022 1632 1046 extra
1640 1013 1784 1045 ordinem
1795 1011 1915 1052 prolato
1923 1031 1933 1046 ,
1946 1010 2040 1054 potest
2050 1009 2150 1043 facere
2159 1019 2255 1050 quem

1300 1057 1459 1091 ociorem,
1480 1065 1514 1090 ut
1534 1057 1567 1086 in
1577 1054 1731 1098 ptaediciis
1746 1054 1886 1095 Jutibus3
1905 1055 1938 1086 ὃ(
1950 1055 1987 1086 de
2005 1053 2092 1086 servo
2103 1053 2256 1087 liberum,

1267 1109 1301 1132 iit
1319 1100 1352 1132 in
1371 1100 1427 1138 leg.
1440 1096 1536 1139 Apud
1554 1109 1637 1134 eum,
1652 1095 1691 1141 ff.
1710 1096 1747 1132 de
1768 1094 1934 1139 manumiff.
1943 1095 2097 1130 vindit‘la.
2120 1096 2179 1128 Sed
2199 1097 2256 1128 ad-

1265 1152 1351 1174 verte
1361 1163 1371 1177 ,
1391 1143 1533 1183 quiahoc
1544 1141 1665 1176 ditstum
1674 1140 1787 1182 Angcli
1803 1140 1843 1173 est
1853 1149 2019 1172 erroneum
2036 1150 2045 1172 ε
2063 1149 2137 1172 nam
2147 1139 2255 1172 Sacra-

1266 1195 1372 1218 menta
1380 1185 1489 1218 omnia
1499 1206 1508 1220 ,
1530 1187 1561 1217 &
1571 1185 1796 1227 consequenter
1813 1193 1922 1216 eorum
1932 1183 2100 1218 essentialia
2116 1182 2257 1216 instituta

1267 1229 1336 1263 sunt
1346 1228 1527 1262 immediate
1537 1227 1708 1263 ⁸{Christm
1730 1236 1764 1261 ut
1782 1229 1874 1261 docet
1883 1225 2013 1260 Sanitus
2028 1225 2172 1259 Thomas
2182 1225 2215 1257 in
2229 1235 2255 1256 1.

1264 1280 1346 1313 part.
1357 1269 1449 1312 quest.
1459 1275 1511 1303 60.
1519 1281 1579 1303 art.
1593 1280 1619 1312 3.
1631 1273 1669 1304 Θ*
1680 1279 1708 1311 5.
1719 1272 1752 1306 &
1763 1270 1803 1303 est
1814 1270 1906 1303 hodie
1916 1270 2085 1304 diffinitum
2094 1268 2111 1301 a
2120 1268 2258 1300 Triden-

1267 1317 1334 1350 tina
1355 1314 1483 1358 Synodo
1492 1313 1528 1346 de
1548 1315 1806 1348 Sacramentisin
1824 1323 1951 1354 genere,
1963 1310 2033 1355 fiff·
2043 1321 2072 1351 7.
2095 1310 2134 1345 de
2142 1314 2258 1345 Sacra-

1267 1367 1360 1391 ment.
1370 1369 1436 1393 can·
1451 1368 1475 1389 1.
1485 1356 1563 1390 &in
1576 1357 1676 1398 specie
1698 1356 1735 1389 de
1742 1360 1841 1392 Sacra
1861 1354 2068 1391 Ordinatione
2082 1352 2150 1399 seffl
2162 1364 2209 1396 23.
2220 1357 2260 1386 de

1266 1404 1458 1434 Sacrament.
1466 1399 1580 1433 Ordin.
1591 1412 1657 1433 can.
1670 1410 1696 1441 3.
1705 1403 1739 1433 &
1749 1400 1820 1432 ideo
1829 1400 1863 1433 in
1875 1399 2083 1432 Sacramentis
2093 1400 2259 1439 requirun-

1267 1454 1318 1476 tur
1335 1455 1383 1476 res
1403 1446 1437 1477 &
1453 1445 1545 1477 verba
1564 1445 1769 1476 determinata
1783 1453 1819 1474 ex
1836 1442 1899 1483 ipsa
1907 1441 2023 1475 Christi
2044 1442 2260 1475 institutione,

1267 1497 1301 1521 ut
1313 1497 1364 1528 per
1371 1488 1518 1521 eumdem
1528 1486 1733 1518 D-Thomam
1740 1485 1811 1519 dii}-
1822 1484 1914 1528 quaest.
1925 1490 1975 1521 60.
1984 1494 2077 1524 art.7.
2088 1484 2187 1519 Unde
2194 1483 2258 1515 sine

1267 1532 1397 1563 materia
1418 1531 1451 1563 ὃ(
1469 1530 1568 1563 forma
1598 1530 1790 1565 Sacramenti
1812 1530 1938 1563 essentia
1954 1540 2018 1562 non
2028 1529 2205 1570 perficitur,
2226 1535 2261 1559 ut

1268 1574 1411 1607 similiter
1420 1573 1573 1608 diffinitur
1582 1576 1624 1607 inv
1638 1573 1789 1605 Concilio
1797 1573 1977 1606 Florentino
1996 1575 2027 1603 in
2039 1571 2177 1605 Decreto
2184 1569 2258 1602 fidei

1268 1617 1464 1656 Eugeniilv.
1477 1619 1502 1653 §.
1512 1617 1648 1662 Qinto,
1668 1619 1702 1649 ὃς
1720 1618 1752 1647 in
1762 1616 1957 1649 Tridentino
1968 1613 2036 1655 seffi
2052 1624 2098 1654 14.
2110 1621 2174 1654 cap.
2184 1624 2211 1644 2·
2222 1611 2260 1645 de

1267 1657 1405 1702 differen.
1417 1662 1751 1693 Sacramen.Poeniten.
1764 1658 1801 1691 (ἃ
1818 1658 1937 1700 Bapmf
1949 1660 2011 1693 ibi,
2033 1659 2181 1691 Materia
2190 1676 2200 1691 ,
2222 1657 2261 1687 Θ·

1261 1702 1388 1746 forma,
1409 1705 1508 1740 quibus
1525 1705 1720 1735 Sacrizmemi
1736 1701 1857 1742 effentia
1872 1700 2032 1744 perficitur
2043 1723 2050 1731 .
2074 1701 2186 1741 Neque
2203 1698 2262 1730 Ec-

1268 1746 1364 1778 clesiae
1382 1746 1491 1777 relicta
1501 1746 1542 1777 est
1560 1746 1689 1786 potestas
1699 1746 1715 1777 ἐι
1726 1745 1868 1778 Domino
1891 1745 1976 1787 super
1986 1744 2263 1776 Sacramentorum

1269 1789 1452 1823 substantia,
1471 1792 1624 1829 cap.Sant
1641 1788 1762 1827 quidam
1774 1796 1821 1828 25.
1832 1787 1925 1828 quaest.
1942 1797 1966 1819 1.
1977 1788 2010 1820 &
2029 1787 2147 1820 constat
2156 1795 2194 1816 ex
2209 1786 2261 1817 de-

1268 1841 1355 1865 creto
1362 1831 1504 1864 Concilii
1513 1831 1696 1864 Tridentini
1709 1834 1740 1863 in
1752 1840 1846 1871 cap-2.
1856 1829 2066 1874 inprimuseff.
2078 1841 2094 1862 2
2104 1839 2128 1860 i.
2138 1830 2175 1861 de
2184 1838 2264 1859 com-

1268 1885 1348 1906 mun.
1361 1873 1418 1915 sub
1426 1883 1554 1913 utraque
1562 1875 1662 1916 specie
1671 1897 1678 1905 .,
1700 1874 1798 1907 Unde
1809 1874 1889 1905 hanc
1898 1873 2076 1908 doctrinam
2087 1870 2176 1913 plene
2184 1881 2262 1904 con-

1267 1917 1368 1950 futavi
1380 1919 1413 1949 in
1429 1925 1492 1958 cap.
1503 1929 1550 1949 un.
1559 1929 1638 1950 num.
1654 1928 1700 1955 19·
1712 1916 1749 1950 (ῥ’
1759 1922 1810 1955 67.
1821 1921 1859 1949 oie
1867 1920 2066 1951 Sacramenta
2086 1915 2260 1950 Unftionis,

1267 1959 1364 2003 Porro
1378 1960 1517 2002 respedbu
1536 1961 1678 2003 Episcopi
1688 1960 1810 1995 dictum
1834 1961 1948 2001 Angeli
1957 1959 2066 1994 salvari
2086 1957 2182 2001 potest
2191 1967 2261 1990 tan-

1267 2003 1433 2036 tummodo
1442 2005 1477 2037 in
1498 2014 1562 2036 non
1573 2004 1754 2036 consecrato
1762 2026 1770 2034 .
1792 2003 1893 2039 Potest
1902 2005 1988 2035 enim
1997 2002 2078 2044 Papa
2088 2002 2185 2036 unico
2193 2010 2261 2032 ver-

1267 2048 1306 2079 bo
1316 2056 1387 2078 eum
1403 2046 1503 2078 facere
1521 2047 1726 2088 Episcopum,
1747 2048 1778 2082 id
1790 2047 1830 2079 est
1841 2067 1851 2082 ,
1873 2046 2015 2080 conferre
2024 2047 2069 2077 illi
2087 2041 2262 2079 Cathedra-

1268 2090 1328 2123 lem
1340 2089 1519 2124 Ecclesiam,
1530 2099 1564 2122 ut
1575 2091 1716 2131 quotidie
1727 2089 1805 2125 facit
1816 2100 1868 2132 per
1877 2089 2121 2133 propositionem
2131 2090 2164 2120 in
2174 2086 2263 2119 Con-

1267 2131 1401 2165 sistorio-
1425 2131 1484 2163 Sed
1501 2142 1605 2164 tamen
1616 2133 1657 2164 fic
1679 2133 1818 2174 provisus
1826 2142 1899 2165 ante
1918 2132 2186 2164 consecrationem
2197 2141 2262 2161 nori

1268 2175 1383 2207 dicitur
1395 2173 1561 2214 Episcopus
1571 2194 1581 2208 ,
1603 2175 1652 2207 sed
1661 2175 1791 2209 electus,
1816 2184 1851 2205 ut
1861 2182 1950 2208 notat
1959 2175 2038 2208 Abb.
2050 2176 2084 2207 in
2094 2185 2117 2205 c.
2127 2174 2198 2208 Tua
2208 2184 2263 2204 nu-

1263 2225 1318 2259 per
1329 2237 1339 2253 ,
1361 2227 1442 2251 num.
1453 2228 1479 2248 2.
1489 2216 1526 2248 de
1535 2215 1582 2248 his
1591 2236 1601 2250 ,
1622 2226 1680 2254 quae
1696 2216 1776 2258 fiunt
1786 2215 1806 2249 ἁ
1816 2216 1978 2251 Praelatis,
1998 2217 2116 2250 Anton.
2128 2217 2165 2247 de
2176 2215 2260 2247 Butr.

1268 2259 1346 2301 conſs
1360 2269 1406 2295 19.
1420 2261 1512 2303 incip.
1522 2260 1608 2302 Qia
1615 2258 1664 2292 hic
1674 2261 1794 2298 agitur,
1816 2271 1846 2291 n.
1857 2268 1884 2298 3.
1895 2259 1976 2300 vers}
1986 2261 2055 2292 Hac
2063 2261 2143 2292 enim
2152 2257 2244 2291 verbo
2253 2271 2263 2289 .-

1268 2303 1361 2334 habet
1378 2303 1464 2333 enim
1476 2304 1658 2343 potestatem
1677 2301 1972 2344 jurisdiffionalem,
1994 2313 2061 2344 quae
2082 2313 2119 2337 ex
2128 2302 2261 2343 simplici

1269 2344 1468 2386 injunffikione
1478 2343 1616 2379 hominis
1627 2345 1787 2379 confertur
1796 2366 1806 2380 ,
1829 2356 1893 2377 non
1907 2355 2012 2380 autem
2022 2346 2201 2390 potestatem
2210 2345 2264 2377 Sa—

1268 2389 1493 2423 cramentalem
1503 2409 1512 2423 ,
1524 2398 1592 2430 quae
1602 2400 1666 2421 non
1676 2388 1835 2423 confertur
1845 2388 1902 2424 nisi
1914 2399 1966 2430 per
1975 2388 2242 2423 consecrationem
2251 2409 2261 2423 ,

1269 2442 1293 2463 σ.
1306 2429 1530 2473 Transmiffam
1539 2452 1550 2466 ,
1572 2434 1640 2464 &a
1651 2431 1841 2477 Qodficut,
1863 2434 1889 2469 §.
1898 2435 1996 2472 Super
2015 2444 2046 2464 eo
2057 2453 2066 2466 ,
2088 2431 2124 2463 de
2132 2433 2215 2464 eieci.
2224 2433 2259 2464 &

1269 2475 1404 2506 declarat
1412 2473 1442 2507 S.
1450 2474 1591 2507 Thomas
1602 2475 1636 2506 in
1648 2486 1675 2508 2.
1686 2486 1713 2510 ι.
1724 2485 1752 2513 q.
1765 2484 1812 2515 39.
1821 2484 1882 2507 art.
1896 2484 1922 2516 3.
1932 2475 1991 2508 Sed
2000 2474 2139 2517 respedlzu
2157 2475 2264 2507 Sacer-

1269 2519 1353 2550 dotis
1373 2516 1494 2551 diCtum
1503 2517 1617 2559 Angeli
1633 2520 1670 2549 de
1683 2517 1806 2552 Petusio
1823 2518 1909 2550 nullo
1918 2520 2013 2553 modo
2030 2519 2138 2554 salvari
2149 2519 2263 2561 potest.

1269 2559 1498 2602 Ignoscendum
1508 2561 1549 2592 est
1570 2570 1677 2595 tamen
1686 2560 1811 2602 Legistae
1819 2581 1830 2597 ,
1850 2564 1925 2603 quia
1935 2564 1969 2596 in
1977 2561 2037 2594 hoc
2048 2562 2181 2598 articulo
2191 2561 2263 2603 lapsi

1271 2602 1340 2637 sunt
1350 2606 1445 2637 etiam
1454 2605 1613 2645 graviores
1628 2603 1805 2637 Canonistae
1819 2625 1829 2640 2
1848 2615 1984 2646 quorum
2005 2605 2171 2647 opiniones
2180 2615 2265 2636 retu-

1271 2647 1291 2678 li
1304 2648 1337 2680 in
1347 2646 1377 2678 d.
1390 2657 1414 2678 c.
1423 2649 1508 2694 arrico
1520 2645 1557 2678 de
1570 2647 1663 2687 sacra
1674 2647 1819 2681 Uniiione
1828 2670 1835 2678 .
1858 2647 2018 2680 Caetcrt'im
2035 2650 2119 2690 quod
2129 2650 2262 2689 pertinet

1271 2691 1308 2722 ad
1318 2689 1396 2725 banc
1404 2698 1550 2733 quint-m
1562 2691 1804 2726 declarationem
1814 2711 1823 2726 ,
1841 2693 1890 2724 dic
1900 2693 1994 2723 etiam
2002 2692 2168 2724 Summum
2181 2690 2263 2723 Pon-

1270 2732 1388 2766 tificem
1408 2733 1631 2774 comprehendi
1655 2733 1707 2767 sub
1716 2735 1820 2776 regula
1842 2734 1932 2776 liujus
1949 2744 2051 2767 textus
2060 2755 2070 2768 ,
2092 2734 2260 2766 secundum

1270 2776 1355 2816 quod
1368 2777 1396 2808 ei
1407 2777 1711 2817 proportionabiliter
1720 2780 1871 2810 convenit
1888 2789 1895 2808 :
1914 2779 1946 2809 ὃ(
1958 2779 2002 2811 ita
2010 2788 2074 2810 non
2081 2779 2186 2818 quoad
2196 2779 2262 2808 vim

1271 2817 1450 2851 coastivam
1459 2839 1468 2853 ,
1490 2819 1564 2850 cum
1575 2830 1669 2853 nemo
1677 2822 1750 2861 cogi
1763 2819 1849 2861 poffit
1858 2820 1875 2853 ἐι
1884 2819 1979 2864 scipso
1988 2841 1998 2855 ,
2020 2821 2068 2852 vel
2079 2822 2094 2851 ἐι
2106 2822 2169 2862 pari
2180 2831 2188 2856 ·,
2211 2820 2260 2852 sed

1272 2861 1348 2909 bene
1365 2864 1468 2903 quoad
1479 2864 1545 2895 vim
1559 2863 1764 2898 diredkivam‚
1784 2863 1859 2904 quia
1880 2864 1975 2905 potest
1985 2865 2055 2905 quis
2073 2864 2190 2905 dirigi,
2214 2864 2259 2894 vel

1270 2905 1401 2944 obligari
1411 2907 1506 2939 etiam
1516 2906 1532 2936 ii
1542 2904 1655 2949 seipso,
1676 2915 1709 2937 ut
1721 2905 1780 2938 late
1789 2906 1891 2938 ostens
1890 2917 1942 2939 um
1952 2907 1992 2940 est
2008 2906 2022 2937 s
2020 2906 2092 2947 uprli
2102 2916 2150 2938 na.
2164 2915 2211 2945 57.
2223 2904 2261 2938 Θ

1271 2946 1401 2995 [ειη-,δίη
1413 2947 1488 2980 cum
1499 2947 1645 2988 Princeps
1669 2948 1846 2989 subjiciatur
1857 2950 1991 2985 rationi,
2014 2953 2205 2993 consequens
2222 2949 2261 2982 est

1273 2999 1306 3023 ut
1329 2992 1506 3032 subjiciatur
1524 2992 1558 3022 ὃς
1580 2991 1657 3032 legi,
1677 2993 1752 3033 quia
1774 2992 1820 3023 lex
1840 2993 1881 3024 cst
1901 3003 1995 3025 omne
2005 3013 2015 3027 ,
2033 2994 2117 3034 quod
2139 2995 2262 3027 ratione

1272 3032 1408 3065 consistit
1418 3053 1428 3067 2
1448 3044 1472 3066 c.
1484 3033 1688 3075 Confiietudo,
1716 3045 1741 3066 1.
1752 3033 1820 3076 dist.
1831 3035 1928 3068 Unde
1937 3036 2054 3068 Seneca
2070 3037 2103 3072 in
2115 3035 2211 3076 Epist.
2221 3035 2263 3066 ad

1273 3077 1425 3110 Lucillum
1435 3096 1445 3110 ,
1466 3077 1578 3109 relatus
1589 3077 1604 3107 ii
1614 3078 1654 3119 gl.
1665 3080 1697 3109 in
1707 3089 1730 3109 c.
1741 3079 1795 3110 Ex
1805 3089 1836 3109 eo
1845 3099 1855 3113 ,
1876 3081 1908 3110 in
1919 3090 1984 3111 ver.
1996 3080 2097 3123 Qum
2107 3081 2236 3110 rationis
2251 3099 2260 3113 ,

1273 3120 1309 3170 de
1318 3119 1401 3169 eleusi.
1411 3117 1495 3169 lib.65
1507 3119 1540 3152 Si
1549 3123 1594 3153 vis
1604 3141 1614 3155 ‚
1636 3121 1759 3162 inquit,
1779 3124 1888 3154 omnia
1898 3124 1956 3155 tibi
1967 3122 2112 3165 subiicere
2122 3143 2131 3158 ,
2153 3132 2182 3153 te
2195 3123 2260 3154 lub-

1275 3173 1362 3205 μαι-ις
1379 3172 1495 3197 rationi
1506 3185 1513 3195 .

1318 3205 1500 3255 Declaratur
1511 3205 1594 3239 sexto
1605 3207 1786 3248 principalis
1796 3210 1901 3248 regula
1913 3209 2003 3251 hujus
2011 3219 2107 3243 tex-ut
2118 3218 2181 3241 non
2192 3219 2261 3250 pto-

1274 3249 1363 3281 cedat
1373 3250 1593 3296 inlinndelibus
1604 3270 1614 3287 ,
1636 3249 1802 3282 secundum
1813 3251 1899 3284 Host-
1908 3253 1941 3284 &
1953 3253 2030 3285 alios
2039 3253 2089 3286 liic
2098 3275 2106 3283 .
2128 3253 2186 3288 Sed
2199 3253 2263 3282 liaec

1275 3292 1443 3341 declaratio
1464 3301 1529 3325 non
1550 3293 1591 3339 est
1612 3303 1684 3325 vera
1697 3313 1706 3327 ‚
1727 3294 1802 3334 quia
1823 3294 1855 3326 in
1879 3298 2009 3328 materia
2026 3298 2070 3329 eis
2093 3294 2261 3335 adaptabili

1275 3344 1371 3366 ctiam
1390 3335 1528 3369 infideles
1548 3336 1751 3376 subjiciuntur
1768 3336 2056 3373 Constitutionibus
2072 3338 2262 3372 Canonum,

1277 3387 1310 3408 ut
1321 3387 1400 3418 patet
1412 3387 1448 3408 ex
1458 3378 1552 3413 <liciis
1562 3378 1648 3420 supra
1657 3378 1676 3410 a'
1689 3390 1718 3412 η.
1726 3384 1775 3420 64.
1785 3379 1871 3421 usque
1886 3381 1926 3414 ad
1935 3394 1964 3414 n.
1976 3392 2025 3423 93.

1295 3465 1298 3469 ἵ
1322 3419 1504 3452 Declaratur
1521 3420 1651 3461 septimo
1662 3442 1671 3456 ,
1694 3432 1726 3454 ut
1746 3433 1809 3456 non
1822 3427 1963 3465 procedat
1983 3429 2014 3457 in
2026 3425 2094 3458 foro
2101 3422 2262 3455 conscien-

1279 3473 1326 3495 tiae
1338 3483 1346 3499 a
1368 3473 1399 3496 nt
1412 3465 1532 3498 videtur
1543 3474 1645 3499 tenere
1657 3467 1732 3500 Abi).
1746 3468 1777 3502 in
1796 3479 1819 3500 c·
1834 3478 1915 3503 μην.
1931 3466 2262 3518 19.4c›·estit.in1nte-

2114 3519 2219 3552 grum.

2279 804 2335 835 103

2281 976 2339 1008 104

2287 1491 2341 1523 105

2286 1960 2342 1991 106

2289 2959 2344 2988 107
