2397 3664
731 29 735 32 ’
772 22 857 78 De
878 17 1075 83 Paetis
1111 18 1310 77 &Cum
1325 20 1548 93 pridem.

1992 20 2103 92 '⁶45

137 113 205 147 sunt
218 113 389 147 flanoniaca
397 114 473 156 quia
483 115 639 157 prohibita
648 139 658 152 ,
678 126 746 158 qux
764 116 882 148 scilicet
896 125 948 156 pet
958 113 1121 148 Constitu·
1162 125 1214 144 m.i
1226 136 1234 148 ,
1245 126 1273 144 η.
1286 126 1306 154 l·
1318 123 1349 144 α
1361 125 1396 145 et
1408 112 1641 144 recentioribus
1653 111 1827 151 Tlieologis
1837 110 2032 147 Sot.!ib.9.de
2048 112 2111 151 just.
2123 113 2160 144 Ψ

135 157 258 189 tionem
270 157 410 190 Ecclesia:
433 158 599 191 simoniam
619 160 795 191 inducunt:
815 161 892 192 &in
903 159 949 190 lus
968 159 1051 199 l’apae
1071 167 1122 188 au-

138 197 423 246 Qoritasexcusat.
443 202 517 243 quia
527 202 791 242 potestintalibus
809 201 998 243 dispensare.
1022 200 1057 231 ln
1077 200 1123 230 liis

139 241 340 282 distisglolsae
353 243 506 284 implicite
522 245 730 277 continentur
750 247 837 285 plura
855 246 970 277 dubia.
993 243 1028 275 Et
1048 243 1126 283 quia

138 286 272 332 materia
282 287 459 327 gravissima
469 289 509 319 cll
521 310 530 323 ‚
549 288 581 319 δι
593 289 681 319 valde
699 292 716 320 a
730 287 921 320 Ductoribus
940 296 1125 319 controver-

140 333 170 360 la
180 350 190 363 .
208 340 277 361 eam
289 330 451 368 expediam
461 341 513 369 per
522 330 684 370 sequentes
695 331 878 371 qua-stiones
889 354 896 362 .

169 371 285 421 ‘Prima
294 371 334 404 est
346 395 356 409 ,
375 383 415 404 an
434 372 596 405 distin-§tio
606 374 708 415 glolsx
720 373 755 407 sit
764 375 797 407 in
808 375 836 406 se
856 384 929 406 vera
938 396 948 410 ‚
968 374 1001 405 &
1013 382 1127 404 conve·

142 424 232 446 mens
244 437 251 444 .

1164 165 1381 195 pur.q.5.art.2.
1394 158 1447 188 ubi
1459 155 1590 188 affirmat
1601 156 1833 187 diilnietionem
1846 156 1886 193 gl.
1899 157 1932 185 in
1945 154 2001 185 da.
2020 156 2072 185 Ex
2084 164 2154 195 par-

1165 209 1205 235 te,
1217 200 1387 231 solemnem
1398 200 1455 231 elle
1469 198 1650 230 doctoribus
1661 197 1821 230 Can'onici
1833 199 1912 238 Juris
1926 220 1936 233 ‚
1946 197 2024 238 quin
2041 196 2114 229 vero
2126 199 2160 230 ὅ(

1166 243 1273 274 multis
1284 241 1469 281 Tlieologis,
1479 244 1511 274 ὅιῑ
1521 243 1655 280 (iteratis
1670 239 2155 281 vilent.e.3.disp.6.q.impunft.

1170 294 1195 323 5.
1215 286 1323 318 dicens
1334 289 1475 317 eamdem
1486 283 1721 317 distinctionem
1743 284 1956 316 communiter
1967 286 1984 313 a
2007 283 2156 316 Ductori-

1167 330 1222 360 bus
1232 329 1313 369 Juris
1322 351 1331 363 ‚
1344 330 1376 360 δέ
1386 327 1568 366 Tlieologia:
1580 337 1734 367 receptam
1751 327 1847 359 fuisse.
1863 327 2046 365 Allegantur
2058 327 2156 358 etiam

1168 382 1222 411 pro
1233 372 1287 403 liac
1300 371 1457 402 sententia
1467 371 1483 401 .“ι
1495 369 1692 402 'furit-crem.
1705 370 1824 411 ubisiip.
1839 371 1926 401 Alex.
1938 373 1976 401 tle
1990 371 2061 400 Ales
2070 368 2157 408 inse-

1168 414 1345 475 wandaleni.
1363 414 1469 445 l‘etrus
1480 416 1517 444 dt·
1530 413 1732 445 Tliaicutalia
1750 425 1781 443 ιη
1793 424 1822 453 4.
1846 413 1977 444 Ulricus
1995 411 2156 451 insumma

183 456 328 489 Secunda
337 457 397 493 est,
410 470 450 490 an
460 459 601 499 accipere
613 461 779 500 pecuniam
789 471 845 501 pto
854 459 1026 492 collatione
1038 460 1128 490 bene-
1164 457 1220 497 sua
1233 467 1242 492 ;
1255 457 1264 487 1
1277 467 1360 488 etrus
1371 459 1407 488 dt·
1422 456 1533 488 Palutle
1545 460 1577 487 iu
1589 468 1617 496 4.
1628 468 1706 497 quos
1719 455 1848 487 affirmat
1862 456 1888 487 se
1901 456 2007 487 vidisse
2021 466 2030 490 ,¹
2043 456 2159 486 subdit-

141 499 206 530 ficii
219 500 253 531 sit
265 500 458 539 prohibitum
469 502 545 542 quia
556 502 762 536 simoniacum
774 526 783 540 ,
795 514 834 535 an
845 503 862 535 ὲ
874 501 1026 534 converso
1035 524 1042 532 .

172 541 296 590 ⁸Tertia
312 554 352 575 an
363 543 398 575 sit
419 545 560 585 possibile
570 556 602 577 ιιι
615 545 884 587 Papainvolvatur
893 546 1029 578 crimine
1043 544 1131 576 simo-

146 595 204 617 nix
215 608 223 616 .

182 626 309 675 Qiarta
317 639 357 660 au
370 628 449 670 Papa
459 631 640 672 recipiendo
651 643 782 665 :intutas
791 632 824 664 in
834 631 1059 664 beneficiorum
1069 631 1132 661 col-

136 671 311 718 lationibus
324 671 531 706 simoniacum
541 675 724 707 committat
737 699 744 706 .

158 756 165 761 θ
182 712 308 754 Qunta
321 737 330 750 ‚
351 717 383 746 δε
396 717 507 749 ultima
519 728 558 749 :in
571 719 684 750 dantes
696 719 861 758 pecuniam
874 718 958 759 Papa:
969 727 1026 758 pto
1037 717 1134 748 colla-

142 766 230 789 tione
244 758 390 790 beneficii
401 759 458 791 sint
471 760 655 792 simoniaci.

100 811 117 832 2
180 799 360 842 QUAERO
381 802 479 843 igitur
490 803 591 843 primo
605 805 690 846 juxta
703 805 848 837 ordinem
863 804 1071 844 propositum,
1092 812 1132 833 an

139 842 312 892 suprad-insta
321 845 642 883 distinekiowidelicet
653 858 695 887 qu
702 851 794 880 edam
808 848 877 879 sunt
889 847 1047 888 prohibita
1056 845 1133 886 quia

141 891 314 920 simoniaca
323 910 334 925 ‚
353 892 494 928 quaedam
516 889 686 922 simoniaca
704 891 779 931 quia
803 891 960 930 prohibita
972 912 982 926 ‚
1006 889 1041 921 fit
1064 888 1133 920 inse

144 940 234 978 vera,
256 933 288 962 &
299 931 391 963 sacris
413 931 546 973 Regulis
556 955 566 970 ,
589 935 622 966 &
641 933 820 966 Canonicis
841 932 1133 966 constitutionibus

146 977 359 1008 conlentanea
372 998 380 1006 .

186 1015 294 1049 Petrus
306 1018 469 1050 Brixiensis
480 1021 512 1049 in
522 1028 630 1059 repert.
642 1022 674 1051 in
686 1032 750 1051 ver.
760 1021 918 1055 simonia,
941 1019 1034 1050 refert
1047 1019 1075 1049 se
1086 1017 1131 1048 vi-

144 1059 220 1107 disse
231 1061 408 1102 hujusmodi
418 1061 652 1094 distintstionem
674 1063 843 1103 improbari
863 1061 1059 1102 &Theologis
1081 1060 1136 1093 Pa-

147 1102 325 1135 tlfienslbus
336 1126 346 1140 ‚
373 1115 505 1145 eamque
524 1109 607 1146 quod
635 1106 804 1138 secundum
823 1106 998 1137 membrum
1029 1108 1045 1135 d
1054 1104 1135 1135 istin-

147 1145 281 1178 ἃίοιιίςῑ
305 1146 414 1186 (Nam
422 1150 461 1179 de
471 1148 572 1188 primo
581 1159 646 1180 non
657 1149 698 1180 est
718 1149 849 1181 dubium
863 1149 872 1187 )
894 1148 1007 1180 refellit
1019 1147 1133 1179 Thom.

145 1188 297 1230 Campeg.
309 1192 341 1220 in
351 1191 442 1222 erati.
458 1193 509 1222 An
521 1194 608 1232 Papa
620 1191 718 1223 labem
727 1194 868 1224 Simoniae
877 1194 1026 1223 incurrere
1036 1190 1136 1233 posfit‚

145 1243 225 1263 num.
241 1243 268 1264 2.
287 1243 356 1266 tom.
375 1242 421 1272 15.
443 1235 647 1266 Traffatuum
659 1258 668 1271 ‚
688 1244 768 1275 part.
781 1235 909 1277 a.fol.53
920 1244 944 1266 t.
960 1235 1012 1266 ubi
1025 1235 1068 1266 ait
1081 1233 1136 1264 fibi

146 1285 214 1307 non
225 1276 345 1315 placere
356 1277 532 1316 praeditstam
541 1278 776 1310 distinctionem
785 1279 961 1319 gloffittoris
971 1278 1133 1318 quamplu-

148 1328 196 1350 res
207 1320 275 1359 plus
285 1320 379 1351 nimis
391 1319 542 1357 faventes,
554 1332 592 1353 ne
603 1321 707 1352 dicam
722 1323 882 1353 adulantes
893 1320 1042 1352 Romano
1054 1320 1135 1350 l’on-

145 1361 226 1394 tifici
236 1383 246 1398 ,
257 1361 427 1404 sequuntur
438 1387 446 1395 .
458 1362 494 1396 Et
503 1364 592 1397 illam
601 1364 716 1396 acriter
729 1364 890 1404 impugnat
901 1361 1134 1401 Durantl.lib.4.

143 1404 278 1445 sentent.
288 1404 423 1446 distinet.
436 1416 485 1445 ις.
496 1404 594 1445 quaesl.
607 1416 632 1444 ς.
655 1408 773 1439 nullam
794 1407 962 1438 admittens
975 1405 1138 1438 simoniam

149 1457 263 1481 contra
274 1450 322 1491 jus
334 1449 417 1482 mere
428 1449 595 1490 positivum
607 1449 811 1490 infrascriptis
820 1450 1034 1481 fundamentis
1045 1472 1052 1480 .

108 1500 130 1530 4
191 1490 228 1523 Et
240 1492 340 1532 primo
350 1514 359 1523 .
380 1490 479 1525 Circa
490 1493 565 1525 illud
578 1516 587 1529 ‚
606 1496 690 1534 quod
703 1504 768 1524 non
778 1493 863 1525 estin
875 1493 902 1524 se
923 1494 1040 1524 malum
1050 1514 1060 1527 ,
1082 1491 1140 1523 nisi

153 1535 227 1575 quia
237 1535 430 1576 prohibitum
441 1558 450 1572 ‚
473 1546 538 1568 non
549 1536 709 1576 contingit
720 1537 843 1576 peccari
862 1536 918 1567 nisi
930 1546 1059 1576 peccato
1072 1535 1140 1566 sim-

152 1578 243 1619 plicis
253 1578 487 1615 inobedientiae,
495 1579 570 1620 quia
583 1580 615 1611 in
626 1580 741 1611 talibus
752 1589 821 1613 tota
830 1580 913 1611 ratio
923 1579 1042 1618 peccati
1052 1578 1093 1610 est
1104 1587 1140 1609 ex

152 1621 392 1662 transgressione
403 1623 727 1663 prol1lbitionis.Ergo
737 1624 823 1655 nulla
832 1623 902 1654 sunt
914 1622 1083 1655 simoniaca
1094 1622 1142 1652 ni-

154 1663 175 1695 si
187 1675 222 1696 ex
245 1664 290 1696 sui
303 1675 414 1696 natura
425 1665 484 1696 sint
503 1665 581 1697 talia
592 1688 602 1701 ,
633 1666 707 1706 quia
717 1677 751 1697 ex
763 1666 978 1704 prohibitione
992 1666 1063 1707 juris
1077 1674 1141 1695 non

156 1708 278 1748 possunt
289 1707 347 1739 eise
358 1730 368 1744 ‚
388 1708 445 1739 nisi
457 1708 490 1739 in
502 1708 565 1740 sola
578 1709 796 1740 inobedientia
807 1733 814 1740 .

112 1758 129 1790 5
195 1751 341 1784 Secundo
354 1751 484 1794 simonia
494 1752 535 1783 est
547 1753 688 1783 venditio
698 1754 741 1783 rei
762 1752 939 1792 Spiritualis
960 1762 1014 1792 pro
1025 1761 1143 1791 tempo-

155 1794 234 1830 rali3
255 1793 303 1825 sed
314 1794 488 1833 prohibitio
500 1795 576 1835 juris
597 1805 724 1826 naturas
733 1805 835 1826 rerum
849 1806 912 1826 non
924 1805 1024 1826 mutat
1041 1817 1050 1830 ,
1063 1805 1094 1825 ut
1106 1797 1143 1826 de

156 1838 320 1877 temporali
333 1836 408 1868 facit
420 1837 590 1877 spirituali,
603 1848 655 1870 aut
667 1838 683 1869 ὲ
695 1838 856 1869 converso.
870 1838 949 1875 Ergo
962 1837 1013 1868 ubi
1026 1848 1090 1868 non
1100 1837 1142 1868 est

158 1879 291 1912 simonia
301 1891 337 1911 ex
350 1890 461 1911 natura
473 1880 526 1916 rei,
537 1891 601 1912 non
613 1881 709 1920 p0test
719 1882 776 1912 else
787 1892 822 1912 e<
835 1881 1045 1922 prohibitione
1059 1880 1143 1922 juris.

118 1927 137 1955 6
203 1922 317 1954 Tertio
330 1923 357 1953 id
369 1923 477 1963 probat
489 1924 648 1964 exemplo:
668 1935 740 1956 nam
751 1927 914 1956 comedere
927 1925 1040 1964 pluries
1052 1925 1084 1955 in
1095 1923 1144 1955 die

157 1976 225 1998 non
234 1966 274 1997 eit
286 1976 321 1997 ex
333 1966 360 1998 se
372 1966 521 1997 illicitum
533 1989 542 2002 ,
558 1967 605 1998 sed
619 1967 742 1999 tantum
753 1978 789 1998 ex
799 1967 1013 2007 prohibitione
1027 1967 1101 2007 juris
1113 1966 1146 1997 in

158 2008 267 2040 diebus
277 2009 478 2050 jejuniorum:
489 2009 536 2041 sed
547 2011 602 2050 qui
613 2020 688 2041 tunc
700 2011 838 2042 comedit
850 2010 964 2051 pluries
977 2010 1010 2041 in
1019 2010 1069 2041 die
1082 2019 1146 2040 non

155 2062 266 2093 peccat
278 2052 334 2083 nili
347 2062 477 2092 peccata
487 2053 714 2084 inobedientia:
727 2076 735 2084 .
759 2053 858 2091 Ergo,
869 2056 931 2085 &c.

205 2094 351 2137 Qiarto3
365 2095 507 2128 [imiliter
518 2096 646 2127 mentiri
658 2096 763 2138 jocose
776 2096 817 2128 est
828 2106 992 2137 peccatum
1005 2096 1145 2127 veniale:

162 2138 184 2170 st
194 2149 299 2170 autem
310 2139 434 2170 additur
455 2149 639 2179 praeceptum
662 2139 798 2171 Prrelatis
821 2151 859 2171 ne
878 2139 950 2180 quis
973 2139 1149 2170 mentiatur

159 2181 269 2225 jocose
279 2204 288 2217 ,
310 2190 386 2213 tunc
406 2182 589 2214 mentiendo
609 2193 673 2213 non
683 2185 807 2214 additur
826 2183 995 2214 mendacio
1018 2181 1147 2221 simplici

160 2224 216 2257 nisi
225 2235 389 2264 peccatum
402 2224 493 2256 solius
513 2225 752 2261 inobedientiae,
775 2229 807 2257 ὀί
819 2225 857 2256 sic
881 2225 966 2257 estin
981 2226 1127 2256 omuibus
1139 2247 1149 2258 ,

163 2268 242 2309 quia
251 2267 424 2308 probibitio
435 2268 570 2300 hominis
581 2289 591 2305 ,
611 2270 658 2301 vel
677 2269 754 2311 jutis
773 2279 836 2300 non
857 2268 943 2300 addit
963 2268 1024 2299 nisi
1040 2268 1149 2300 inobe-

161 2310 290 2343 dientiae
301 2321 465 2350 peccatum
476 2334 484 2343 .

204 2352 264 2385 Sed
282 2354 329 2385 liis
342 2364 406 2384 non
417 2354 609 2386 obstantibus
622 2365 688 2386 non
700 2356 822 2386 videtur
833 2356 1040 2386 recedendum
1054 2353 1070 2384 ἓι
1079 2363 1149 2393 pro-

162 2395 260 2437 posita
270 2396 470 2428 distinetione
481 2397 583 2437 glolsoe
594 2397 742 2429 Bernardi
754 2398 803 2429 hic
814 2421 824 2433 ,
847 2407 941 2436 quam
949 2398 1045 2428 etiam
1057 2396 1148 2437 ponit

163 2438 261 2479 glolsa
271 2439 458 2475 vincentii,
475 2450 546 2481 quae
556 2440 596 2471 est
607 2442 703 2472 clavis
716 2441 749 2472 in
760 2441 891 2473 materia
900 2463 909 2477 ,
929 2443 962 2471 &
981 2437 1124 2481 quotidie
1136 2438 1153 2469 a

164 2480 357 2512 Doc‘soribus
369 2482 522 2521 allegatur
543 2485 576 2514 in
586 2492 652 2523 cap.
675 2485 728 2515 Ex
740 2493 842 2524 parte,
863 2485 890 2515 il
906 2486 1001 2523 primo
1012 2505 1021 2518 ,
1043 2485 1075 2513 in
1086 2493 1152 2513 ver.

167 2527 337 2558 Dimittere
347 2547 357 2560 ,
366 2523 463 2564 supra
475 2524 594 2565 deoffic.
606 2524 697 2563 deleg.
719 2527 798 2557 Item
809 2527 905 2567 glolsa
914 2526 1043 2566 joannis
1051 2525 1155 2556 Theu-

164 2568 266 2600 tonici
277 2570 310 2599 in
319 2577 384 2606 cap.
394 2568 563 2603 Salvator,
585 2569 617 2598 in
631 2569 840 2610 ver.Judici0‚
868 2568 987 2607 tamesi.
1000 2579 1027 2609 3.
1039 2570 1070 2600 &
1082 2578 1155 2599 eam

164 2612 335 2652 sequuntur
347 2610 504 2652 Raymun.
516 2612 547 2641 δέ
559 2609 697 2642 Goffred.
708 2613 740 2642 in
751 2610 963 2650 Summissuis
974 2635 981 2642 .
1004 2612 1113 2642 innoc.
1122 2613 1155 2641 in

165 2663 233 2695 cap.
246 2654 317 2686 Tua
328 2664 398 2689 nos,
420 2655 453 2684 in
465 2664 526 2684 ver.
536 2654 710 2692 Culpabiles
719 2676 729 2689 ,
748 2652 833 2693 infr-i
843 2654 879 2684 de
893 2657 1008 2685 Simon.
1021 2653 1154 2685 Henric.

167 2697 309 2729 Boich.in
319 2706 383 2736 cap.
392 2706 416 2728 1.
427 2699 459 2727 in
468 2697 620 2737 princ.Ne
631 2698 718 2728 Prael.
730 2699 810 2728 vices
816 2696 890 2736 suas
900 2719 909 2732 ‚
933 2697 987 2737 qui
998 2707 1155 2737 perperam

168 2741 207 2772 ab
218 2740 373 2781 aliquibus
384 2740 537 2777 allegatur
546 2750 602 2779 pro
612 2741 773 2771 contraria
785 2739 941 2771 sententia
952 2752 957 2757 ·
968 2745 1045 2770 'nam
1056 2739 1110 2770 etsi
1123 2739 1155 2769 in

167 2783 341 2823 oppositum
351 2783 463 2814 recitet
477 2784 570 2814 verba
586 2781 754 2815 &Thomas
767 2793 779 2817 ,·
801 2792 907 2814 tamen
929 2782 1031 2822 postea
1053 2782 1154 2813 subdit

170 2828 248 2858 lianc
259 2825 492 2857 distinctionem
501 2826 580 2865 porse
591 2825 731 2857 sustineri
751 2826 866 2866 dejure
877 2848 886 2856 .
907 2823 970 2857 Cui
983 2826 1078 2856 etiam
1106 2826 1157 2856 ad-

171 2870 287 2902 haerent
297 2871 330 2900 in
339 2867 471 2910 cap.fin.
489 2868 524 2899 de
534 2871 648 2900 Simon.
669 2868 848 2900 Hostum.
859 2878 888 2904 9.
907 2867 994 2908 Joan.
1007 2868 1104 2898 Andr.
1124 2869 1156 2898 in

173 2911 254 2952 gloss.
265 2912 318 2943 ult.
335 2923 413 2943 num.
423 2921 451 2950 7.
472 2914 505 2944 ὃς
518 2911 569 2943 alii
584 2912 796 2942 communiter
806 2933 816 2947 ,
826 2911 872 2951 Jo.
884 2912 922 2942 de
932 2911 1035 2942 Anan.
1047 2913 1079 2941 in
1090 2919 1155 2949 rap.

180 2965 207 2986 1.
217 2965 281 2992 n.7.
299 2953 377 2995 vers.
390 2956 433 2986 Et
443 2954 491 2986 hic
501 2954 678 2986 concordant
689 2956 838 2994 opiniones
848 2976 858 2990 ‚
873 2952 935 2984 eod.
945 2956 997 2984 tit.
1010 2953 1106 2984 Felin.
1124 2955 1157 2983 in

174 3006 240 3037 cap.
253 2997 308 3029 Ad
319 2996 517 3029 audientiam
529 3020 538 3033 ,
547 2998 570 3029 il
574 2995 716 3037 secondo,
732 3007 811 3028 num.
826 3006 853 3036 3.
864 2995 945 3035 versi
959 2995 1046 3040 Quod
1055 3006 1156 3026 autem

177 3039 259 3072 dista
267 3043 421 3072 conventio
431 3063 440 3077 ,
462 3039 498 3071 de
506 3040 595 3081 refer.
611 3041 760 3071 Alexand.
770 3038 899 3079 cons.93.
910 3041 1063 3080 Repetitus
1073 3060 1082 3074 ‚
1091 3048 1154 3076 n.7.

175 3081 326 3122 verfiNec
337 3081 528 3123 obstantiae
542 3084 594 3115 ubi
609 3085 767 3115 Addentes
776 3085 808 3113 in
819 3083 1034 3123 ver.Ecclestae‚
1045 3082 1157 3112 dicunt

176 3125 223 3156 ita
233 3135 339 3157 tenere
349 3125 535 3159 Canonistas
544 3137 652 3158 omnes
662 3148 672 3160 ‚
686 3126 757 3157 licet
769 3125 926 3165 excipiant
937 3125 1036 3156 Henr.
1050 3124 1156 3155 Boich.

175 3169 208 3200 δι
218 3178 284 3199 non
295 3169 372 3200 bene
385 3191 395 3205 ,
404 3172 435 3201 &
451 3170 563 3201 Abb.in
573 3172 691 3209 repetit.
706 3180 741 3200 ca
743 3179 771 3209 p.
779 3171 805 3200 E
807 3168 989 3208 xtirpandae,
1002 3172 1027 3204 §-
1034 3168 1096 3210 Qui
1108 3178 1158 3197 ve-

176 3212 208 3241 ro
220 3233 230 3246 ,
249 3219 316 3248 nu.5
325 3220 351 3251 3.
362 3210 522 3251 deprehen.
536 3210 612 3245 &in
621 3212 721 3252 φωρ.
735 3214 789 3242 Ex
799 3220 884 3252 parte
898 3219 1008 3249 num.5.
1027 3210 1080 3240 ubi
1093 3221 1157 3240 non

177 3254 332 3293 improbat
352 3254 586 3287 distinctionem
609 3255 702 3295 ipsam
712 3277 721 3291 ‚
744 3255 790 3286 sed
812 3254 986 3293 exemplum
997 3253 1031 3284 in
1044 3253 1156 3284 beneri-

178 3296 310 3328 cialibus
319 3317 330 3333 ‚
341 3306 374 3328 ut
386 3296 516 3329 inferius
527 3299 643 3338 patebit
653 3322 661 3329 .
685 3297 832 3338 Sequitur
842 3296 1040 3327 Turrecrem.
1050 3298 1083 3326 in
1092 3305 1158 3335 cap.

176 3341 319 3373 Latorem
331 3360 341 3374 ,
360 3350 389 3370 n.
404 3348 429 3378 5.
451 3342 483 3371 ὅ(
495 3341 539 3372 ibi
550 3341 646 3372 etiam
660 3340 811 3380 Praeposit.
823 3351 870 3370 nu.
886 3349 936 3370 η.
946 3339 1025 3378 vers.
1036 3341 1068 3369 in
1076 3347 1159 3378 oppo-

169 3382 276 3427 stcum,
289 3395 300 3417 1
309 3392 346 3418 .q.
354 3391 379 3413 1.
390 3382 444 3413 ubi
455 3382 606 3415 testantur
616 3385 660 3415 ita
670 3383 856 3421 distinguere
866 3382 1077 3413 communiter
1087 3381 1161 3412 scri-

179 3427 286 3459 bentes
297 3424 330 3455 in
345 3426 407 3457 'ure
416 3424 589 3458 canonico
596 3448 606 3462 ‚
623 3428 655 3458 &
666 3425 845 3458 famosiores
854 3447 865 3462 ‚
877 3425 988 3457 Silv.in
997 3427 1161 3456 ver.Simo·

260 3470 320 3502 Pro
334 3477 362 3509 p.
373 3470 401 3500 F
402 3479 511 3508 agnan.
521 3470 554 3500 in
564 3471 590 3500 l.
603 3467 673 3502 Lib.
684 3469 843 3501 Decreta!-

1169 510 1229 540 que
1240 499 1327 531 valde
1339 503 1452 531 durum
1461 500 1518 531 else
1533 500 1602 530 illos
1614 522 1622 535 ‚
1642 503 1674 531 ὄι
1685 500 1763 531 alios
1773 522 1783 535 ,
1802 510 1880 540 quos
1892 499 1971 530 citat
1982 520 1991 534 ,
2004 499 2047 530 ita
2058 498 2162 530 facili-

1170 554 1217 574 tct
1227 546 1376 574 damnare
1387 565 1396 578 ,
1413 552 1486 573 cum
1499 544 1591 573 inulti
1602 553 1711 574 eorum
1722 542 1837 573 fuerint
1858 553 1921 573 tam
1940 541 2050 583 injure
2065 540 2156 572 Divi-

1172 597 1214 617 no
1226 609 1234 621 ‚
1254 586 1348 626 quiam
1357 585 1528 618 Canonico
1539 585 1791 617 illiuuinzitillimi
1805 609 1812 616 .

1215 630 1252 660 Et
1262 629 1500 669 quitlcmquoad
1513 629 1647 667 primum
1658 629 1831 659 membrum
1853 629 1913 659 haec
1936 626 2094 658 distinctio
2114 627 2156 660 est
2178 635 2197 663 7

1173 671 1437 712 inanifess.1‚qtria
1447 681 1568 702 certum
1579 671 1618 702 cll
1633 675 1763 702 vendere
1776 671 1930 710 gratiam,
1943 673 2156 707 Sacramenta,

1173 718 1205 746 &L
1217 716 1277 746 alia
1290 716 1319 746 id
1331 726 1428 753 genus
1441 714 1511 745 inse
1524 714 1796 745 limoniacumelse
1811 737 1820 749 ,
1842 717 1873 744 ὅ(
1888 714 2080 752 prohibitum
2094 714 2161 754 jure

1173 758 1298 794 divino,
1322 762 1354 789 ἅ
1365 758 1501 788 naturali
1513 780 1520 787 .
1544 756 1590 788 De
1605 760 1670 798 jure
1680 757 1813 793 divino,
1835 756 2025 788 authoritate
2037 757 2158 788 scilicet

1174 802 1262 838 novi,
1274 803 1306 833 &
1317 801 1429 832 veteris
1440 799 1644 835 Testamenti,
1655 799 2160 840 patetMatth.10.ul›ienumera-

1175 844 1214 879 tis
1224 845 1316 876 donis
1327 843 1609 883 supernaturalibus
1622 843 1753 882 Spiritus
1764 842 1876 879 sancti,
1888 842 1986 873 subdit
1999 842 2159 873 Christus:

1175 889 1285 919 Gratis
1295 884 1445 926 accepistis
1460 909 1470 922 ,
1488 889 1587 924 gratis
1596 884 1669 916 date
1678 908 1686 918 .
1699 885 1735 916 Et
1747 886 1891 926 Joanna.
1902 885 1936 916 in
1950 885 2082 923 figuram
2091 888 2158 925 ejus

1175 931 1299 971 flagello
1309 930 1401 971 eiecit
1413 931 1450 960 de
1460 928 1593 969 Templo
1603 939 1753 964 ementes,
1763 933 1792 960 δε
1806 932 1974 960 vendentes
1985 929 2158 959 columbas.

1176 974 1212 1005 Et
1226 985 1275 1014 pet
1286 972 1622 1012 Columl›as,Spiritum
1634 971 1782 1008 landrum,
1793 972 1918 1012 eiusque
1926 973 2010 1002 dona
2021 970 2162 1010 designa-

1176 1017 1231 1052 vit,
1242 1027 1331 1057 prout
1344 1017 1422 1046 hanc
1436 1016 1660 1046 authoritatem
1673 1015 1918 1055 interpretantur
1931 1014 2105 1045 Alexander
2118 1013 2157 1044 11.

1175 1062 1206 1091 in
1217 1070 1284 1100 cap.
1299 1061 1350 1091 Ex
1362 1059 1465 1090 multis
1482 1056 1631 1099 ¹·‘15‘2st-3·
1645 1060 1676 1089 &c
1688 1058 1819 1098 Gregot.
1831 1060 1862 1088 in
1872 1056 1964 1097 c.seq.
1977 1060 2008 1087 Sc
2020 1055 2160 1088 Nazian-

1176 1114 1271 1135 zenus
1282 1101 1558 1144 incapristudet
1570 1123 1579 1137 ,
1596 1100 1713 1141 maest.
1728 1112 1751 1133 1.
1765 1101 1849 1133 idem
1861 1111 1943 1139 patet
1962 1100 2096 1130 Afranii.
2109 1099 2162 1131 ubi

1175 1147 1350 1177 tleSimone
1366 1145 1461 1184 Mago
1473 1167 1482 1179 ‚
1500 1145 1553 1175 cui
1564 1144 1622 1175 suit
1638 1144 1772 1175 limonie
1794 1143 1900 1175 autstor
1914 1144 1945 1174 in
1959 1153 2043 1174 novo
2052 1141 2159 1174 Testa-
2179 1145 2200 1175 8

1176 1200 1284 1221 mento
1295 1214 1302 1220 .
1323 1187 1407 1220 Cum
1416 1188 1501 1220 enim
1513 1188 1644 1227 Spiritus
1659 1188 1753 1218 lancti
1773 1187 1907 1226 gratiam
1925 1196 2026 1218 emere
2039 1186 2131 1217 vellet
2143 1207 2153 1221 ,

1175 1232 1389 1264 damnationis
1406 1232 1568 1262 sententiat
1583 1241 1599 1260 a
1621 1230 1711 1261 Petro
1731 1230 1870 1261 audivit:
1897 1231 2022 1259 flet-uma
2042 1238 2094 1259 tua
2114 1237 2156 1259 te-

1176 1286 1240 1308 cum
1261 1284 1287 1307 it
1304 1278 1336 1305 in
1346 1275 1530 1315 perditione,
1552 1276 1621 1311 quia
1641 1273 1746 1304 domm
1760 1275 1820 1304 Dei
1841 1269 2023 1311 existimasti
2039 1273 2164 1312 pecunia

1176 1317 1318 1360 posideri
1331 1329 1338 1349 z
1359 1328 1414 1348 non
1423 1316 1463 1358 est
1474 1316 1530 1348 tibi
1543 1325 1614 1356 pars
1624 1339 1633 1351 ,
1652 1326 1740 1353 neque
1750 1315 1812 1353 fors
1827 1318 1858 1346 in
1864 1314 1999 1355 sermone
2008 1313 2062 1355 isto
2072 1337 2079 1344 .
2100 1317 2161 1346 Cor

1178 1371 1347 1393 enimtuum
1355 1372 1410 1391 non
1422 1358 1462 1401 est
1480 1360 1590 1391 rebium
1603 1370 1702 1391 coram
1724 1360 1804 1390 Deo.
1826 1360 2043 1391 Paenitentiam
2062 1359 2164 1395 itaque

1176 1417 1230 1444 age
1241 1403 1279 1436 ab
1289 1404 1344 1435 hac
1352 1405 1485 1442 nequitia
1497 1412 1548 1433 tua
1565 1415 1570 1433 :
1593 1400 1629 1434 ὠ·
1639 1413 1709 1439 roga
1724 1404 1820 1433 Deum
1831 1423 1840 1436 ‚
1856 1401 1886 1442 fi
1892 1399 1972 1441 forte
1983 1403 2160 1431 remittatur

1178 1450 1233 1481 filu
1247 1448 1301 1479 laaec
1311 1449 1453 1486 cogitatio
1463 1445 1560 1477 cordis
1572 1447 1615 1476 cui
1629 1467 1636 1475 .
1650 1445 1685 1476 ln
1696 1444 1764 1484 felle
1774 1447 1852 1475 enim
1863 1442 2083 1474 amaritudinis
2096 1465 2105 1478 ,
2127 1442 2164 1474 &-

1178 1491 1358 1530 obligatione
1366 1491 1542 1528 iniquitatis
1554 1488 1640 1520 video
1650 1497 1678 1519 te
1688 1487 1742 1529 effe
1752 1511 1760 1518 .
1773 1487 1906 1528 idipsum
1917 1496 2000 1526 patet
2011 1485 2155 1525 4.Reg.5.

1179 1535 1232 1567 ubi
1244 1537 1280 1565 de
1291 1533 1452 1574 Giezi‚qui
1463 1532 1603 1563 vendidit
1617 1529 1762 1562 Naaman
1773 1530 1852 1572 Syro
1862 1529 1996 1569 gratiam
2007 1529 2159 1563 sanitatis,

1179 1578 1312 1618 &hujus
1323 1577 1393 1608 vitii
1406 1575 1513 1608 aristot
1524 1574 1583 1606 fuit
1597 1574 1628 1606 in
1641 1574 1707 1614 lege
1718 1573 1836 1610 veteri,
1854 1581 1945 1613 prom
1968 1575 2005 1604 de
2027 1581 2162 1613 utroque

1180 1623 1311 1653 habetur
1322 1623 1354 1651 in
1364 1631 1387 1652 c.
1401 1617 1568 1661 Quistudet
1579 1640 1588 1654 ,
1613 1627 1701 1655 ΗΜ.

1225 1664 1272 1695 De
1284 1664 1349 1703 jure
1359 1662 1495 1694 naturali
1508 1661 1648 1692 similiter
1659 1670 1743 1701 patet
1754 1682 1762 1696 ,
1781 1659 1855 1701 quia
1866 1661 1996 1692 vendere
2009 1659 2141 1700 gratiam
2153 1680 2165 1695 ‚
2183 1668 2203 1696 9

1180 1709 1213 1739 δε
1231 1710 1314 1738 dona
1334 1705 1578 1746 supermturalia
1598 1703 1730 1745 Spiritus
1750 1703 1847 1735 sanciti
1867 1702 2050 1734 naturaliter
2068 1703 2161 1733 habet

1181 1750 1330 1791 plurimas
1342 1748 1613 1782 inordinationes,
1634 1750 1666 1778 &
1685 1745 1901 1778 deformitates
1914 1745 2160 1785 inseparabiliter

1182 1802 1404 1828 annexasnum
1413 1803 1449 1823 ex
1461 1800 1545 1832 parte
1558 1790 1631 1826 Dei,
1640 1790 1691 1822 cui
1704 1800 1792 1821 atrox
1805 1789 1920 1832 injuria
1930 1788 2073 1825 infertur,
2083 1798 2115 1819 ut
2131 1789 2164 1820 in

1181 1838 1271 1869 c.Eos
1286 1833 1404 1874 taust.
1414 1845 1437 1866 ι.
1451 1834 1630 1865 ubidicitur
1644 1845 1650 1864 :
1675 1831 1878 1864 Tolerabilior
1887 1831 1927 1872 est
1937 1834 2036 1872 impia
2049 1831 2164 1873 heresis

1183 1878 1386 1914 sldiicedoniss
1407 1876 1444 1910 (ῥ’
1458 1877 1648 1917 sequacium,
1671 1877 1758 1914 quam
1782 1877 1925 1917 fimom'a.
1946 1875 2001 1906 Illi
2011 1878 2091 1905 enim
2103 1875 2171 1916 ser-

1183 1934 1254 1954 vum
1270 1924 1332 1954 Dei
1344 1924 1451 1954 Patris
1467 1944 1476 1957 ,
1492 1921 1528 1952 (θ’
1539 1921 1617 1951 Filii
1627 1922 1778 1960 Spiritum
1790 1919 1927 1959 santium
1946 1916 1998 1958 effe
2009 1916 2167 1949 delirando

1178 1964 1316 2008 fatentur
1328 1976 1333 1995 :
1343 1966 1505 2007 fimom'aci'
1515 1975 1586 1995 vero
1594 1962 1727 1994 eumdem
1738 1964 1887 2002 Spiritum
1892 1959 2030 2001 santium
2041 1961 2172 2001 efficiunt

1179 2008 1215 2049 sis
1223 2007 1417 2048 umscrvum:
1441 2018 1508 2038 tum
1519 2017 1553 2038 ex
1566 2016 1651 2047 parte
1662 2006 1724 2041 rei,
1751 2016 1817 2046 quat
1830 2004 1977 2036 venditur
1989 2025 1999 2040 ,
2018 2013 2084 2044 qua:
2097 2002 2171 2034 cum

1186 2051 1280 2091 longe
1297 2052 1331 2082 sit
1343 2051 1546 2082 excellentior
1567 2049 1656 2080 omni
1669 2049 1769 2087 pretio
1787 2047 1972 2087 temporali,
1993 2055 2059 2086 cap.
2072 2048 2172 2082 lilia,

1186 2093 1222 2126 (Τ
1233 2103 1297 2135 cap.
1308 2095 1408 2126 Soli-'tie
1418 2116 1428 2129 ,
1440 2096 1476 2124 ae
1485 2091 1633 2130 majora&
1643 2090 1773 2123 obedien.
1787 2090 1894 2131 inique*-
1906 2090 2022 2122 emitur
2034 2111 2042 2123 ,
2054 2092 2084 2120 &⁷
2097 2099 2172 2120 ven-

1186 2139 1290 2169 ditur.
1322 2137 1358 2168 Et
1377 2136 1449 2167 huic
1472 2135 1626 2176 praecipuo
1647 2134 1855 2165 fundamento
1877 2133 1998 2164 innitur
2017 2131 2172 2163 sententia

1186 2179 1400 2212 damnationis
1413 2178 1550 2210 Simonis
1562 2201 1572 2214 ,
1594 2177 1668 2218 quia
1680 2176 1866 2208 existimavit
1877 2179 1993 2207 donum
2005 2175 2065 2206 Dei
2077 2185 2170 2215 pecu-

1187 2225 1242 2255 nia
1252 2223 1414 2264 possideri,
1438 2233 1471 2252 ur
1483 2232 1534 2262 per
1544 2220 1742 2252 Turrecrem.
1762 2222 1795 2251 in
1805 2228 1871 2259 cap.
1892 2218 2071 2262 Presbyter,
2095 2227 2173 2247 num.

1192 2277 1240 2306 13.
1251 2277 1261 2297 ῐ
1272 2290 1280 2298 .
1291 2264 1383 2305 quest.
1397 2275 1423 2296 1.
1435 2264 1511 2305 Qua
1521 2264 1643 2295 ratione
1656 2264 1756 2295 uritur
1766 2262 1932 2293 Hormisda
1953 2260 2032 2300 Papa
2044 2261 2075 2291 in
2086 2259 2174 2300 Epist.
2200 2271 2241 2302 ιᾳ

1188 2309 1229 2341 ad
1244 2308 1405 2349 Episcopus
1416 2307 1595 2347 Hispania,-
1618 2317 1685 2338 tum
1703 2305 1841 2346 denique
1853 2315 1889 2335 ex
1910 2313 1994 2344 parte
2013 2304 2098 2344 ejus,
2118 2303 2172 2342 qui

1190 2353 1297 2384 vendit
1310 2374 1320 2388 ‚
1342 2352 1478 2392 quicum
1491 2360 1556 2381 non
1568 2350 1601 2380 sit
1623 2349 1767 2380 dominus
1787 2348 1831 2378 rei
1850 2347 2014 2387 spiritualis
2026 2368 2035 2381 ,
2057 2346 2105 2376 sed
2124 2346 2174 2376 di-

1190 2395 1344 2431 spensator
1354 2417 1363 2430 ‚
1374 2404 1407 2425 ut
1423 2404 1448 2425 1.
1463 2396 1499 2424 ad
1510 2391 1660 2424 Corinth.
1671 2402 1700 2431 4.
1713 2402 1736 2422 c.
1749 2392 1988 2424 fraternitatem
1999 2411 2008 2424 ,
2027 2387 2063 2419 de
2071 2388 2173 2420 donat.

1189 2432 1256 2479 cap.
1269 2436 1411 2468 Videntes
1426 2447 1472 2467 12.
1483 2434 1575 2476 quest.
1592 2445 1619 2465 1.
1637 2444 1702 2465 non
1714 2433 1809 2474 potest
1823 2434 1907 2464 illam
1921 2430 2010 2463 licite
2023 2433 2153 2462 vendere
2164 2453 2176 2466 ,

1191 2490 1222 2512 ut
1231 2482 1325 2513 l.1.C.
1337 2479 1372 2510 de
1383 2478 1504 2519 usucap.
1513 2487 1563 2517 pro
1573 2486 1660 2517 emyt.
1681 2475 1771 2517 Quas
1790 2475 2005 2507 deformitates
2017 2496 2026 2510 ,
2047 2476 2078 2504 δε
2100 2474 2175 2505 alias

1191 2525 1366 2565 complures
1378 2531 1499 2561 ponunt
1511 2520 1669 2559 Theologi
1688 2531 1720 2551 m
1730 2530 1759 2559 4.
1774 2517 1903 2559 distinet.
1916 2529 1931 2548 ι
1941 2527 1966 2562 ς’.
1986 2517 2015 2548 S.
2033 2516 2173 2548 Thomas

1190 2571 1225 2599 in
1238 2578 1296 2598 2.2.
1308 2564 1399 2606 quest.
1416 2575 1482 2596 100.
1493 2572 1556 2594 art.
1574 2573 1598 2594 1.
1613 2562 1680 2594 Sot.
1691 2561 1743 2594 lib.
1755 2572 1784 2598 9.
1803 2561 1840 2592 de
1850 2560 1914 2601 just.
1934 2566 1970 2592 (5⁶
1981 2569 2061 2597 jure,
2081 2569 2126 2596 qu.
2140 2563 2171 2590 6.

1191 2619 1251 2641 art.
1269 2620 1293 2641 1.
1314 2611 1392 2641 &ex
1403 2606 1584 2639 Canonistis
1596 2606 1721 2637 Archid.
1733 2608 1764 2635 in
1781 2613 1846 2644 cap.
1865 2604 1963 2635 ultim.
1988 2613 2013 2633 ι.
2034 2601 2126 2642 quest.
2137 2611 2166 2639 7.

1192 2654 1231 2685 Et
1243 2654 1275 2684 in
1285 2652 1343 2682 hoc
1355 2651 1456 2691 primo
1467 2651 1608 2681 membro
1626 2648 1821 2680 conveniunt
1832 2646 1932 2688 gloffae
1953 2646 2153 2686 praeallegatoe
2165 2666 2175 2680 ,

1192 2698 1225 2728 &
1246 2693 1438 2727 unanimiter
1458 2691 1611 2724 Dod‘totes
1636 2691 1700 2723 tam
1720 2690 1896 2731 Theologi‚
1915 2689 2008 2730 quam
2029 2687 2173 2719 Canoni-

1194 2739 1240 2770 staz
1256 2761 1263 2769 .
1633 2761 1637 2766 .

1235 2781 1413 2813 Secundum
1435 2777 1508 2810 verb
1534 2776 1742 2809 distinctionis
1771 2776 1946 2807 membrum
1964 2797 1974 2811 ‚
2003 2774 2077 2806 idest
2097 2784 2178 2814 qua:-
2204 2778 2238 2805 il

1194 2827 1265 2855 dam
1294 2823 1351 2854 else
1376 2821 1548 2853 simoniaca
1572 2821 1648 2860 quia
1667 2819 1844 2860 prohibita,
1866 2820 1978 2858 pendet
1999 2828 2035 2849 ex
2054 2819 2173 2848 duabus

1198 2865 1458 2906 inspecTtionibus.
1489 2863 1590 2895 Prima
1607 2863 1648 2894 est
1670 2874 1710 2894 an
1729 2861 1864 2893 Ecclesia
1895 2861 2032 2901 poruerit
2068 2870 2103 2891 ex
2126 2859 2177 2890 sua

1195 2908 1408 2950 prohibitione
1430 2906 1566 2938 simoniae
1587 2905 1702 2937 vitium
1722 2905 1870 2936 inducere
1891 2905 1924 2935 in
1953 2904 2021 2938 liis,
2051 2913 2121 2948 qure
2138 2911 2174 2948 ex

1194 2952 1239 2983 sui
1252 2960 1366 2983 natura
1376 2961 1441 2981 non
1452 2950 1521 2981 sunt
1542 2949 1728 2979 simoniaca.
1749 2947 1893 2979 Secunda
1905 2946 1963 2981 est,
1990 2947 2036 2976 An
2061 2956 2092 2976 re
2114 2950 2176 2984 ipla

1200 2996 1232 3026 in
1252 2995 1360 3034 aliquo
1380 2992 1451 3024 casu
1470 2991 1657 3024 constituere
1680 3001 1714 3022 ut
1742 2990 1947 3029 simoniacum
1968 2990 2059 3023 ell‘et,
2088 2988 2173 3027 quod

1204 3037 1289 3078 prius
1299 3047 1364 3068 non
1376 3046 1441 3067 erat
1454 3058 1462 3065 .

1237 3080 1354 3121 Qioad
1376 3079 1507 3118 primam
1528 3076 1748 3117 inspefflonem
1760 3076 1927 3107 dicendum
1950 3073 1991 3105 est
2014 3072 2181 3119 Ecclesiam

1196 3123 1325 3164 potniu'e
1338 3122 1487 3152 inducere
1498 3120 1557 3150 ho:
1568 3120 1682 3151 vitium
1707 3119 1803 3150 etiam
1824 3118 1857 3149 in
1868 3118 1933 3153 liis,
1953 3126 2062 3162 quaeex
2076 3117 2118 3146 lui
2132 3127 2182 3146 ua—

1196 3176 1266 3197 rura
1278 3175 1344 3195 non
1354 3164 1422 3195 sunt
1435 3162 1650 3199 simoniaca,&
1662 3163 1706 3193 ita
1716 3160 1835 3193 efficere
1845 3160 1962 3200 aliquid
1976 3159 2180 3189 simoniacum
2229 3168 2231 3171 ’

1195 3208 1272 3249 quia
1283 3206 1475 3247 prohibitum
1486 3228 1494 3237 .
1514 3204 1612 3245 Qtod
1625 3205 1697 3236 satis
1708 3205 1855 3245 probatur
1869 3201 2009 3241 exemplo
2021 3211 2028 3236 ·,
2041 3211 2112 3232 nam
2124 3202 2186 3231 cla·
2210 3210 2243 3231 ιι

1197 3261 1265 3282 rum
1275 3250 1316 3281 est
1326 3259 1362 3280 ex
1372 3248 1611 3281 Constitutione
1624 3247 1759 3287 Ecclesie
1770 3245 1851 3287 posse
1861 3255 1946 3276 nunc
1958 3244 2115 3284 prohiberi
2127 3244 2179 3274 ali-

1196 3303 1288 3334 quem
1302 3294 1431 3332 gradum
1452 3289 1755 3331 consanguinitatis,
1776 3289 1821 3319 vel
1847 3287 2029 3323 affinitatis,
2049 3287 2103 3327 qui
2126 3297 2182 3317 an-

1198 3347 1249 3367 tea
1260 3346 1324 3366 non
1338 3335 1372 3366 sit
1391 3334 1564 3374 prohibitus
1576 3355 1585 3369 ‚
1604 3333 1706 3364 Clem.
1729 3333 1789 3362 Eos
1799 3353 1808 3366 ‚
1828 3332 1864 3361 de
1874 3329 2009 3369 consang.
2022 3330 2058 3361 &⁸
2068 3330 2178 3370 affinit.

1199 3379 1271 3410 Hoc
1299 3388 1403 3411 autem
1438 3380 1512 3408 dato
1533 3376 1552 3406 si
1583 3376 1654 3416 quis
1684 3376 1882 3414 copularetur
1902 3372 2070 3404 carnaliter
2107 3382 2179 3403 cum

1200 3420 1432 3462 consanguinea
1452 3420 1486 3451 in
1505 3421 1600 3459 gradu
1622 3417 1745 3449 noviter
1765 3416 1944 3490 P¹'‡?¹¹s³‘⁰“'³’
1974 3415 2180 3456 proculdubio

1796 3476 1815 3490 o
1892 3468 1906 3498 3
2076 3466 2140 3488 non
