2397 3664
0 2594 6 2677 l

0 2678 7 2747 l

10 2625 11 2629 ’
56 2630 118 2661 304

690 80 789 140 De
824 77 1057 138 Constit.
1091 95 1141 138 c.
1173 75 1274 136 Ne
1308 77 1573 137 innitaris:

131 171 188 205 stat
196 180 233 204 ex
241 169 342 202 verbis
351 168 439 202 Scoti
447 166 582 210 superius
588 166 676 198 relati
686 177 736 197 για.
745 175 790 197 to.
801 163 839 197 (θ’
849 176 865 196 2
873 172 918 204 15.
929 164 988 196 Sed
998 163 1112 195 nihilo-

130 214 236 247 minus
244 212 428 255 respondent
437 210 582 244 nonnulli
590 230 601 245 ,
608 219 642 240 ut
651 208 764 240 Sanch.
775 209 809 239 in
818 208 926 240 Decal.
935 216 976 239 to.
991 216 1002 238 1
1009 228 1017 237 .
1027 203 1079 238 lib.
1087 214 1111 237 1.

130 269 157 290 c.
167 267 197 295 9.
206 267 286 289 nuno.
297 265 343 297 33.
353 254 536 295 &Vasquez
545 255 578 284 in
591 261 618 283 1.
630 262 658 282 2.
668 250 745 291 disp.
757 261 805 288 29.
814 249 906 291 quaest.
917 259 967 291 43.
976 249 1035 281 hoc
1048 259 1116 280 non

129 300 188 332 esse
197 299 363 332 absurdum
372 319 382 334 ,
404 308 462 329 nec
470 299 542 328 inde
552 295 648 326 ullam
666 294 903 325 irreverentiam
912 293 1114 324 Sacramento

130 343 270 375 exhiberi
279 365 286 373 .
311 342 415 374 Primo
424 360 435 375 ,
452 341 526 380 quia
537 345 654 378 partem
665 336 854 377 probabilem
864 335 948 377 sequi
960 336 1114 376 possumus

131 387 166 419 in
175 381 546 418 materiasacramentali,
568 381 646 412 ficut
659 380 770 411 inaliis
791 379 927 421 casibus,
948 380 984 411 in
1002 378 1115 420 quibus

132 429 305 470 periculum
324 426 366 458 est
381 445 391 460 ,
411 434 451 456 ne
472 423 579 455 saltem
599 423 802 454 materialiter
821 422 985 464 peccemus
1006 429 1116 453 contra

132 480 317 513 praeceptum
325 468 441 501 divinae
458 466 535 509 legis
555 477 563 497 :
583 468 734 499 &tamen
748 467 824 507 quia
834 464 990 506 sequimur
1009 462 1115 494 minus

132 514 341 556 probabilem,
363 520 429 543 non
438 510 598 552 arguimur
615 514 765 549 tanquam
773 510 838 542 rei,
855 506 1115 539 &inobedientes

131 557 291 600 praeceptis
311 555 429 586 divinis
445 575 453 583 .
475 552 694 593 Deindequia
713 553 810 582 etiam
830 553 856 581 is
872 570 882 584 ,
904 552 960 590 qui
982 549 1116 590 sequitur

132 602 234 641 magis
242 597 451 640 probabilem,
471 596 676 638 aliquomodo
690 593 826 634 disponit
836 592 863 624 se
879 592 1053 624 discrimini
1071 590 1116 623 sa-

131 642 236 674 ciendi
246 641 370 672 irritum
378 639 633 672 Sacramentum,
655 636 729 669 cum
741 637 807 668 fieri
816 635 923 677 possit,
944 645 978 666 ut
986 634 1038 665 illa
1048 636 1117 674 opi-

130 687 188 717 nio
196 682 424 725 probabiliorfit
432 682 519 714 falsa.
542 681 689 713 Tandem
699 679 887 720 subjungunt
910 678 978 712 isti,
998 676 1116 718 quodsi

130 728 376 760 subveniendum
393 726 464 758 effer
475 727 619 766 proximo
638 723 796 764 indigenti
810 720 937 754 efferitus
960 721 1041 752 illius
1063 720 1117 751 Sa-

128 771 284 803 cramenti
295 790 306 804 ,
325 778 402 801 tunc
411 779 476 802 non
483 767 580 800 solum
588 766 673 808 sequi
688 775 755 798 non
763 765 870 797 liceret
886 764 991 796 minus
1008 765 1117 805 proba-

132 814 227 846 bilem
236 833 247 847 ,
271 813 319 844 sed
329 822 386 844 nec
397 812 635 853 probabiliorem
643 830 653 845 ,
676 808 697 840 si
708 808 878 850 suppeteret
887 809 990 848 aliqua
999 807 1061 839 alia
1069 816 1117 837 ra-

132 859 291 890 tiocerta‚
313 857 424 888 &tuta
432 855 622 886 conficiendi
637 852 894 886 Sacramentum,
914 853 989 892 quia
1004 860 1041 881 ex
1052 849 1118 889 lege

131 899 295 931 charitatis
303 908 343 930 eo
356 897 427 930 casu
436 898 507 929 effet
523 895 752 937 ampiectenda.
775 894 834 927 Sed
854 903 963 926 contra
973 892 1119 934 praedicta

131 942 194 977 est,
213 944 288 984 quia
308 939 443 973 multum
452 941 574 972 interest
594 938 905 979 interquaestionem,
927 937 979 968 An
1001 935 1119 976 aliquid

133 986 246 1020 liceat,
266 983 530 1026 &quaestionem‚
548 982 600 1016 An
609 982 728 1022 aliquid
737 982 791 1013 fiat
811 993 819 1012 ε
842 990 917 1011 nam
925 980 1000 1011 cum
1008 978 1119 1020 quaeri—

132 1037 203 1064 tur,
225 1029 275 1060 An
293 1028 411 1068 aliquid
421 1026 532 1060 liceat,
552 1035 626 1057 tunc
636 1024 746 1057 sufficit
766 1023 922 1066 judicium
945 1022 1120 1063 probabile,

134 1071 220 1112 quod
231 1072 271 1104 fit
285 1071 427 1104 licitum,
447 1069 650 1111 exregulailli
670 1067 825 1108 generali,
845 1066 930 1107 quod
940 1068 973 1096 in
994 1065 1120 1096 morali-

134 1116 191 1146 bus
200 1113 491 1145 sufficiatcertitudo
499 1122 536 1144 ex
553 1111 777 1153 probabilibus,
797 1111 835 1141 de
843 1119 905 1149 qua
914 1117 1021 1139 tamen
1032 1117 1120 1148 regn-

135 1156 433 1190 lalatedifferuimus
441 1153 526 1196 supra
535 1157 569 1187 in
581 1151 708 1194 1-quaest.
719 1152 741 1184 a*
754 1164 783 1185 n.
793 1162 843 1190 99.
854 1151 939 1192 usque
956 1150 997 1182 ad
1007 1161 1036 1181 n.
1052 1160 1083 1192 η
1094 1160 1119 1181 1.

135 1202 178 1233 At
198 1198 273 1232 cum
293 1198 442 1240 quaeritur
458 1219 468 1233 ,
489 1198 542 1231 An
564 1198 682 1238 aliquid
704 1196 759 1228 fiat
774 1217 784 1231 ‚
811 1197 886 1237 quia
906 1193 1034 1226 effeetus
1056 1204 1120 1225 non

132 1252 202 1275 tam
222 1243 334 1284 pendet
354 1241 371 1273 a
393 1241 510 1283 judicio
529 1240 653 1275 nostro,
673 1239 766 1281 quam
787 1237 804 1270 a
824 1239 1088 1271 determinatione
1112 1259 1121 1272 ,

135 1286 376 1327 seuoperatione
385 1286 512 1317 alterius
532 1295 541 1316 ε
562 1293 627 1317 non
635 1283 708 1315 ideo
728 1283 804 1314 illud
813 1282 883 1317 siet,
904 1283 979 1323 quia
987 1280 1122 1322 itajudi—

136 1339 245 1361 camus
261 1349 272 1365 ,
292 1328 316 1360 si
332 1329 556 1360 determinatio
572 1347 583 1362 ,
604 1327 654 1358 seu
674 1327 817 1367 operatio
836 1325 962 1357 alterius
983 1326 1073 1356 aliter
1095 1324 1122 1356 se

137 1373 267 1408 habeat3
287 1382 361 1403 nam
371 1371 469 1403 solum
486 1372 637 1412 judicium
648 1379 712 1401 non
734 1368 864 1403 sufficit,
885 1369 938 1400 ubi
949 1367 1068 1399 fadum
1077 1378 1122 1399 re-

136 1417 291 1456 quiritur,
312 1426 336 1446 c.
346 1413 518 1456 Pastoralis
526 1416 560 1445 in
581 1411 635 1453 fin.
645 1414 696 1444 ubi
705 1412 789 1453 gloss.
799 1412 852 1444 ult.
864 1410 901 1443 de
911 1409 958 1453 off.
970 1412 1122 1443 Ordinar.

137 1467 201 1498 cap.
209 1468 233 1489 1.
242 1461 275 1490 ὅ(
286 1458 328 1489 ibi
336 1457 419 1500 gloss.
430 1459 463 1489 in
471 1468 537 1489 ver.
548 1457 740 1489 Voluntatem
749 1455 788 1487 de
796 1465 828 1487 eo
836 1474 846 1489 ,
855 1457 906 1493 qui
915 1456 1018 1486 minin
1024 1453 1124 1496 poſjeſs

136 1501 235 1534 Unde
243 1501 277 1533 in
286 1503 390 1543 primo
398 1500 470 1533 casu
479 1520 490 1535 ,
498 1500 616 1533 scilicet
625 1498 766 1540 inquaest.
776 1499 828 1530 An
838 1498 930 1530 liceat
940 1518 950 1532 ,
962 1499 1017 1539 qui
1026 1497 1125 1539 sequi-

137 1554 190 1578 tur
204 1546 304 1586 magis
322 1545 530 1586 probabilem,
550 1552 616 1575 non
636 1544 764 1584 exponit
781 1541 808 1573 se
830 1541 968 1582 periculo
988 1540 1127 1573 faciendi

136 1587 420 1623 aetumillicitum
441 1597 475 1619 ut
482 1586 601 1619 constat
616 1595 652 1617 ex
661 1583 755 1618 distis
771 1584 836 1625 sup.
847 1596 895 1615 nu.
906 1587 974 1616 228.
987 1585 1027 1616 At
1038 1586 1072 1616 in
1082 1583 1125 1615 se-

137 1633 264 1666 cundo,
286 1632 318 1663 id
340 1630 424 1663 estin
443 1629 545 1672 quaest.
555 1629 605 1662 An
624 1629 698 1664 fiat,
717 1629 845 1669 exponit
854 1626 881 1659 se
903 1628 1043 1669 periculo
1061 1637 1127 1659 non

137 1674 294 1710 faciendi,
317 1674 381 1706 sive
390 1673 494 1706 minus
505 1672 696 1715 probabilem
704 1670 846 1712 sequatur
855 1690 866 1706 ,
877 1670 938 1703 sive
947 1671 1048 1713 magis
1057 1680 1126 1711 pro-

141 1719 292 1752 babilem,
312 1718 569 1758 &imprudenter
585 1718 668 1760 agit,
689 1724 782 1757 atque
804 1716 838 1746 in
848 1723 879 1746 re
899 1716 1006 1756 gravi,
1026 1715 1126 1755 qualis

138 1761 182 1793 est
202 1759 362 1793 confestio
382 1760 576 1793 Sacramenti
593 1781 604 1796 ,
631 1760 766 1802 graviter
791 1767 897 1800 peccat
917 1779 927 1793 ,
956 1759 1029 1800 quia
1051 1757 1125 1790 etim

141 1803 229 1845 possit
240 1803 321 1845 sequi
333 1814 451 1846 partem
460 1814 596 1841 certam,
617 1814 653 1837 ac
663 1813 762 1837 tutam
773 1804 844 1835 illud
857 1802 1044 1837 conficiendi
1056 1823 1065 1837 ‚
1084 1801 1127 1833 se-

140 1849 247 1888 quitur
265 1848 470 1888 probabilem,
493 1850 599 1881 &non
621 1858 739 1882 tutam.
763 1849 798 1881 In
822 1851 923 1891 primo
939 1848 1034 1893 igitur
1057 1845 1127 1882 casu

139 1901 206 1922 non
228 1901 350 1931 peccat,
373 1894 448 1934 quia
469 1892 606 1934 sequitur
626 1903 748 1928 tutam,
771 1893 842 1925 licet
863 1904 927 1925 non
948 1895 1098 1926 tutiorem
1119 1904 1128 1929 3

142 1933 234 1965 sedin
244 1933 377 1967 secundo
386 1943 510 1977 peccat,
531 1938 605 1977 quia
622 1938 654 1968 in
666 1947 697 1968 re
715 1936 891 1977 graviiiima
905 1947 968 1968 non
992 1936 1126 1977 sequitui·

140 1986 264 2011 tutam,
283 1977 398 2010 scilicet
409 1981 442 2010 in
460 1980 570 2011 ordine
579 1980 617 2011 ad
635 1980 867 2011 conficiendum
887 1991 894 2011 :
918 1981 951 2011 in
962 1980 1018 2010 hac
1041 1982 1127 2010 enim

141 2021 291 2054 materia,
314 2022 431 2053 nedum
440 2031 526 2057 tuta,
548 2021 723 2057 sedtutior,
743 2023 778 2054 ὅς
792 2021 940 2054 tutiffima
952 2022 1050 2053 viaest
1073 2021 1129 2053 eli-

141 2064 243 2104 genda
252 2083 262 2097 ,
283 2072 317 2095 ut
325 2063 435 2096 Scotus
446 2065 553 2096 docuit
563 2064 647 2106 supra
658 2066 771 2097 relatus
790 2076 819 2096 n.
831 2069 899 2097 216.
909 2064 1130 2106 Qtamobrem

141 2115 208 2137 non
224 2106 348 2138 tanturn
358 2116 394 2138 ex
413 2107 584 2142 charitate,
606 2107 656 2139 sed
676 2110 774 2139 etiam
785 2118 821 2140 ex
842 2108 1039 2143 reverentia,
1060 2117 1128 2149 quae

140 2150 268 2180 debetur
288 2148 509 2185 Sacramento,
531 2150 648 2190 semper
668 2160 791 2182 tenetur
809 2151 881 2192 quis
902 2149 986 2192 sequi
1010 2160 1130 2191 partem

139 2190 274 2223 omnino
289 2200 390 2223 tutam
405 2212 414 2225 ,
437 2192 550 2233 nempe
571 2202 688 2224 certam
699 2203 762 2224 non
785 2192 1054 2224 faciendiirritum
1076 2193 1129 2225 Sa—

139 2243 353 2265 cramentum.
376 2233 413 2266 Et
436 2236 479 2266 ita
491 2244 598 2276 praeter
617 2235 748 2267 Scotum
759 2237 852 2267 tradit
873 2238 970 2268 etiam
992 2235 1129 2277 expresse

138 2277 253 2309 Suarez
264 2276 327 2318 post
334 2278 412 2309 alios
420 2286 493 2309 tom.
503 2288 532 2318 4.
543 2280 576 2310 in
587 2287 612 2319 3.
619 2285 687 2318 par.
699 2276 767 2320 daest.
780 2282 826 2310 26.
830 2279 904 2321 sest.
917 2285 946 2311 6.
957 2291 1005 2310 nu.
1019 2288 1044 2319 5.
1055 2278 1129 2311 Un-

139 2322 178 2352 de
188 2330 270 2361 patet
280 2320 433 2362 responsio
442 2323 480 2354 ad
490 2322 566 2354 duas
587 2323 724 2353 rationes
735 2321 875 2362 Vasquez
885 2342 895 2357 ‚
917 2324 949 2355 &
970 2322 1109 2354 Sanchez
1120 2343 1130 2357 ,

139 2365 195 2405 qui
205 2365 399 2395 contrarium
407 2365 572 2397 asserebant
582 2385 594 2400 ‚
613 2365 688 2406 quia
697 2366 730 2396 in
740 2364 811 2397 casu
823 2366 1012 2398 conficiendi
1023 2366 1130 2397 Sacra-

139 2416 301 2441 mentum,
324 2417 422 2448 neque
432 2406 557 2442 minus,
579 2417 679 2449 neque
690 2410 790 2450 magis
802 2410 989 2449 probabilem
1000 2408 1082 2449 sequi
1094 2409 1130 2440 li-

138 2458 191 2481 cet
200 2469 211 2484 ·‚
221 2448 294 2481 cum
304 2450 366 2481 alia
373 2450 413 2481 est
422 2460 506 2482 certa
514 2471 523 2486 ‚
533 2453 607 2492 quia
617 2451 679 2483 haec
689 2451 749 2483 sola
759 2461 824 2483 tuta
836 2452 875 2483 est
885 2472 895 2487 ‚
905 2461 939 2483 ut
948 2453 1131 2485 Sacramen-

140 2502 210 2524 tum
218 2492 421 2524 conficiatur.
444 2494 481 2526 In
489 2495 609 2526 caeteris
617 2494 691 2526 vero
701 2494 818 2527 casibus
828 2515 838 2529 ,
857 2497 889 2526 in
899 2495 1011 2536 quibus
1019 2495 1131 2536 quaeri-

140 2545 208 2570 tur,
217 2536 267 2567 An
275 2536 351 2577 quid
363 2536 455 2567 liccat
464 2555 475 2570 ,
495 2539 606 2577 opinio
616 2538 849 2577 probabiliores}
859 2548 926 2570 tuta
934 2559 944 2574 ,
966 2539 998 2571 ὃς
1009 2537 1081 2570 ideo
1094 2539 1131 2569 li-

139 2579 284 2611 cetillam
294 2578 398 2620 sequi,
419 2587 454 2610 ut
462 2578 556 2611 fufius
571 2579 725 2611 ostensum
733 2581 774 2612 est
796 2580 882 2622 supra
897 2580 959 2613 eod.
969 2592 1048 2612 num.
1060 2584 1129 2613 228.

180 2621 563 2663 Trigesunumsecundum
573 2621 811 2655 fundamentum
832 2623 962 2656 sumitur
972 2635 1007 2656 cx
1017 2634 1131 2665 quarto

140 2664 274 2697 absurdo
283 2685 292 2700 ,
313 2666 399 2706 quod
406 2664 445 2696 en
456 2666 488 2696 in
500 2663 515 2695 s
513 2666 598 2705 pecie
608 2666 645 2696 de
662 2666 928 2698 administratione
937 2667 1129 2699 Sacramenti

141 2707 353 2740 Poenitentiae.
376 2706 545 2740 Namcum
566 2707 718 2739 absolutio
727 2707 965 2742 sacramentalis
987 2710 1022 2742 sit
1041 2709 1130 2742 atstus

142 2751 299 2791 judicialis
308 2771 317 2785 ,
327 2752 359 2783 &
369 2750 508 2782 sacerdos
518 2750 554 2781 sit
563 2749 634 2782 vere
644 2771 653 2785 ,
675 2751 708 2782 &
720 2751 839 2792 proprie
850 2752 939 2792 judex
948 2773 958 2787 ,
968 2763 1002 2784 ut
1012 2752 1128 2785 diffini-

141 2803 193 2826 tur
202 2793 368 2826 aTrident.
377 2794 505 2836 Synodo
511 2791 572 2834 [effi
586 2803 631 2834 14.
641 2802 703 2834 cap.
713 2803 741 2831 7.
751 2797 787 2824 de
797 2793 856 2835 caſs
865 2795 956 2834 refer.
967 2798 999 2828 &
1009 2798 1046 2828 ad
1057 2805 1131 2827 eum

143 2836 258 2877 speQet
266 2836 437 2869 discernere
447 2840 528 2869 inter
539 2838 654 2878 lepram
664 2857 673 2871 ,
683 2836 842 2877 &lepram
851 2857 861 2872 ,
879 2838 913 2869 ὅ(
924 2841 1130 2878 poenitentem

143 2880 258 2912 solvere
266 2900 276 2915 ,
286 2881 334 2912 vel
345 2881 439 2921 ligare
449 2900 459 2915 ,
477 2880 567 2920 eique
577 2890 632 2920 pro
642 2881 737 2912 modo
744 2881 839 2920 culpae
850 2882 1069 2920 poenitentiam
1080 2883 1129 2912 in-

142 2922 270 2964 jungere
280 2944 289 2959 ,
296 2923 392 2956 c-z-de
399 2924 541 2963 poenit&
548 2921 884 2962 remisl.lib.6.c.0mnis
894 2924 1044 2965 utriusque
1053 2922 1128 2966 infr.

143 2965 206 2997 eod.
215 2976 268 3008 per
277 2967 358 2999 hanc
367 2966 543 2999 dodffinam
561 2966 698 2998 sacerdos
706 2976 771 2997 non
791 2965 932 3008 fungitur
941 2964 1130 3007 ampliusJu-

143 3008 225 3040 dicis
233 3009 357 3044 officio,
378 3008 427 3041 sed
437 3009 572 3042 subditus
583 3010 691 3040 ordine
707 3008 832 3041 inverso
841 3009 963 3041 assumit
984 3009 1038 3041 fibi
1050 3009 1128 3049 judi-

145 3053 436 3084 ciumconscientiae
446 3052 522 3089 suae,
543 3053 577 3084 ὃς
599 3052 687 3093 eligit
699 3051 752 3084 suo
772 3053 921 3084 arbitratu
943 3052 1129 3084 sententiam

151 3095 316 3134 ligantem,
338 3097 386 3128 vel
398 3095 568 3128 solventem
588 3108 595 3127 :
619 3095 705 3127 Nam
714 3094 786 3126 cum
797 3094 935 3127 sacerdos
946 3095 1061 3136 judicat
1071 3095 1128 3126 esl'e

146 3137 366 3171 restituendum
374 3159 384 3174 ,
402 3138 650 3180 negotiationem
657 3139 876 3169 dimittendam
884 3149 898 3172 ,·
912 3148 1022 3170 votum
1030 3139 1129 3169 adim-

147 3181 294 3222 plendum
303 3200 314 3214 ,
333 3181 529 3213 occasionem
538 3181 919 3222 peccatirelinquendam,
940 3190 994 3212 aut
1006 3182 1082 3221 quid
1092 3180 1129 3211 si-

145 3224 220 3254 mile
230 3234 237 3253 :
247 3222 349 3254 statim
359 3227 512 3265 poenitens
520 3224 647 3265 objicit,
665 3233 769 3256 extare
780 3223 864 3264 super
874 3223 933 3255 hoc
944 3225 1128 3264 opinionem

146 3267 334 3306 probabilem
344 3265 399 3298 fibi
409 3267 569 3299 faventem
578 3287 589 3302 ,
609 3267 707 3300 &effe
718 3268 750 3298 in
761 3266 906 3298 facultate
915 3267 966 3298 sua
975 3266 1061 3298 illam
1073 3267 1128 3298 eli-

145 3319 234 3349 gere.
257 3308 354 3341 Unde
363 3310 397 3339 in
417 3309 606 3342 foroanitnae
627 3311 720 3352 judex
730 3309 813 3351 sequi
832 3309 956 3351 cogitur
978 3309 1129 3350 judicium

146 3353 202 3387 rei,
212 3362 277 3384 non
287 3361 356 3383 reus
365 3351 515 3391 judicium
522 3352 688 3385 sacerdotis
697 3355 796 3395 :quod
805 3352 897 3394 quam
908 3352 943 3383 sit
952 3351 1128 3387 absurdum,

146 3405 240 3426 nemo
247 3405 312 3426 non
322 3396 416 3425 videt.
427 3394 505 3425 Sunt
514 3397 600 3427 enim
607 3398 661 3437 qui
671 3406 780 3437 putant
791 3396 978 3428 sacerdotem
988 3404 1052 3426 non
1063 3395 1129 3436 pos—

149 3443 174 3467 lc
186 3438 243 3469 hoc
260 3437 330 3469 casu
339 3439 489 3477 denegare
508 3438 694 3470 beneficium
704 3439 905 3470 absolutionis
916 3459 925 3473 ,
946 3437 1072 3478 eoquod
1084 3448 1129 3468 te-

147 3491 253 3512 neatur
277 3480 358 3521 sequi
370 3482 549 3520 poenitcnris
562 3480 764 3519 opinionem.
788 3483 833 3513 lta
845 3482 1127 3523 Suarezin3.part.

233 3526 370 3562 Fagmn.
392 3527 423 3554 in
444 3525 467 3555 l.
491 3521 558 3556 Lib.
579 3525 734 3555 Decretal.

1156 171 1229 194 tom.
1240 173 1269 203 4.
1279 160 1355 202 disp.
1366 162 1490 203 32·s⁶'e“b·
1506 169 1531 200 5.
1544 172 1593 193 nu.
1604 170 1633 201 4.
1642 159 1768 192 Basilius
1779 158 1908 192 Pontius
1918 158 1956 191 de
1967 161 2141 191 matrimon.

1155 202 1241 245 lib-4.
1250 212 1364 245 cap.25.
1375 216 1404 237 n.
1415 207 1444 238 8.
1454 205 1583 246 Gregor.
1594 205 1631 236 de
1641 204 1763 236 Valent.
1774 211 1845 235 tom.
1858 213 1884 242 3.
1893 201 1969 244 dzsp.
1979 210 2006 242 5.
2018 199 2142 242 quaest.7.

1153 248 1252 288 punt}-
1262 259 1292 288 4.
1301 250 1334 280 in
1347 246 1487 290 fiu-Imo
1509 247 1806 279 absolutionemnon
1829 246 1886 277 effe
1908 246 2141 286 denegandam,

1156 291 1276 322 etiamsi
1296 295 1449 332 poenitens
1457 292 1550 331 eligat
1564 292 1748 331 opinionem
1757 288 1863 321 minus
1878 289 2087 330 probabilem,
2109 289 2142 319 δε

1158 333 1262 366 minus
1270 343 1371 365 tutam
1381 354 1391 368 ‚
1408 342 1494 365 tener
1503 332 1644 364 Thomas
1654 332 1794 365 Sanchez
1805 334 1881 364 alios
1889 331 2066 363 reserensin
2077 332 2143 362 De-

1157 377 1252 416 calog.
1261 385 1333 409 tom.
1341 386 1366 407 1.
1376 374 1428 408 lib.
1436 386 1461 407 1.
1470 384 1566 415 cap.9.
1576 385 1709 414 num.27.
1719 375 1757 408 ὠ
1767 386 1816 413 29.
1826 377 1881 417 qui
1891 374 2023 416 amplius
2032 376 2142 415 opina-

1156 430 1225 460 tur,
1245 419 1447 451 consessorem
1468 429 1504 449 ex
1515 418 1574 450 hoc
1596 417 1698 459 capite
1710 421 1917 460 denegantem
1941 417 2143 449 absolutionis

1157 461 1343 504 beneficium
1352 482 1363 497 ,
1383 462 1556 493 mortaliter
1565 471 1692 501 peccare
1701 483 1708 491 .
1727 461 1764 492 Et
1776 461 2001 502 sequiturJoan.
2011 460 2143 492 Sancius

1149 504 1251 546 selest-
1262 504 1338 546 disp.
1350 514 1396 545 33.
1408 516 1437 535 n.
1445 512 1497 544 154.
1508 503 1601 545 Quid
1609 504 1713 544 plura?
1735 503 1949 536 Confefforem
1960 503 2042 545 sequi
2052 504 2143 534 debe-

1157 558 1188 579 re
1199 549 1380 588 poenitentis
1389 547 1575 587 opinionem
1584 566 1594 580 ,
1614 546 1731 577 etiamsi
1740 549 1844 578 credat
1855 549 1941 579 illam
1954 547 2012 578 esse
2020 545 2143 580 falsam,

1158 590 1330 622 dummodo
1338 589 1503 631 probabilis
1513 598 1670 630 reputetur
1687 589 1769 620 inter
1780 589 1934 621 Doctores
1947 591 2079 630 probatae
2087 599 2143 620 au-

1157 635 1316 665 thoritatis
1325 653 1336 668 ,
1357 633 1552 664 confidenter
1560 631 1714 663 affirmant
1724 632 1853 672 Gregor.
1864 634 1900 663 de
1910 633 2031 664 Valent.
2041 634 2075 664 in
2085 642 2144 663 2-2.

1157 675 1235 718 dzsp.
1247 673 1612 717 1.e1uaest.7.punft.ultim.
1622 672 1716 716 infin.
1729 673 1871 706 Thomas
1878 674 2018 707 Sanchez
2027 696 2036 710 ,
2057 674 2143 715 &Jo.

1158 718 1376 752 Sanciuslocis
1392 721 1515 751 citatis.
1538 717 1639 760 Qiod
1659 716 1824 749 absurdum
1834 718 1910 752 esse,
1929 719 1964 750 ὃς
1985 718 2146 750 conti-ale-

1157 772 1230 803 gem
1238 762 1435 795 conscientiae
1445 761 1626 794 reluctantis
1633 772 1645 796 ,¹
1665 759 1768 802 aperte
1778 760 1895 793 constat
1904 771 1941 791 ex
1950 760 2094 792 dootrina
2104 760 2146 792 D.

1158 804 1293 838 Thomae
1300 803 1428 844 quodlib.
1439 814 1466 846 3.
1474 814 1535 837 art.
1548 813 1596 842 27.
1606 802 1645 837 ὠ·
1653 801 1782 843 quodlib.
1793 806 1822 837 8.
1833 813 1894 835 art.
1910 813 1921 835 1
1930 813 1954 843 3.
1963 806 1996 836 &
2005 804 2034 836 S.
2045 804 2145 836 Bona-

1157 858 1297 880 venturae
1307 851 1341 880 in
1352 859 1380 880 2.
1385 846 1519 889 sentent.
1530 845 1633 888 distin·⁴
1645 857 1694 888 39.
1701 859 1750 879 nu.
1764 857 1811 884 19.
1824 848 1859 879 δε
1867 845 2144 885 Scotiquodtibas.

1153 890 1209 931 sub
1218 892 1283 924 litt.
1295 893 1335 923 E.
1346 892 1400 923 ubi
1408 890 1449 923 sic
1463 894 1507 924 ait
1524 903 1533 922 ε
1554 891 1632 922 Non
1632 887 1975 932 fitfficitadbonitatem
1983 890 2126 921 moralem
2136 910 2146 924 ›

1159 943 1192 967 ut
1199 936 1232 966 in
1240 943 1347 974 agente
1356 934 1403 978 stt
1408 937 1547 975 potentia
1555 932 1727 973 iudicativa
1734 931 1907 975 descientia
1909 932 1961 973 fui
1969 932 2051 965 aaus
2061 943 2075 968 ;
2089 931 2148 973 sed

1160 985 1294 1017 oportet,
1315 976 1391 1017 quod
1408 978 1474 1009 assu
1494 976 1572 1010 rem»
1590 977 1703 1016 judicet
1712 976 1748 1008 de
1764 976 1850 1012 abiu,
1871 974 1912 1009 (θ’
1922 974 2090 1016 secundnm
2111 976 2151 1007 ib—

1160 1020 1211 1053 lud
1220 1019 1662 1064 reftumjudiciumaftusfiat.
1683 1023 1721 1052 Si
1732 1021 1813 1051 enim
1822 1021 1952 1058 cognitio
1956 1022 2084 1059 propria
2100 1019 2148 1062 fit

1160 1074 1284 1096 erronea
1294 1085 1305 1100 ,
1326 1062 1398 1096 licbt
1406 1074 1480 1103 agat
1488 1063 1687 1108 conformiter
1692 1065 1856 1102 cognitioni
1872 1063 1955 1094 reth
1962 1063 2091 1094 alterius
2100 1073 2147 1094 co-

1158 1106 1346 1147 gnoscentis,
1367 1109 1436 1145 quia
1445 1117 1546 1139 tamen
1563 1106 1626 1138 tale
1634 1116 1724 1144 agenr
1738 1115 1843 1138 natum
1852 1104 1893 1147 est
1902 1106 2038 1144 regulam·
2046 1107 2082 1137 in
2092 1105 2148 1146 βω

1160 1151 1227 1183 atq-u
1247 1158 1299 1190 per
1319 1152 1473 1189 propriam
1494 1151 1694 1189 cognitionem
1709 1168 1719 1183 ,
1741 1152 1779 1180 (9⁶
1792 1146 1959 1188 secundnm
1979 1149 2070 1180 illam
2091 1159 2150 1180 non

1160 1196 1246 1233 agit,
1257 1192 1316 1234 fid
1324 1202 1432 1225 contra
1444 1193 1553 1228 illam,
1573 1190 1640 1225 ideo
1662 1202 1720 1223 non
1729 1190 1806 1223 νεὶἶὲ
1827 1193 1910 1231 agit.
1934 1190 2149 1224 HaecScotus-.

1161 1237 1265 1278 Atque
1275 1237 1320 1268 ita
1329 1235 1412 1268 hunc
1424 1246 1560 1268 errorem
1570 1236 1705 1277 pluribus
1713 1234 1856 1267 confutat
1873 1233 2036 1266 Candidus
2046 1233 2151 1266 Phila-

1162 1280 1264 1312 lethus
1284 1279 1321 1311 de
1341 1282 1511 1320 opinionum
1529 1281 1624 1320 praxi
1647 1276 1739 1319 quast.
1753 1286 1779 1317 5.
1797 1277 1877 1319 verfi
1889 1275 2038 1310 Adverte
2057 1277 2152 1310 tertio

1163 1332 1230 1363 pag.
1240 1324 1333 1361 79.&
1344 1323 1464 1355 constat
1472 1333 1510 1355 ex
1520 1325 1578 1358 iis,
1600 1320 1761 1364 quaedista
1782 1321 1851 1354 sunt
1863 1320 1989 1363 suprain
2000 1328 2027 1361 5.
2041 1320 2152 1354 funda-

1165 1376 1278 1398 mento
1291 1376 1345 1406 pro
1357 1366 1413 1398 hac
1430 1365 1582 1398 sententia
1592 1388 1600 1396 .

1206 1408 1549 1451 Trigesimumtertium
1571 1409 1810 1441 fundamentum
1830 1406 1958 1441 sumitur
1985 1418 2023 1439 ex
2042 1408 2155 1449 quinto

1164 1451 1318 1487 absurdo,
1336 1454 1422 1493 quod
1440 1452 1482 1483 est
1490 1453 1531 1497 de
1549 1453 1643 1484 bello.
1665 1452 1753 1485 Nam
1762 1452 1934 1484 defensores
1957 1452 2153 1492 probabilita-

1165 1505 1235 1527 tum
1255 1496 1451 1527 contendunt
1462 1496 1556 1527 licere
1572 1495 1716 1528 invicem
1737 1496 1865 1531 bellare,
1887 1495 1908 1527 si
1925 1496 2072 1536 utrinque
2093 1494 2152 1528 sint

1164 1539 1335 1579 opiniones
1355 1539 1546 1578 probabiles,
1565 1536 1651 1579 quc-d
1673 1539 1786 1571 bellum
1806 1539 1842 1571 fit
1863 1538 1995 1581 justum,
2014 1547 2049 1570 ut
2065 1538 2153 1580 Joan.

1166 1582 1297 1615 Saucius
1305 1580 1379 1613 alias
1387 1583 1543 1613 citatusin
1560 1581 1657 1621 prat}-
1668 1580 1779 1624 disput.
1788 1592 1840 1623 44.
1859 1592 1938 1615 num·
1951 1584 1998 1621 58-
2007 1580 2079 1613 Hoc
2099 1591 2154 1613 au-

1165 1634 1231 1657 tem
1240 1624 1408 1657 absurdum
1426 1625 1487 1660 est,
1507 1627 1582 1666 quia
1602 1626 1717 1658 bellum
1726 1635 1763 1657 ex
1784 1635 1914 1667 utraque
1935 1629 2020 1666 parre
2040 1624 2154 1666 justum

1166 1670 1331 1700 nonciatur
1351 1680 1360 1700 z
1381 1677 1476 1703 nam,
1495 1677 1530 1700 ut
1551 1668 1667 1709 scripsit
1689 1668 1931 1710 Angel.Aretin.
1953 1667 2030 1710 confi
2041 1672 2090 1706 96.
2112 1670 2152 1701 In

1166 1711 1299 1745 themate
1317 1722 1396 1743 num.
1413 1723 1463 1752 44.
1486 1713 1519 1742 in
1533 1710 1593 1752 fin.
1603 1711 1676 1744 cum
1699 1713 1813 1744 bellum
1833 1712 1870 1744 sit
1883 1714 2120 1745 contrariorum
2142 1735 2152 1749 ‚

1167 1755 1283 1788 necesse
1293 1756 1333 1787 est
1345 1776 1354 1791 ,
1376 1764 1410 1788 ut
1430 1765 1490 1786 una
1500 1764 1567 1795 pars
1584 1754 1688 1787 foveat
1703 1755 1906 1792 in’ustitiam‚
1928 1758 2002 1798 quia
2021 1756 2155 1791 siunum

1167 1802 1362 1833 contrarium
1372 1800 1412 1831 est
1422 1809 1565 1840 aequum,
1587 1798 1726 1833 neceffee
1761 1820 1770 1834 ‚
1793 1809 1826 1832 ut
1838 1801 1967 1832 aliudsit
1988 1802 2158 1845 iniquum,

1167 1845 1189 1879 l.
1204 1855 1228 1878 1.
1244 1843 1282 1889 ff.
1295 1844 1331 1879 de
1340 1844 1403 1882 his,
1426 1846 1475 1885 qui
1488 1842 1564 1886 sunt
1576 1845 1646 1887 sui,
1667 1844 1718 1877 vel
1738 1843 1834 1876 alieni
1843 1846 1935 1883 juris.
1958 1842 2056 1876 Unde
2076 1854 2153 1876 cone

1168 1901 1215 1922 tra
1234 1889 1481 1932 Joan.Sancium
1501 1897 1611 1921 tenent
1619 1887 1781 1930 Vasquez‚
1798 1888 1831 1920 δε
1853 1885 2092 1929 Villalob.infrci
2109 1887 2156 1918 al-

1168 1935 1260 1973 legat.
1271 1944 1352 1966 num.
1364 1941 1431 1975 375.
1442 1932 1478 1965 Id
1486 1933 1571 1975 quod
1593 1931 1756 1974 specialem
1764 1932 1860 1963 etiam
1881 1930 1971 1962 habet
1981 1929 2135 1963 rationem
2145 1951 2154 1965 ,

1168 1977 1243 2019 quia
1263 1977 1338 2010 curn
1358 1978 1393 2008 in
1415 1977 1481 2017 pari
1501 1973 1591 2008 causa
1611 1975 1722 2007 melior
1744 1974 1780 2006 sit
1800 1975 1943 2007 conditio
1965 1973 2158 2017 posiidentis‚

1169 2021 1191 2052 l.
1201 2020 1267 2064 Qi
1275 2018 1432 2059 accusare,
1452 2017 1570 2052 Cod.de
1590 2016 1721 2053 edendo,
1741 2029 1814 2051 cum
1837 2019 2067 2051 concordam&
2091 2016 2156 2058 pos-

1170 2062 1256 2095 sessor
1265 2064 1388 2095 dicatur
1397 2063 1506 2094 habere
1528 2064 1651 2103 potiora
1661 2062 1745 2104 jura,
1768 2062 1886 2094 etiamsi
1910 2061 2083 2101 nullumjus
2102 2060 2158 2092 ha-

1170 2107 1257 2141 beat,
1281 2106 1368 2139 l.Uti
1382 2105 1472 2148 frui,
1495 2102 1642 2143 §.Fortis
1657 2104 1741 2148 ff-Si
1761 2104 1900 2149 usufrut'l·⁸
1911 2113 2005 2145 petat.
2025 2103 2108 2136 Paul.
2118 2105 2158 2136 de

1170 2148 1365 2190 Castroconſs
1381 2153 1431 2187 76.
1442 2147 1565 2192 Infat‘io
1574 2147 1629 2190 lsto
1637 2148 1720 2182 lib.2.
1731 2149 1876 2191 iniquum
1887 2150 1927 2180 est
1938 2169 1947 2183 ,
1969 2158 2002 2180 ut
2014 2146 2082 2180 Rex
2102 2147 2158 2188 qui

1170 2191 1299 2233 pacifice
1308 2202 1439 2233 regnum
1449 2192 1595 2233 possidet,
1617 2194 1650 2223 in
1660 2194 1790 2234 paritate
1800 2193 1990 2233 opinionum
2012 2190 2159 2231 utrinque

1171 2236 1394 2277 probabilium,
1416 2237 1451 2267 <Sc
1473 2234 1564 2277 longe
1575 2238 1676 2278 magis
1696 2235 1717 2267 si
1729 2246 1785 2276 pro
1804 2235 1832 2267 se
1844 2235 1953 2267 habeat
1974 2235 2158 2276 opinionem

1169 2279 1271 2320 magis
1280 2279 1487 2319 probabilem,
1507 2278 1607 2310 desua
1628 2279 1805 2320 possessione
1817 2280 1848 2309 vi
1869 2278 2032 2319 dejiciatur
2052 2288 2061 2307 :
2084 2286 2157 2307 nam

1169 2325 1202 2354 &
1225 2321 1352 2365 injustus
1374 2322 1515 2363 possessor
1535 2323 1625 2354 debet
1645 2321 1823 2354 conservari
1845 2323 1879 2363 in
1890 2321 1940 2352 sua
1960 2318 2155 2361 polsessione,

1170 2376 1194 2396 c.
1217 2367 1254 2396 In
1275 2365 1393 2396 litteris
1414 2363 1451 2396 de
1478 2363 1609 2405 restitut.
1625 2365 1752 2405 spoliat.
1775 2364 1845 2396 Imo
1867 2373 1923 2394 nec
1953 2362 2096 2402 spoliatus
2117 2362 2155 2393 de

1171 2407 1255 2439 fasto
1287 2407 1381 2449 potest
1412 2409 1536 2449 propria
1563 2408 1752 2440 authoritate
1780 2405 1988 2447 poffeffionem
2016 2405 2156 2445 accipere

1171 2461 1281 2483 contra
1292 2451 1496 2492 spoliantem,
1516 2453 1538 2482 l.
1548 2453 1586 2482 Si
1596 2450 1710 2489 quisad
1722 2447 1909 2491 sefnndum,
1923 2444 1961 2489 ff.
1977 2448 2023 2479 De
2045 2449 2098 2482 vi,
2120 2445 2157 2479 Θ

1170 2497 1207 2525 vi
1216 2503 1356 2526 armata.
1379 2493 1514 2534 ldebque
1536 2493 1698 2533 spoliatum
1709 2493 1789 2532 posse
1809 2488 1933 2522 tantum
1956 2490 2158 2521 incontinen-

1170 2539 1214 2571 ti,
1236 2547 1301 2568 non
1310 2546 1415 2568 autem
1432 2545 1468 2566 ex
1478 2535 1644 2567 intervallo
1660 2535 1773 2566 bellum
1783 2543 1928 2568 movere,
1953 2532 2068 2574 scripsit
2088 2533 2154 2566 An<

1170 2581 1227 2620 gel.
1240 2579 1359 2611 Aretin.
1369 2577 1485 2620 d-confi
1496 2582 1546 2615 96.
1568 2587 1647 2609 num.
1658 2585 1706 2617 50.
1727 2576 1807 2617 vers.
1817 2578 1863 2608 Et
1882 2574 1952 2610 bem}
1966 2574 2070 2618 facit,
2092 2577 2155 2618 post

1170 2623 1251 2654 Batt.
1261 2625 1293 2654 in
1305 2622 1326 2653 l.
1338 2621 1420 2653 Idem
1430 2642 1440 2656 ,
1463 2623 1489 2659 §.
1499 2619 1581 2653 Ciam
1590 2622 1688 2660 igitur
1692 2628 1747 2661 per
1754 2621 1840 2652 illum
1849 2629 1968 2651 textum
1977 2616 2028 2661 ,ff
2039 2620 2090 2652 De
2098 2622 2134 2651 vi
2143 2640 2153 2654 ,

1170 2664 1207 2698 (ῥ’
1228 2667 1264 2697 vi
1287 2673 1408 2696 armata
1427 2675 1435 2700 ·,
1455 2673 1647 2706 quamquam
1668 2663 1854 2705 praescriptio
1874 2662 1957 2694 nulla
1976 2663 2044 2694 dari
2066 2662 2154 2703 poffit

1170 2712 1267 2740 etiam
1278 2708 1340 2749 post
1351 2707 1512 2739 decursum
1525 2717 1644 2747 tempus
1654 2707 1736 2738 mille
1745 2715 1898 2738 annorum
1909 2726 1918 2739 ,
1938 2702 1984 2736 fia
1999 2705 2155 2748 principio

1171 2753 1314 2792 spoliator
1330 2750 1389 2782 fuit
1405 2750 1545 2784 dolosus,
1561 2750 1608 2781 vel
1627 2750 1800 2783 violentus,
1817 2749 1901 2789 juxta
1918 2747 2154 2790 receptissimam

1170 2794 1413 2827 Canonistarum
1423 2795 1626 2833 opinionem,
1648 2802 1682 2824 ut
1691 2793 1847 2824 attestatur
1867 2790 2044 2823 CardInalis
2066 2791 2153 2823 Sera-

1170 2836 1353 2879 phin-dectf
1368 2838 1544 2877 136;.71um.
1557 2847 1583 2867 2.
1604 2834 1749 2867 Praeterea
1771 2834 1845 2866 cuin
1868 2834 2014 2866 abstinere
2036 2833 2053 2865 a
2075 2835 2153 2866 bello

1171 2880 1334 2913 inferendo
1343 2879 1556 2921 absquedubio
1568 2879 1604 2910 sit
1625 2881 1741 2913 tutius,
1761 2879 1851 2909 &res
1873 2878 1964 2910 dubia
1973 2877 2008 2909 sit
2030 2887 2152 2919 propter

1169 2924 1378 2965 :equalitatem
1405 2924 1632 2954 contrariarum
1652 2923 1809 2952 rationum
1828 2941 1839 2956 ,
1868 2930 1903 2952 ut
1930 2920 2082 2952 ostensum
2111 2920 2151 2952 est

1170 2965 1255 3008 supra
1275 2967 1310 2998 in
1332 2977 1358 2997 2·
1368 2964 1458 3005 ‘iuaest-
1481 2965 1502 2997 a*
1524 2972 1679 3004 num-125.
1701 2963 1786 3005 usque
1804 2962 1846 2996 ad
1863 2974 1942 2996 num.
1958 2973 2025 3001 171.
2050 2964 2149 2994 inhoc

1169 3010 1265 3046 dubio
1286 3008 1356 3040 Rex
1375 3017 1500 3039 tenetur
1522 3007 1604 3048 sequi
1624 3007 1829 3048 opinionem,
1849 3016 1917 3048 qua:
1939 3007 2075 3048 periculo
2097 3017 2151 3036 va-

1170 3062 1238 3087 cat,
1259 3062 1292 3083 ut
1315 3051 1553 3092 pariterconstat
1574 3060 1609 3080 ex
1619 3049 1712 3081 distis
1732 3049 1748 3081 ὲ
1768 3049 1798 3081 d.
1817 3061 1897 3082 num.
1913 3059 1980 3088 171.
2004 3049 2088 3091 usque
2109 3046 2151 3079 ad

1169 3105 1248 3131 num.
1261 3102 1328 3133 252.
1350 3093 1393 3125 Ex
1403 3095 1514 3134 quibus
1531 3102 1632 3134 patet,
1654 3091 1747 3134 quam
1765 3093 1800 3124 sit
1810 3093 1981 3133 perniciosa
2002 3091 2151 3124 Christia-

1169 3148 1216 3169 nae
1234 3136 1425 3177 Reipublicae
1449 3137 1510 3167 haec
1521 3135 1662 3167 doch-ina
1673 3136 1944 3176 probabilitatum,
1964 3145 2030 3177 quae
2052 3134 2151 3174 publi-

1168 3190 1240 3212 cam
1269 3189 1380 3221 pacem
1401 3179 1474 3220 saepe
1504 3178 1608 3218 saepius
1631 3180 1732 3210 turbat
1753 3200 1762 3214 ,
1790 3181 1823 3212 ὃ(
1845 3181 2017 3211 inflammat
2048 3176 2151 3217 Reges

1169 3225 1208 3255 ad
1229 3223 1307 3254 bella
1327 3224 1462 3264 gerenda
1481 3243 1488 3250 .
1510 3221 1669 3253 Timorati
1690 3222 1776 3254 enim
1797 3221 1954 3262 Principes
1976 3219 2151 3261 priusquam

1168 3276 1236 3298 rem
1256 3275 1322 3297 tam
1343 3267 1470 3296 arduam
1491 3264 1709 3305 aggrediantur
1727 3286 1737 3301 ,
1765 3265 1989 3297 consueverunt
2009 3262 2151 3304 exquire-

1169 3320 1202 3340 re
1222 3308 1239 3340 ἐ
1261 3308 1321 3340 suis
1341 3307 1533 3348 Theologis,
1553 3310 1587 3340 &
1602 3306 1817 3340 Direstoribus
1838 3305 2052 3340 conscientiae,
2073 3307 2149 3347 quid

1168 3352 1224 3383 fibi
1247 3352 1337 3383 liceat
1358 3361 1364 3380 :
1386 3349 1403 3380 a
1422 3351 1532 3390 quibus
1546 3350 1707 3383 audientes
1725 3350 1779 3382 sib'i
1801 3349 1902 3380 favere
1919 3351 1951 3379 in
1970 3345 2086 3389 puntsto
2101 3349 2150 3390 ju-

1169 3395 1212 3425 ris
1239 3394 1421 3434 opinionem
1443 3391 1631 3433 probabilem
1653 3415 1663 3430 ,
1691 3402 1784 3434 quam
1805 3401 1872 3423 tuta
1893 3391 2085 3423 conscientia
2106 3391 2149 3422 se-

1168 3439 1221 3477 qui
1246 3435 1355 3475 poffint
1372 3456 1382 3470 ,
1411 3435 1483 3467 licet
1502 3438 1641 3477 opposita
1661 3436 1696 3467 sit
1719 3436 1905 3475 probabilior
1926 3455 1936 3470 ,
1963 3445 1999 3466 ac
2020 3436 2116 3465 tutior
2139 3445 2147 3469 3

1169 3480 1240 3510 huic
1263 3478 1429 3509 damnabili
1449 3479 1576 3510 consilio
1598 3478 1844 3519 acquiescentes,
1866 3478 1980 3508 bellum
2002 3486 2148 3511 movent,

1814 3522 1835 3551 L
1884 3532 1897 3551 2
2026 3521 2108 3560 qnod

2177 1416 2192 1449 3
2196 1415 2235 1439 cl>

2175 3100 2233 3132 309
