2397 3664
759 27 844 84 De
876 25 1073 88 Ρειξὶίς,
1112 16 1306 84 'ecum
1327 31 1560 103 pridem.

196 125 322 160 Tettius
334 137 437 160 textus
446 127 488 160 est
497 128 531 160 in
541 136 609 168 cap.
621 129 658 160 Si
669 129 733 167 quis
741 126 831 160 dator
841 150 852 164 ,
871 127 932 161 eod.
954 126 1035 168 caus,
1052 129 1088 159 (9⁶
1099 131 1150 160 ⁴1¹·-

156 169 212 201 ubi
221 170 394 211 Gregorius
405 183 414 201 .·
425 173 462 204 Si
472 173 536 210 quis
547 169 636 203 dator
646 193 656 208 ,
677 171 728 205 vel
738 180 872 213 accepwr
883 173 945 204 Dei
966 171 1057 205 Eccle
1071 178 1120 202 ias
1139 190 1149 204 a

155 214 206 245 vel
220 213 582 258 Ecclefiasticabeneficia
595 214 674 254 (111⁴ae
693 212 862 255 praebendas
881 224 991 248 vocant
1012 216 1022 253 )
1049 212 1085 245 ub
1104 220 1151 254 pe-

157 259 244 288 eumue
253 259 426 290 interventu
439 256 605 300 ficsceperit
616 281 624 290 .
640 258 710 299 five
728 256 829 292 dando
845 260 970 294 emerit,
986 258 1055 300 five
1073 259 1150 289 acci-

157 299 264 340 piendo
282 300 457 332 vendiderit
468 323 477 336 ,
496 300 516 332 a*
534 303 667 333 Simonis
685 312 741 333 non
758 302 932 333 excluditur
950 299 1117 341 perditione
1141 321 1149 331 .

157 341 345 376 Concordat
355 353 420 385 cap.
433 342 597 383 Nonsatis
608 366 617 380 ‚
637 344 674 375 de
683 344 812 385 simonia
823 367 833 380 ,
853 346 937 385 quod
948 344 989 376 est
1000 343 1148 378 Concilii

158 384 355 419 Turonunsis
369 409 379 423 ,
400 387 453 420 ubi
463 387 667 427 prohibentur
680 387 772 419 vendi
785 386 944 421 Prioratus
956 410 964 424 ,
986 390 1018 420 ὃς
1039 386 1150 427 Capel-

157 429 248 461 lania:
258 429 406 470 quaelibet
419 429 653 462 Monachorum
665 453 674 467 ,
695 432 741 463 vel
753 428 953 463 Clericorum
965 454 972 462 .
994 430 1032 462 Et
1043 430 1077 463 in
1088 430 1150 466 fine

156 472 368 504 subnectitur:
387 473 534 515 ,Quisquis
553 483 655 505 comm
675 471 725 505 hoc
746 471 895 505 decretum
904 483 1058 506 attentare
1078 484 1149 514 pre-

154 513 317 556 sumpserit
329 538 338 551 ,
359 526 426 548 tam
437 517 490 547 ille
500 519 549 554 qui
561 516 677 548 dederit
686 539 694 553 ,
715 515 804 555 qua'm
815 519 871 549 ille
881 520 930 556 qui
947 520 1059 558 recepit
1069 539 1078 553 ‚
1099 517 1150 548 vel

155 557 334 598 consenserit
347 581 356 594 ‚
380 558 536 599 partemfi·
548 571 611 591 cum
622 562 746 592 Simone
756 572 812 592 non
823 559 939 595 dubim
949 559 1121 595 habiturum
1140 582 1147 590 .

159 600 195 633 Et
205 601 379 634 consimilis
390 612 492 635 textus
504 603 536 634 in
547 612 611 642 cap.
626 603 690 643 seq.
701 606 785 643 quod
808 604 848 634 est
867 602 1011 636 Concilii
1023 603 1148 637 Latera-

158 642 278 680 nensis,
299 644 352 676 ubi
365 647 494 678 damnat
512 644 772 679 consuetudinem
790 647 961 686 recipiendi
984 646 1149 688 pecuniam

155 696 211 727 pro
223 685 381 728 Epist-opis
393 711 401 723 ‚
415 690 460 720 vel
475 689 669 725 Abbatibiis,
690 701 742 721 aut
754 690 1000 730 quibuscumque
1012 690 1148 730 personis

156 728 381 763 Ecclesiasticis
393 732 547 772 ponendis
559 732 591 763 in
603 734 701 765 sedeiu
714 756 722 768 ,
745 734 789 765 vel
802 733 991 776 l’resbytci'is
1004 734 1148 765 introdu-

158 773 267 805 cendis
278 774 309 805 in
322 774 489 807 Ecclesiam
501 778 552 811 ,δι’
564 776 744 812 concludit,
765 775 894 815 qmfipu‘s
914 787 1017 808 contra
1039 776 1149 808 hocve-

154 819 220 848 m're
237 816 475 858 praesumpfirunt
494 821 657 859 portionem
677 829 741 851 tum
758 822 852 852 (ιίειὶ
858 819 892 860 se
901 823 1021 852 noverit
1031 818 1149 851 habitu-

159 860 319 902 riimAErgo
332 865 341 901 (
355 871 388 892 ut
401 862 503 903 inquit
514 861 752 898 Turrecrem.in
763 866 945 901 amtorem,
954 862 1147 903 num.9.vers.

158 903 292 947 Quinti),
317 914 341 936 1.
354 904 447 945 quast.
464 915 489 937 1.
502 906 512 944 )
527 905 582 938 nisi
593 906 669 939 talia
681 918 804 943 emese,
827 908 873 938 vel
895 913 1028 939 vendere
1046 906 1147 938 finiret

158 948 343 980 damnatum
354 949 422 989 lege
431 949 567 983 naturali
580 971 588 983 ,
609 951 655 981 vel
668 950 818 982 divinain
830 951 965 994 personis
979 950 1119 983 Simonis
1138 972 1148 985 ,

154 990 314 1027 &Giezi3
333 994 497 1032 quomodo
508 992 602 1032 posset
613 994 671 1025 esl'e
685 1003 791 1025 verum
799 996 884 1034 quod
897 994 940 1029 ibi
950 993 1079 1029 dicitur,
1092 993 1147 1025 nisi

156 1035 290 1066 vendere
301 1056 310 1070 ,
332 1036 379 1066 vel
391 1045 493 1066 emere
507 1035 662 1068 beneficia
673 1036 898 1073 Ecclesiastica,
909 1036 959 1068 seu
970 1037 1146 1077 praebeniias

157 1077 231 1108 ess’et
241 1086 405 1118 peccatum
415 1078 550 1121 ejusdcm
561 1079 671 1119 speciei
683 1101 692 1115 ‚
703 1079 755 1112 scil
763 1080 824 1112 icet
837 1080 985 1115 firnoniae,
997 1090 1070 1111 cum
1081 1090 1149 1120 pec-

155 1120 239 1152 catis
261 1131 372 1153 eorum
393 1127 402 1152 Ξ
433 1120 532 1163 Qiod
554 1121 575 1152 si
588 1133 686 1154 unum
699 1122 846 1159 similium
857 1122 1095 1158 individuorum
1107 1123 1148 1156 est

157 1163 224 1203 lege
234 1163 342 1196 divina
351 1186 360 1200 ‚
381 1164 429 1196 vel
439 1165 576 1197 naturali
586 1165 780 1206 prohibitum
791 1166 900 1197 omnia
911 1166 1022 1198 similia
1033 1166 1147 1206 pariter

154 1206 223 1241 sunt
233 1207 392 1246 prohibita
402 1230 411 1244 ‚
421 1207 496 1248 quia
506 1208 590 1241 idem
601 1212 639 1241 de
651 1208 803 1246 similibus
813 1209 960 1241 omnibus
971 1209 1126 1250 judiciuin
1136 1231 1145 1245 ,

89 1248 130 1288 48
153 1257 187 1280 ut
200 1249 232 1280 in
242 1259 310 1291 cap.
322 1252 404 1282 Inter
414 1260 534 1283 caeteras
544 1274 554 1289 ,
563 1251 599 1283 de
610 1251 746 1294 rescri'pt.
759 1251 796 1284 <9⁴
804 1255 837 1283 in
847 1262 912 1293 cap.
923 1255 1002 1287 inter
1012 1263 1148 1293 corpora-

154 1292 252 1328 lia‚de
259 1294 406 1326 translat.
418 1296 446 1326 E
449 1293 556 1335 pifi‘op.
566 1294 586 1329 S
590 1295 598 1328 i
611 1296 716 1329 autem
728 1305 794 1326 non
806 1296 875 1328 sunt
888 1295 1022 1339 ejusdcm
1035 1295 1148 1336 speciei

152 1338 315 1376 quomodo
326 1335 524 1371 constitutio
537 1339 621 1379 Papae
633 1360 643 1375 ‚
664 1339 711 1370 vel
722 1337 867 1371 Concilii
885 1339 980 1379 poss'et
995 1337 1115 1373 efficere
1138 1361 1148 1375 ,

155 1388 191 1410 ut
202 1379 258 1420 qui
271 1390 336 1413 non
347 1382 489 1420 peccavit
501 1383 612 1417 eodem
624 1391 754 1422 peccato
766 1404 776 1417 ‚
788 1383 835 1413 vel
847 1384 954 1416 eadem
965 1382 1062 1422 specie
1075 1392 1148 1422 pec-

152 1422 303 1457 caticum
314 1423 404 1458 Giezi
415 1446 425 1460 ,
438 1425 486 1456 vel
497 1423 627 1456 Simone
638 1426 766 1461 ,debeat
779 1426 907 1457 cumeis
920 1426 1018 1466 magis
1030 1425 1148 1465 portio-

155 1474 229 1499 nem
248 1465 360 1497 habere
372 1488 382 1502 ‚
401 1466 496 1507 quam
515 1478 588 1499 cum
608 1468 773 1504 homicidis
784 1491 793 1504 ,
814 1478 951 1507 anteum
960 1469 1004 1500 eis
1015 1468 1148 1505 similem

153 1509 368 1541 damnationis
379 1520 504 1552 poenam
515 1511 673 1549 incurrere
686 1522 695 1548 3
717 1512 791 1544 cum
801 1521 908 1544 tamen
925 1522 992 1544 non
1003 1511 1147 1543 similiter

154 1561 228 1582 cum
239 1552 284 1589 eis
293 1553 472 1592 peccaverit
484 1577 491 1584 .
514 1554 554 1585 Et
565 1565 671 1586 tamen
682 1555 878 1589 dissimilium
889 1555 1051 1588 causarum
1061 1555 1147 1588 diffi-

154 1594 244 1626 miles
255 1596 369 1628 debent
380 1597 438 1628 else
450 1596 575 1630 effe&us
586 1620 593 1629 .
606 1599 651 1629 Ad
665 1598 723 1629 hoc
734 1609 758 1630 c.
771 1600 856 1637 Legi,
872 1602 918 1631 16,
929 1608 956 1636 q.
973 1609 996 1630 1.
1008 1609 1032 1630 c.
1043 1597 1126 1630 Sane
1136 1620 1147 1635 ,

153 1635 191 1668 de
199 1649 319 1670 renunc.
330 1650 354 1671 c.
368 1642 515 1672 Pervenit
525 1663 535 1677 ‚
547 1640 583 1672 de
587 1639 786 1683 fidejuffonc.
798 1641 941 1679 Majores
952 1663 960 1678 ,
971 1641 1049 1682 vers.
1057 1644 1096 1673 Si
1106 1640 1147 1672 ad

154 1679 207 1712 hoc
216 1703 225 1717 ‚
236 1680 273 1712 de
283 1680 395 1723 baptis
406 1694 430 1715 c.
441 1685 519 1715 Cum
531 1695 586 1715 non
597 1684 704 1716 deceat
713 1707 723 1720 ‚
742 1684 779 1716 de
788 1686 874 1717 eleflz
883 1683 937 1722 lib.
950 1688 979 1716 6.
989 1685 1010 1716 l.
1026 1695 1051 1717 1.
1063 1687 1099 1716 C.
1111 1683 1148 1722 de

155 1721 229 1763 furt.
241 1726 262 1762 l.
274 1726 355 1757 inter
360 1725 404 1766 sti
405 1727 560 1766 pulantem
569 1724 616 1769 ,ffi
627 1726 662 1758 de
672 1727 826 1760 verborum
835 1727 956 1766 obligat.

198 1766 346 1807 Qiartus
357 1779 459 1803 textus
471 1770 512 1800 est
526 1771 558 1801 in
569 1781 593 1801 c.
607 1772 661 1802 Ex
672 1771 831 1809 diligenti,
852 1771 888 1802 de
892 1772 999 1814 fimon.
1014 1771 1065 1804 ubi
1076 1781 1147 1811 prae-

153 1809 245 1842 statio
256 1811 396 1852 homagii
407 1834 417 1849 ,
438 1814 470 1844 &
484 1813 522 1843 sic
537 1813 580 1844 rei
592 1816 773 1854 temporalis
783 1837 793 1851 ‚
812 1815 861 1849 seu
874 1814 1014 1846 muneris
1035 1815 1072 1846 ab
1092 1815 1147 1845 ob-

151 1852 260 1893 sequio
269 1865 323 1894 pro
333 1856 488 1887 beneficio
499 1856 712 1889 Ecclesiastico
722 1859 896 1890 obtinendo
908 1880 917 1893 ,
941 1858 1098 1898 judicatur
1110 1857 1148 1889 si-

155 1896 303 1929 moniaca
312 1919 323 1934 ,
334 1900 366 1929 &
375 1899 494 1933 dicitur
504 1900 562 1931 esse
575 1901 737 1937 contraria
747 1901 865 1932 divinis
875 1923 885 1937 ,
904 1904 937 1932 δέ
948 1901 1092 1933 humanis
1105 1902 1148 1932 le-

156 1939 256 1979 gibus,
268 1941 321 1971 ubi
330 1942 417 1980 gloss.
428 1954 461 1975 »n
471 1953 536 1975 ver.
547 1944 729 1979 Divinis‚ex
734 1944 824 1984 ponit
834 1945 962 1976 verbum
974 1944 1147 1983 illud‚quia,

153 1983 211 2013 hoc
223 1989 265 2013 eit
275 1994 389 2016 contra
399 1995 487 2018 vetus
497 2007 506 2021 ,
517 1987 549 2019 &
560 1997 678 2018 novum
690 1987 924 2019 Testamentum
934 2009 944 2024 ‚
956 1998 990 2018 ut
1001 1987 1034 2018 in
1045 1998 1069 2019 c.
1081 1989 1147 2031 Qui

150 2024 270 2067 studet,
295 2037 320 2058 1.
332 2026 422 2068 quaest.
439 2038 463 2059 1.
475 2029 575 2062 ubide
588 2030 698 2065 Giezi,
722 2032 755 2063 &
774 2030 904 2062 Simone
916 2053 924 2062 .
946 2030 985 2062 Et
1002 2031 1147 2071 quamvis

155 2069 242 2109 gloss.
263 2070 365 2110 primo
386 2072 458 2104 loco
478 2071 520 2103 ibi
532 2083 628 2113 ponat
639 2073 732 2105 aliam
751 2074 942 2106 solutionem
955 2085 963 2110 ·‚
984 2083 1089 2106 tamen
1114 2073 1147 2104 in

156 2112 210 2145 iila
221 2123 287 2148 non
298 2113 445 2154 persistit,
465 2125 523 2149 nec
536 2115 657 2152 videtur
669 2117 753 2148 bona
770 2117 886 2149 solutio
897 2139 906 2152 ,
926 2126 961 2148 ut
971 2116 1014 2147 ibi
1025 2116 1092 2153 dixi
1112 2117 1147 2147 in

155 2167 184 2187 2.
194 2153 293 2190 notab.
338 2154 342 2160 '

187 2199 332 2240 Qiititus
352 2211 455 2233 textus
478 2201 520 2233 est
539 2224 549 2238 ‚
579 2202 651 2235 aliis
671 2202 790 2234 omissis
801 2226 811 2242 ,
831 2203 888 2245 qui
907 2213 962 2244 pro
982 2203 1038 2234 hac
1061 2213 1146 2243 parte

156 2242 264 2275 induci
277 2244 407 2282 possent,
419 2244 451 2276 in
462 2256 487 2276 c.
499 2246 679 2291 Presbyter,
706 2256 731 2278 1.
753 2245 844 2287 quest.
860 2256 884 2277 i.
901 2247 954 2278 ubi
973 2246 1144 2287 imponitur

157 2296 252 2325 poena
261 2285 445 2328 Presbytero
455 2310 465 2324 ‚
488 2289 543 2328 qui
553 2299 604 2328 pet
615 2290 782 2330 pecuniam
792 2290 934 2321 obtinuit
944 2289 1115 2321 Ecclesiam
1137 2313 1144 2322 .

158 2327 196 2359 Et
207 2340 242 2363 in
255 2329 316 2360 fine
327 2330 493 2366 subiicitur
504 2333 587 2366 ratio
599 2344 608 2368 ·‚
628 2332 705 2373 quia
717 2334 815 2367 altare
825 2356 835 2369 ,
845 2335 877 2364 δέ
888 2333 1071 2368 decimam&
1082 2333 1148 2373 Spi-

156 2371 253 2405 titum
275 2372 415 2404 sanetum
432 2384 535 2411 emere
545 2397 555 2411 ,
577 2377 622 2408 vel
644 2379 777 2408 vendere
787 2376 999 2408 iiimoniacam
1011 2377 1146 2407 liserefim

156 2415 369 2449 eil'o,tidelium
380 2418 485 2448 nullus
498 2418 815 2459 ignoranconcordat
826 2429 891 2460 cap.
904 2420 1020 2451 Altare
1029 2441 1038 2455 ‚
1063 2430 1087 2450 1.
1100 2430 1144 2457 qu.

157 2466 183 2497 3.
194 2458 232 2489 iit
242 2458 386 2497 quamvis
396 2459 460 2489 liaec
472 2470 537 2491 non
548 2461 583 2496 fit
595 2460 717 2501 proprie
730 2462 864 2499 lia-rests,
877 2462 897 2493 si
909 2462 984 2496 absit
998 2473 1086 2494 error
1098 2465 1146 2494 in-

154 2499 315 2537 tellectus,
328 2510 361 2531 ut
373 2511 425 2540 per
437 2502 547 2533 lnnoc.
560 2503 593 2541 in
602 2515 627 2536 c.
639 2504 817 2546 Quom-‘ste
829 2506 930 2544 (imon.
940 2508 973 2536 v<554
984 2506 1048 2537 dixi
1059 2505 1147 2547 supra

153 2554 234 2579 num.
256 2554 306 2584 24.
327 2553 432 2575 tamen
454 2544 531 2576 sacri
551 2545 701 2578 Canones
722 2558 786 2578 non
799 2550 987 2588 appellarent
1008 2549 1066 2582 hoc
1087 2550 1147 2580 cri-

152 2596 226 2619 men
246 2586 419 2625 detestabili
441 2588 570 2620 nomine
588 2589 706 2622 haereiis
727 2612 736 2626 ‚
767 2591 826 2622 nisi
856 2592 928 2623 esset
950 2593 1018 2633 lege
1037 2593 1147 2624 divina

152 2631 337 2665 damnatum
348 2652 356 2661 .

189 2671 271 2713 Qiae
283 2671 439 2708 sententia
449 2674 597 2714 probatur
606 2675 702 2709 etiam
714 2675 838 2708 ratione
849 2688 859 2707 :
882 2687 955 2708 nam
968 2678 1001 2712 in
1013 2677 1145 2720 simplici

156 2714 363 2752 canonicatu
383 2716 454 2747 sunt
474 2719 537 2748 duo
547 2740 556 2753 ,
578 2718 696 2750 scilicet
715 2718 867 2751 Officium
887 2723 922 2751 ad
934 2724 1017 2761 quod
1031 2723 1092 2763 aliq
1099 2722 1146 2755 uis

152 2759 352 2799 mancipatur
363 2781 372 2795 ,
395 2769 428 2796 ut
441 2760 472 2791 in
484 2760 627 2792 Clemen.
639 2761 680 2794 Ut
689 2764 734 2797 ii,
754 2761 791 2793 de
802 2771 880 2793 aetat.
900 2761 937 2794 Θ
957 2765 1100 2801 qualitas.
1112 2767 1145 2796 &

154 2801 341 2835 beneficium
352 2805 541 2843 temporale,
563 2806 648 2846 quod
661 2805 732 2837 inde
744 2805 930 2845 percipitur.
953 2806 1145 2843 Beneficium

155 2845 242 2876 enim
252 2848 344 2882 datur
355 2855 479 2887 propter
490 2846 630 2879 officium
641 2849 677 2879 ad
697 2847 953 2883 sustentationem
972 2849 1111 2881 Ministri
1134 2873 1144 2887 ‚

149 2896 215 2927 cap.
221 2886 280 2929 fin.
288 2888 325 2919 de
334 2888 470 2929 rescript.
481 2893 514 2921 in
525 2896 553 2921 6.
565 2901 600 2921 ca
602 2889 714 2931 p.·Citm
719 2890 880 2929 secundum
891 2913 900 2927 ,
914 2891 998 2933 infra
1013 2893 1049 2924 de
1058 2891 1142 2933 preb.

156 2930 236 2965 Illud
247 2941 354 2965 autem
365 2933 551 2964 beneficium
563 2944 627 2969 noti
637 2934 678 2965 est
689 2934 772 2965 aliud
782 2956 792 2970 ,
800 2945 895 2975 quarn
907 2937 1045 2975 quodam
1056 2946 1142 2967 emo-

91 2980 128 3013 52
152 2973 329 3007 lumentum
339 2977 510 3016 temporale
520 2978 629 3012 datum
640 2977 656 3007 ὀ
667 2976 888 3012 fundatoribus
905 2978 1112 3013 Ecclesiarum
1133 3001 1144 3019 Σ

154 3017 187 3052 ὃς
198 3016 269 3051 aliis
278 3018 399 3052 devotis
409 3019 544 3060 personis
554 3042 564 3055 ,
587 3020 658 3051 loco
669 3043 679 3056 ,
701 3021 733 3051 ὃς
752 3019 858 3052 officio
877 3030 933 3061 pro
951 3020 1143 3053 sustentatio-

156 3068 198 3092 ne
209 3058 350 3092 Ministri
360 3062 433 3102 ,qui
445 3064 536 3095 debet
548 3063 580 3094 in
592 3064 664 3096 loco
674 3062 812 3096 officiare
822 3085 832 3099 ‚
841 3073 906 3104 cap.
918 3064 1069 3099 Nemo,de
1080 3076 1143 3096 con-

148 3100 228 3141 secr·v
239 3100 540 3142 destin.1.1nstituere
551 3116 656 3138 autem
667 3106 880 3139 Ministerium
891 3117 947 3147 pro
957 3107 1013 3143 tali
1024 3107 1141 3143 officio,

154 3145 188 3177 &
198 3153 255 3187 pto
264 3145 321 3176 tali
332 3146 405 3178 loco
413 3149 548 3188 pertinet
560 3151 597 3181 ad
609 3149 772 3180 Praelatuin
782 3171 791 3186 ,
802 3149 890 3191 cujus
901 3149 942 3181 est
951 3149 1092 3191 judicare
1103 3154 1141 3183 de

155 3187 332 3221 idoneitate
343 3188 565 3233 Ministri,cap.,
576 3202 602 3233 3.
615 3191 651 3223 de
659 3190 789 3233 institue.
800 3201 867 3233 cap.
877 3195 1076 3230 Conquerente
1086 3215 1095 3229 ‚
1106 3194 1142 3224 de

154 3230 229 3271 offic.
241 3230 336 3262 ordin.
347 3231 477 3265 Cardin.
491 3235 524 3267 in
535 3235 637 3268 Clem.
653 3245 677 3266 1.
689 3237 721 3266 in
732 3239 762 3266 6.
773 3233 865 3275 quast.
885 3246 965 3267 num.
979 3246 990 3268 1
998 3246 1024 3268 1.
1035 3234 1143 3277 defigi).¹

152 3275 309 3313 plemnegl.
320 3277 441 3309 Praelat.
460 3277 518 3312 Sed
529 3282 612 3319 quod
623 3277 780 3310 institutus
800 3278 932 3319 recipiat
953 3279 1140 3312 beneficium

155 3326 221 3348 non
229 3316 270 3348 est
281 3327 318 3348 ex
328 3320 415 3349 dono
424 3318 546 3355 Praelati
557 3344 567 3357 ,
586 3321 641 3362 qui
653 3320 729 3356 nihil
744 3321 819 3360 juris
830 3321 923 3358 habet
937 3321 971 3357 iri
982 3322 1141 3354 beneficio

155 3361 240 3400 quod
261 3360 321 3392 hoc
331 3383 340 3397 ,
361 3361 411 3393 sed
430 3373 467 3394 ex
485 3365 573 3396 dono
587 3363 764 3396 fundatoris
772 3385 783 3400 ,
801 3364 857 3404 qui
879 3365 941 3397 tale
953 3365 1140 3398 beneficium

154 3405 241 3441 dedit
250 3403 400 3437 Ministro
411 3405 445 3437 in
455 3405 592 3440 taliloco
601 3430 611 3444 ,
631 3407 709 3438 &in
720 3406 776 3437 tali
786 3406 912 3443 officio,
942 3408 1019 3439 utin
1029 3419 1053 3439 c.
1065 3411 1139 3441 Sal-

152 3447 252 3482 vator.
267 3458 293 3481 1.
303 3457 349 3485 qu.
363 3459 389 3490 3.
402 3448 440 3480 Et
452 3448 510 3480 hoc
520 3449 593 3482 satis
604 3449 750 3483 innuitur
761 3450 793 3482 in
806 3449 1138 3496 Anthen.sanc7.Ep1s-

2021 54 2120 107 649

1187 131 1248 163 00!-
1262 134 1288 159 ἢ.
1299 129 1336 158 Si
1348 130 1412 166 quis
1432 132 1607 162 oratorium
1618 153 1628 166 ,
1649 132 1750 163 collat.
1773 142 1801 167 9.
1823 131 1876 162 ubi
1898 132 2033 171 express(-
2056 134 2178 166 dicitur

1188 162 1368 214 fundatores
1386 171 1592 204 Ecclesiaruui
1613 175 1723 206 debere
1743 177 1879 215 expi'esas
1897 174 2070 208 ministrare
2080 176 2181 210 Cleri-

1189 220 1252 249 cus,
1273 213 1320 247 scd
1331 213 1476 246 Clericos
1486 218 1596 248 debere
1610 218 1728 248 institui
1741 218 1999 258 pcrhpiscopiiin,
2013 221 2045 250 &
2060 219 2181 251 institu-

1189 262 1236 302 to}
1256 257 1368 292 debere
1386 258 1565 296 observare,
1587 261 1645 292 hoc
1666 262 1706 292 cil
1729 261 1878 293 inservire
1888 261 2032 294 ecclesiis
2043 263 2127 299 suis,
2147 266 2180 296 ὅ(

1188 299 1354 340 adimplete
1366 301 1571 335 ministerium
1583 303 1833 336 Ecclesialliciun
1843 328 1850 335 .
1873 304 1914 335 Ex
1926 316 1990 345 quo
2013 305 2052 337 sic
2075 307 2181 345 argui-

1188 350 1238 374 tur
1249 364 1256 372 .
1280 342 1362 374 Dare
1374 344 1531 384 spirituale
1542 357 1596 385 pro
1609 348 1771 387 temporali
1782 349 1822 379 cll
1836 347 2088 385 siiiioniacuui,&
2100 360 2178 381 con-

1188 385 1292 426 traius
1303 388 1463 423 naturale,
1486 389 1672 421 &divinum
1685 413 1694 426 ,
1717 392 1988 431 utpatetexilickis
2007 392 2024 422 a
2044 403 2123 423 num.
2147 403 2176 430 7.

1187 426 1245 474 Sed
1259 432 1390 463 vendere
1400 429 1636 464 Canonicatum
1647 435 1687 465 eil
1699 436 1771 465 dare
1785 434 1939 475 spirituale
1951 444 2009 475 pro
2019 444 2179 475 tempora-

1188 470 1296 516 112q11ia
1307 483 1339 503 ut
1351 474 1468 506 ilicium
1480 475 1678 509 elidunt-latus
1689 488 1753 508 non
1764 480 1815 509 dat
1829 478 1954 517 aliquod
1967 478 2172 515 beneficium,

1188 519 1245 546 nui
1256 515 1331 555 quia
1343 516 1477 548 instituit
1488 518 1663 550 ministrum
1678 521 1759 556 loco,
1772 523 1803 552 &
1814 520 1940 556 officio3
1962 531 2030 562 quae
2048 522 2180 563 quidem

1188 556 1346 590 institutio
1357 559 1397 589 eli
1411 561 1454 597 jus
1466 561 1548 594 merc
1565 562 1720 602 spirituale
1733 585 1742 599 ,
1761 567 1843 604 quod
1854 574 1889 594 cx
1902 563 1929 595 se
1941 565 2034 596 vendi
2047 575 2112 596 non
2125 576 2179 605 po—

1188 600 1261 647 test..
1287 601 1367 640 lii-go
1377 604 1420 635 eit
1430 603 1464 634 iu
1475 603 1502 634 se
1515 605 1720 639 simoniacum
1731 609 1763 637 ὃς
1775 616 1888 638 contra
1902 608 1947 649 jus
1960 608 2104 640 naturale
2115 630 2124 646 ,
2144 611 2178 640 ὅ(

1186 645 1327 679 divinum
1340 667 1347 679 ,
1369 644 1449 686 Qio
1468 657 1654 685 argumento
1687 659 1818 680 utuntur
1841 649 1959 682 Diu-an.
1984 652 2015 681 &
2037 649 2117 683 Petr.
2139 654 2178 684 de

1187 685 1299 719 l’aliidc
1311 690 1388 727 apud
1397 687 1426 719 T
1430 699 1628 725 urrccremzit.
1642 692 1675 723 in
1684 703 1749 733 cap.
1761 694 1914 729 Lamum,
1926 705 1954 724 n.
1967 698 1996 725 8.
2006 693 2085 734 vers.
2099 695 2179 726 Ter-

1185 732 1232 760 tia
1244 740 1324 761 ratio
1334 753 1342 766 ,
1371 741 1395 762 1.
1407 731 1496 771 quest.

1199 810 1203 815 ¹
1228 772 1447 810 Praetercssihaec
1461 776 1615 810 sententia
1628 778 1698 811 aliis
1709 779 1805 810 etiam
1826 779 2000 810 rationibus
2014 779 2145 812 fulcitur
2163 802 2174 816 ,

1185 826 1260 856 quas
1272 820 1459 853 adducemus
1471 820 1502 850 in
1513 820 1679 860 questione
1690 821 1830 861 sequenti
1839 832 1917 852 num.
1931 827 1981 854 86.
1994 825 2028 853 ad
2042 824 2175 862 proban-

1185 862 1259 891 dum
1272 859 1381 900 Papam
1394 864 1526 894 vendere
1545 874 1609 895 non
1621 866 1700 904 polle
1722 865 1852 897 titulum
1864 864 2102 902 canonicatus,
2125 867 2173 898 vel

1186 903 1358 938 consimilis
1371 906 1514 938 beneficii
1537 906 1598 938 sine
1620 908 1687 939 labe
1698 907 1848 939 Simoniae
1865 931 1873 940 .
1895 907 2016 939 Eaedem
2039 918 2174 949 namque

1187 946 1325 979 rationes
1335 949 1420 989 aeque
1432 949 1627 981 concludunt
1639 951 1717 981 hanc
1739 951 1869 991 speciem
1890 950 2026 985 simoniae
2039 961 2105 982 non
2116 952 2174 983 effe

1186 990 1374 1029 prohibitam
1388 1001 1453 1032 iure
1466 992 1590 1027 tantum
1603 993 1735 1032 positivo
1746 1016 1754 1030 ,
1767 993 1819 1025 ciii
1832 993 1911 1034 Papa
1923 1004 1986 1024 non
1998 994 2173 1034 subjicitur,

1185 1042 1254 1073 cap.
1266 1034 1441 1073 Praeposuit.
1459 1034 1494 1066 de
1506 1036 1714 1077 conceffipraeb.
1729 1036 1824 1067 Unde
1836 1037 1980 1071 authores
1992 1037 2035 1068 ibi
2047 1037 2173 1078 allegati

1185 1086 1262 1107 num.
1276 1085 1325 1113 72.
1340 1082 1375 1107 (ff
1391 1087 1458 1116 ¹¹4·
1473 1077 1647 1110 suntctiam
1657 1090 1711 1119 pro
1721 1081 1777 1111 hac
1789 1080 1943 1112 sententia
1955 1104 1962 1110 .

1227 1117 1340 1152 Tertio
1361 1120 1576 1161 principaliter
1593 1121 1792 1163 QUAERO,
1811 1124 1861 1154 An
1884 1123 1961 1165 Papa
1972 1123 2059 1163 pomi
2073 1123 2174 1154 invol-
2195 1133 2232 1164 53

1186 1161 1216 1195 vi
1228 1162 1360 1195 crimine
1373 1163 1509 1197 simoniae
1521 1186 1529 1195 .
1637 1167 1639 1170 '

1227 1204 1302 1239 Haec
1323 1206 1450 1246 quaestio
1469 1207 1647 1247 graviffima
1666 1207 1726 1244 est,
1743 1209 1776 1241 &
1795 1207 1985 1249 perdifficilis
2005 1209 2046 1240 ob
2065 1209 2173 1241 multi-

1186 1247 1281 1287 plices
1292 1249 1432 1285 rationes
1443 1272 1453 1286 ,
1473 1252 1505 1282 &
1514 1252 1720 1283 authoritates
1730 1262 1797 1292 quae
1808 1251 1956 1293 utrinque
1978 1251 2150 1287 afferuntur
2161 1276 2170 1284 .

1186 1291 1244 1324 Sed
1267 1301 1301 1325 ut
1322 1293 1408 1326 clara
1426 1292 1627 1327 secernantur
1644 1293 1787 1331 idubiis,
1807 1296 1906 1335 plures
1931 1294 2016 1327 casus
2038 1294 2107 1326 sunt
2126 1295 2173 1327 di-

1187 1332 1362 1374 stinguendi
1374 1358 1381 1366 .

1228 1378 1291 1409 Aut
1311 1379 1398 1412 enim
1416 1379 1567 1420 quaeritur
1586 1391 1625 1412 an
1646 1380 1724 1420 Papa
1736 1381 1871 1423 potuerit
1880 1381 2064 1414 commitere
2082 1381 2173 1412 simo-

1184 1419 1271 1452 niam
1283 1431 1338 1461 pro
1349 1420 1464 1461 l'apatu
1475 1423 1672 1464 adipiscendo
1682 1447 1689 1454 .
1702 1425 1764 1455 Aut
1775 1423 1923 1465 quaeritur
1933 1433 1972 1455 an
1982 1423 2071 1464 possit
2082 1424 2171 1456 illam

1184 1464 1385 1497 committere
1405 1465 1468 1507 post
1490 1465 1639 1507 Papatum
1650 1470 1794 1508 adeptum
1805 1490 1815 1510 ³.
1835 1468 1868 1499 &
1878 1466 2063 1505 ,electionem
2074 1477 2171 1499 cano-

1184 1506 1257 1541 nice
1269 1508 1460 1543 celebratam
1471 1531 1479 1545 .,
1907 1526 1920 1542 ι

1227 1550 1263 1582 Iu
1274 1550 1453 1591 primocasu
1463 1552 1659 1584 manifestum
1669 1552 1709 1585 est
1720 1552 1832 1595 Papam
1842 1563 1897 1595 pro
1916 1552 2109 1594 acquirendo
2121 1552 2175 1586 Pa·
2194 1561 2234 1594 54

1184 1601 1257 1635 patu
1268 1595 1398 1634 potuisse
1408 1595 1571 1627 simoniam
1583 1596 1791 1629 committere:
1804 1607 1905 1629 textus
1916 1596 1957 1631 est
1969 1605 2090 1636 apertus
2102 1595 2135 1628 in
2145 1608 2170 1628 c.

1183 1638 1296 1674 Siquis
1306 1640 1429 1678 pecunia
1441 1660 1450 1673 ,
1471 1647 1522 1676 79.
1533 1637 1664 1680 distinet.
1675 1641 1708 1671 &
1719 1650 1831 1673 notant
1851 1640 1977 1671 Gemin.
1991 1639 2024 1671 iri
2034 1648 2099 1680 cap.
2111 1642 2171 1671 Pro

1184 1678 1308 1712 humani·
1327 1702 1336 1717 ‚
1354 1682 1390 1712 de
1409 1680 1550 1719 homicid.⁴
1567 1682 1619 1714 lib.
1639 1686 1669 1714 6.
1689 1685 1721 1715 &
1741 1682 1865 1723 Praepos.
1878 1683 1910 1714 in
1921 1691 1986 1725 cap.
1999 1683 2142 1714 Latorem
2161 1704 2172 1719 ,

1183 1734 1262 1754 num.
1274 1727 1302 1754 6.
1320 1733 1345 1755 1.
1355 1734 1381 1761 q.
1397 1734 1408 1756 1
1419 1726 1461 1756 .&
1471 1725 1562 1759 hodie
1573 1725 1791 1767 estexpreffum
1804 1726 1838 1757 in
1848 1724 2084 1760 Constitutione
2097 1726 2171 1766 Julii

1184 1766 1223 1797 11.
1236 1776 1303 1807 quae
1314 1765 1447 1808 incipit,
1458 1768 1536 1802 Ciam
1547 1778 1611 1800 tum
1622 1768 1728 1801 divino
1739 1791 1747 1805 .
1758 1768 1842 1801 edita
1864 1779 1909 1805 19.
1931 1766 1991 1806 kal.
2011 1766 2172 1801 Februarii

1188 1811 1319 1848 1505.&
1332 1810 1677 1852 itaintelligendaesunt
1695 1813 1816 1853 glossae,
1836 1822 1904 1854 quae
1920 1812 2033 1845 dicunt
2055 1811 2170 1852 Papam

1183 1852 1263 1892 posse
1274 1854 1312 1889 de
1323 1853 1458 1885 crimine
1469 1854 1604 1888 simonia:
1615 1855 1764 1891 accusari,
1775 1865 1809 1887 ut
1821 1866 1871 1896 per
1883 1854 2007 1896 Praepos.
2020 1855 2052 1887 in
2064 1857 2170 1894 capsi·

1184 1898 1295 1935 Papa,
1317 1907 1368 1935 40.
1383 1896 1484 1937 distin.
1498 1896 1634 1931 licethic
1656 1898 1741 1931 casus
1762 1899 1901 1930 videatur
1921 1902 2007 1931 extra
2017 1898 2172 1930 terminos

1183 1938 1376 1979 quaestionis,
1405 1941 1481 1981 quia
1492 1941 1660 1973 simoniace
1672 1941 1787 1974 elcekus
1798 1952 1863 1973 non
1874 1940 1915 1973 est
1937 1941 2035 1981 Papa,
2053 1951 2111 1972 nec
2129 1941 2171 1972 est

1184 1982 1382 2021 Apostolicus
1394 2005 1403 2019 ,
1426 1983 1477 2015 sed
1496 1984 1691 2024 Apostaticus
1701 2007 1711 2022 ,
1733 1995 1767 2017 ut
1778 1985 1895 2017 dicitur
1906 1984 1939 2016 in
1950 1984 1980 2015 d.
1991 1995 2015 2016 c.
2026 1986 2064 2016 Si
2075 1986 2141 2022 quis
2160 2006 2170 2020 ,

1183 2025 1215 2056 &
1228 2026 1262 2057 in
1274 2025 1677 2067 praeallegeConstitutione
1688 2028 1763 2068 Julii
1774 2028 1812 2059 11.

1227 2069 1263 2099 In
1274 2068 1409 2101 sec‘undb
1421 2079 1525 2102 autem
1535 2071 1606 2103 casu
1616 2071 1843 2111 subdistingue:
1864 2081 1939 2108 nam
1959 2070 2172 2110 autquaeritur
2194 2078 2229 2110 55

1184 2119 1223 2141 an
1244 2110 1323 2151 Papa
1343 2113 1500 2145 canonice
1529 2114 1644 2150 ele-&us
1665 2114 1755 2154 possit
1776 2114 1976 2146 committere
2006 2113 2171 2146 simoniam

1183 2157 1286 2194 quoad
1299 2165 1405 2199 peenas
1415 2156 1490 2198 juris
1502 2157 1652 2198 positivi:
1670 2167 1723 2188 aur
1735 2167 1774 2188 an
1785 2157 1876 2198 poffit
1889 2156 1974 2189 illam
1986 2156 2167 2188 committe*

1183 2206 1215 2227 re
1225 2200 1329 2237 quoad
1341 2200 1465 2239 culpam
1476 2222 1483 2230 .
1504 2199 1623 2240 Qioad
1643 2210 1768 2240 poenam
1788 2201 2041 2232 concludendum
2059 2199 2101 2231 est
2112 2210 2167 2232 rie-

1183 2240 1287 2279 gative
1298 2263 1308 2277 ‚
1331 2242 1407 2282 quia
1428 2242 1507 2283 l’apa
1516 2265 1526 2279 ,
1548 2243 1625 2277 sicut
1638 2243 1809 2284 Imperator
1821 2253 1885 2274 non
1905 2244 2021 2283 ligatur
2044 2242 2166 2282 legibus

1183 2283 1243 2314 suis
1253 2305 1263 2319 ‚
1284 2285 1330 2315 vel
1351 2284 1606 2318 Praedecefforum
1625 2286 1749 2318 suorum
1769 2288 1873 2326 quoad
1886 2285 1949 2317 vim
1960 2284 2135 2317 coactivam
2155 2307 2166 2321 ,

1183 2326 1227 2356 ita
1247 2336 1280 2358 ut
1304 2327 1446 2359 incurrat
1467 2340 1574 2369 poenas
1595 2329 1653 2360 suis
1673 2328 1962 2361 constitutionibus
1972 2327 2123 2364 inflidias,
2143 2329 2164 2359 l.

1183 2369 1424 2412 prim-epsffae
1434 2373 1489 2410 leg.
1502 2374 1529 2409 §.
1543 2375 1606 2403 His
1615 2375 1671 2407 im,
1685 2381 1762 2410 25.q.
1771 2373 1829 2402 1.&
1841 2370 1941 2411 scripsi
1955 2369 2014 2401 late
2026 2370 2063 2417 in
2072 2372 2168 2402 c.1.de

1182 2413 1405 2454 Constitutione.
1424 2414 1517 2447 Unde
1529 2415 1562 2445 fit
1573 2425 1607 2446 ur
1620 2415 1640 2445 si
1652 2414 1731 2454 Papa
1741 2414 1902 2446 Clericum
1914 2422 2065 2455 percotiat
2077 2434 2086 2449 ,
2099 2423 2166 2445 non

1183 2459 1303 2489 incidat
1315 2459 1347 2489 in
1357 2456 1564 2499 Canonemfi
1572 2457 1797 2497 quisfiiadente‚
1812 2466 1858 2495 17.
1870 2465 1974 2495 φόνια
1985 2465 2076 2489 notat
2088 2456 2164 2495 glos.

1182 2503 1270 2532 unica
1277 2503 1310 2532 in
1319 2513 1344 2533 c.
1356 2500 1470 2536 Nulli,
1481 2500 1565 2540 infra*
1577 2522 1586 2537 ‚
1597 2499 1714 2539 desem.
1725 2510 1838 2532 excom.
1852 2501 1885 2531 &
1898 2498 1994 2532 Gard.
2006 2499 2040 2531 in
2051 2510 2077 2534 c.
2088 2502 2165 2546 {Jer-

1181 2545 1354 2585 pendimus,
1364 2541 1427 2573 eod.
1438 2546 1488 2574 tit.
1501 2543 1538 2576 Et
1549 2544 1593 2575 ita
1603 2544 1636 2574 in
1647 2543 1788 2575 terminis
1801 2542 1935 2574 simonia:
1954 2542 2080 2589 firmant
2092 2552 2126 2577 in
2139 2554 2164 2574 c.

1182 2589 1324 2626 Latorem
1338 2609 1346 2622 ‚
1359 2596 1383 2617 i.
1395 2596 1421 2622 ‹1-
1438 2596 1462 2617 1.
1476 2586 1673 2618 Turrecrem.
1683 2598 1713 2618 71.
1727 2597 1754 2627 3.
1766 2588 1797 2617 &
1808 2585 1933 2625 Praepos.
1953 2596 1982 2616 n.
1994 2594 2022 2622 7.
2043 2584 2164 2616 silvest.

1182 2632 1245 2671 post
1268 2630 1346 2662 Petr.
1366 2631 1403 2660 de
1414 2628 1536 2664 Palude.
1547 2632 1580 2660 in
1590 2641 1653 2661 ver.
1665 2632 1802 2661 Simom‘a
1813 2650 1822 2665 ‚
1843 2640 1892 2667 nui
1900 2639 1930 2668 4.
1941 2626 2019 2667 versi
2034 2629 2167 2660 Limitat

1183 2678 1276 2710 etiam
1289 2695 1299 2713 ‚
1319 2672 1457 2706 Thomas
1468 2671 1618 2713 Cainpeg.
1639 2675 1672 2704 in
1680 2673 1710 2704 d.
1723 2673 1856 2704 trafbatu
1869 2693 1879 2707 ,
1901 2674 1956 2703 An
1967 2673 2053 2711 Papa
2064 2668 2164 2702 labem

1175 2718 1306 2762 fimoniae
1318 2718 1467 2748 incurrere
1474 2716 1574 2757 poffit,
1594 2727 1642 2747 nu.
1654 2727 1669 2746 2
1677 2726 1704 2755 5.
1715 2715 1848 2753 Cardin.
1857 2714 1963 2755 Jacob.
1984 2714 2117 2760 inntracil.
2128 2713 2165 2745 de

1181 2761 1296 2793 Concil.
1305 2757 1359 2790 lib.
1370 2769 1400 2797 4.
1413 2767 1472 2789 art.
1482 2770 1512 2799 4.
1523 2759 1630 2789 dicens
1642 2758 1724 2790 idem
1736 2758 1793 2790 esse
1805 2757 1825 2789 si
1836 2767 1933 2798 poenae
1945 2756 2004 2787 fint
2014 2756 2163 2802 impositae

1181 2813 1233 2844 per
1243 2805 1369 2834 decreta
1376 2800 1574 2837 Conciliaria
1584 2823 1593 2837 ‚
1614 2800 1686 2833 cum
1700 2801 1779 2842 Papa
1786 2801 1822 2832 sit
1832 2800 1921 2840 supra
1929 2798 2164 2833 Conciliumz&

1180 2846 1317 2889 sequitur
1327 2844 1471 2883 Redoan.
1478 2846 1511 2876 in
1521 2844 1610 2875 emet.
1621 2843 1657 2875 de
1660 2845 1766 2887 simon.
1778 2852 1858 2884 part.
1874 2853 1898 2875 1.
1909 2854 1935 2874 c.
1946 2853 1997 2873 22.
2007 2853 2036 2874 n.
2050 2846 2079 2873 8.

1227 2888 1308 2930 Qio
1329 2887 1405 2919 vero
1419 2890 1455 2925 ad
1467 2888 1588 2928 culpam
1601 2889 1632 2919 δε
1644 2897 1808 2928 peccatum
1819 2896 1880 2918 tres
1887 2886 1972 2919 casus
1982 2885 2051 2917 sunt
2061 2885 2167 2918 distin-

1179 2931 1295 2973 guendi
1313 2953 1322 2967 .
1987 2971 1992 2976 1
2044 2971 2049 2975 -
2107 2972 2111 2976 ¹

1223 2974 1344 3009 Primus
1355 2971 1440 3005 casus
1452 2973 1494 3004 est
1504 2973 1536 3004 in
1548 2972 1592 3004 his
1601 2995 1610 3009 ‚
1632 2983 1698 3013 quae
1709 2983 1744 3004 ex
1765 2973 1810 3004 sui
1820 2981 1932 3004 natura
1949 2972 2163 3018 principaliter

1179 3018 1249 3050 sunt
1261 3016 1432 3048 simoniaca
1441 3038 1451 3051 ,
1472 3018 1504 3047 &
1523 3020 1671 3047 damnata
1691 3017 1724 3047 in
1743 3025 1826 3047 novo
1837 3033 1847 3052 ‚
1869 3025 1922 3046 aut
1944 3013 2162 3061 veteri-Testa-

1191 3070 1299 3092 mento
1311 3082 1320 3096 ‚
1341 3069 1375 3090 ut
1385 3062 1517 3095 vendere
1528 3059 1792 3098 gratiani‚sacram
1803 3068 1912 3090 manus
1923 3056 2163 3104 impositionem,

1179 3106 1213 3135 δέ
1227 3104 1287 3135 alia
1300 3104 1330 3134 id
1343 3112 1439 3142 genus
1451 3124 1458 3132 .
1480 3101 1519 3135 Et
1530 3112 1584 3142 pro
1594 3102 1641 3133 his
1653 3102 1672 3133 fi
1686 3101 1763 3143 Papa
1773 3124 1782 3138 ‚
1805 3102 1890 3142 quod
1902 3099 1986 3135 absit,
1997 3109 2162 3139 pecuniam

1181 3147 1332 3187 reciperet
1343 3167 1352 3181 ‚
1372 3145 1753 3184 proculdubiosimoniam
1763 3144 1976 3176 committeret
1986 3141 2162 3190 siciitquili-

1180 3191 1229 3220 bet
1241 3189 1320 3220 alius
1332 3210 1340 3223 ‚
1361 3190 1392 3219 &
1402 3197 1493 3219 tanto
1502 3187 1626 3227 gravius
1637 3197 1780 3229 peccaret
1791 3210 1801 3224 ,
1821 3196 1940 3228 quanto
1951 3195 2008 3225 prae
2019 3186 2161 3218 altitudi·

1177 3243 1216 3264 ne
1226 3231 1394 3272 dignitatis
1405 3231 1524 3263 caeteris
1534 3231 1681 3265 omnibus
1693 3230 1870 3272 pra-eminet
1881 3251 1889 3260 .
1910 3229 1985 3260 Haec
1998 3229 2161 3262 conclusio

1177 3276 1239 3311 est,
1262 3275 1293 3306 S.
1306 3273 1435 3306 Thomae
1446 3295 1456 3309 ‚
1478 3273 1600 3310 Alberti
1611 3273 1744 3315 Magni,
1765 3272 1890 3308 Unici,
1901 3271 2046 3304 Durandi
2055 3295 2065 3309 ,
2076 3272 2159 3304 Petri

1177 3321 1214 3352 de
1228 3317 1341 3349 Palude
1352 3339 1361 3353 ‚
1383 3315 1572 3352 Turrecrem
1583 3339 1591 3348 .
1614 3319 1646 3348 ὅ(
1658 3317 1791 3348 aliorum
1802 3338 1812 3352 ‚
1832 3317 1870 3345 de
1888 3314 2001 3355 quibus
2019 3315 2157 3357 infrdnu.

1176 3365 1226 3400 84.
1242 3361 1280 3392 Et
1292 3370 1359 3391 eam
1372 3359 1461 3400 ponit
1470 3360 1567 3399 glossa
1580 3359 1629 3392 hic
1642 3361 1673 3391 in
1683 3370 1747 3391 ver.
1757 3359 1872 3390 illicite
1892 3358 2038 3398 pafbionis
2051 3381 2059 3391 .
2080 3359 2160 3391 Item

1175 3404 1240 3436 aliae
1251 3403 1352 3444 glossa:
1362 3425 1371 3438 ,
1393 3406 1424 3434 ὃ(
1437 3402 1589 3433 Doctores
1600 3401 1779 3443 i‘upracitati
1789 3413 1817 3432 n.
1829 3405 1858 3432 6.
1870 3399 1947 3441 vers.
1967 3400 2029 3434 Sed
2048 3402 2095 3433 his
2103 3412 2159 3432 non

1173 3446 1355 3489 obstantibus
1372 3468 1383 3483 ,
1402 3449 1477 3478 dum
1496 3446 1620 3477 firmant
1645 3445 1756 3485 Papam
1777 3445 1858 3486 posse
1878 3444 2000 3476 involvi
2020 3444 2157 3517 csriminae

2040 3496 2115 3516 imo-
