2397 3664
54 1004 116 1033 290

55 1133 115 1162 291

660 96 663 98 .
713 45 812 106 De
848 43 1089 106 Constie
1117 64 1165 108 c.
1199 45 1301 108 Ne
1331 48 1599 110 innitaris:

139 133 285 176 judicium
292 133 330 166 de
346 132 396 177 off.
405 131 498 173 deleg.
507 141 582 166 cum
597 132 861 165 concordantibus
871 136 882 167 ς
902 134 940 164 de
953 134 1067 174 quibus
1084 133 1128 164 ibi

134 189 193 221 ‘per
199 177 324 220 glossam
332 178 366 209 in
384 188 451 209 ver.
461 177 669 210 Plurimorum
677 196 686 206 .

183 220 530 262 vigesimumoetavum
538 218 777 250 fundamentum
786 218 827 250 est
835 238 846 253 ‚
864 217 939 259 quia
948 218 1129 260 impruden-

139 275 188 297 ter
197 266 264 305 agit
272 284 282 298 ‚
302 265 357 305 qui
373 274 428 305 pro
436 263 541 304 regula
561 260 682 292 suarum
691 262 912 301 operationum
931 262 1029 294 utitur
1047 259 1129 304 iudi—

138 307 194 340 cio
209 307 378 348 probabili,
400 305 596 347 sequiturque
610 302 798 344 opinionem
805 323 816 338 ‚
836 313 932 344 quam
953 303 1052 336 solum
1074 314 1128 346 pu-

139 359 187 383 tat
208 350 397 391 probabilem
417 348 474 379 effe
482 367 492 381 ‚
513 345 645 378 minime
665 345 827 378 reflectens
836 348 876 378 ad
897 348 1019 380 motiva
1034 349 1128 391 partis

143 403 184 434 op
187 392 290 434 posrtae
299 413 310 429 ‚
331 402 367 425 ut
380 391 542 432 probatum
561 388 602 421 est
623 388 790 430 vigintisex
811 388 1024 422 fundamentis
1043 393 1077 424 in
1100 399 1127 422 1.

138 434 233 477 quest.
245 445 329 469 1.nu.
340 442 388 474 59.
398 433 484 474 usque
492 430 534 464 ad
551 443 599 464 nu.
613 441 626 464 1
635 441 647 463 1
656 441 681 464 1.
693 432 860 474 praesertim
878 444 961 465 num.
970 437 1020 466 66.
1030 432 1068 467 (θ’
1076 437 1127 471 69.

140 478 180 512 (ῥ’
196 488 248 517 70.
259 477 296 512 ά·
304 478 386 520 seqq.
395 476 472 517 Agit
488 485 595 508 autem
611 475 842 515 imprudentius
851 496 862 510 ‚
880 478 938 517 qui
957 486 995 508 ex
1010 478 1128 509 duabus

138 521 344 563 opinionibus
351 518 437 560 aeque
447 518 654 559 probabilibus
663 517 798 559 sequitur
805 517 909 551 mimis
918 528 1019 551 tutam
1027 539 1038 554 ‚
1047 528 1081 551 ut
1091 519 1128 552 fi-

138 565 257 597 militer
263 563 303 595 est
312 563 477 603 probatum
493 559 634 593 latissime
650 562 684 593 in
695 572 722 592 2.
732 558 824 602 quaest.
832 560 853 592 α’
869 571 948 593 num.
963 571 974 593 1
981 570 1031 600 71.
1041 561 1128 602 astque

138 607 182 640 ad
192 617 259 644 229·
268 605 352 647 Ergo
360 607 425 646 agit
435 603 791 646 imprudentiffime‚qui
799 602 935 645 sequitur
942 604 1047 637 minus
1058 614 1128 645 pro—

139 649 273 683 babilem
282 669 293 683 ,
301 650 333 681 &
344 647 450 680 minus
458 657 559 680 tutam
569 668 580 683 ,
599 646 708 679 reli&a
716 647 934 688 probabiliori,
951 657 988 679 ac
998 648 1127 683 tutiori,

137 695 214 734 quia
223 701 298 724 tunc
309 691 410 733 magis
417 693 539 723 accedit
546 692 586 723 ad
596 690 673 723 illud
681 699 857 723 extremum
864 709 875 725 ,
892 691 976 731 quod
986 691 1127 732 probabi—

139 735 200 768 lius
211 734 304 776 potest
312 744 328 766 e
334 734 371 766 ffe
383 733 490 768 falsum
498 754 510 770 ‚
530 734 606 766 cum
614 733 680 777 ejus
687 732 883 766 contrarium
895 733 1082 775 probabilius
1091 732 1128 766 fit

138 788 251 811 verum
271 790 280 809 ε
299 778 505 819 opinioenim
513 776 619 809 minus
639 776 804 818 probabilis
815 778 849 808 in
858 777 1011 809 concursu
1019 777 1127 818 proba-

139 821 259 853 bilioris
268 823 369 862 magis
382 820 474 853 habet
485 821 616 862 speciem
627 820 717 855 mali,
729 819 823 860 quam
833 821 928 857 boni3
947 829 1020 853 nam
1028 830 1128 861 quan-

138 864 175 896 to
185 864 237 896 sua
245 863 493 897 contraditSkoria
502 865 602 905 magis
610 872 734 904 apparet
744 873 814 894 vera
823 884 835 898 ‚
848 862 937 895 tanto
949 863 1011 895 haec
1022 862 1127 895 minus

137 907 308 949 probabilis
315 916 440 948 apparet
448 906 521 938 falsa
529 926 540 942 ,
550 917 584 938 ut
592 906 708 939 constat
717 916 754 938 ex
763 906 857 938 dietis
866 905 950 948 supra
958 906 994 938 in
1008 915 1019 937 1
1029 905 1128 938 nsun-

139 951 273 983 dam.1n
289 951 379 983 rebus
386 959 493 982 autem
506 950 545 981 ad
555 949 682 981 salutem
690 950 805 982 animae
824 950 1050 990 pertinentibus
1061 969 1071 984 ‚
1093 959 1126 981 ut

136 995 214 1026 dicit
223 992 413 1035 Augustinus
425 994 459 1024 in
466 993 488 1024 1.
504 1002 529 1024 1.
540 990 656 1033 Baptifi
666 1001 730 1033 cap.
744 994 919 1032 3.graviter
935 1001 1036 1032 peccat
1046 1013 1055 1027 ‚
1078 994 1127 1031 qui

141 1039 235 1070 certis
241 1039 360 1069 incerta
364 1037 527 1076 preponm
533 1035 571 1067 (ῥ’
578 1038 677 1074 magis
684 1036 805 1068 incaute
812 1039 890 1074 agit,
900 1038 949 1074 qui
957 1036 1069 1074 majori
1077 1044 1128 1075 pe—

140 1080 235 1112 riculo
240 1079 408 1122 seexponit
416 1099 427 1113 ‚
448 1087 511 1118 cap.
522 1077 581 1113 Ubi
585 1079 751 1119 periculum
761 1078 798 1111 de
809 1078 890 1110 cleti.
901 1077 954 1111 lib.
966 1083 996 1110 6.
1004 1077 1086 1119 gloss.
1102 1088 1128 1110 t.

138 1126 174 1155 in
181 1131 276 1163 cap-2.
286 1120 325 1154 de
323 1122 353 1165 J
355 1132 453 1153 uram.
461 1119 702 1164 cal-gloffifin·in
710 1130 776 1162 cap.
785 1120 975 1154 Venerabilis
983 1120 1020 1153 de
1030 1120 1126 1162 testib.

139 1168 170 1199 E
171 1175 185 1198 t
189 1163 321 1208 profeflo
331 1163 475 1203 numquid
483 1176 541 1197 non
561 1164 735 1206 imprudens
751 1176 786 1197 ac
798 1167 977 1197 temerarius
986 1163 1127 1197 dicendus

137 1208 206 1250 efflet
214 1229 223 1244 ‚
237 1210 287 1247 qus·
287 1207 398 1249 sponte
405 1208 615 1248 ingrederetur
613 1207 744 1253 sylvam
753 1227 764 1244 ‚
773 1218 860 1247 quam
866 1205 1055 1247 probabilius
1064 1220 1127 1240 cre-

138 1253 225 1284 deret
234 1249 371 1294 obseffam
378 1249 431 1292 effe
439 1250 461 1284 d
474 1249 660 1287 latronibus,
678 1248 938 1293 &graffatoribus
947 1258 956 1283 Ξ
980 1261 1013 1283 ut
1025 1262 1075 1292 pet
1086 1252 1126 1283 D.

137 1295 336 1328 Ambrosium
346 1294 468 1327 Psalmo
481 1305 503 1326 1.
507 1296 612 1339 Quive
621 1295 739 1336 ultrose
746 1298 779 1327 in
788 1296 884 1327 ultum
894 1303 1012 1336 puteum
1021 1294 1128 1326 din-it-

138 1348 217 1372 teret
224 1347 277 1378 per
280 1336 386 1381 funem
397 1358 407 1373 ‚
417 1348 500 1376 quem
504 1336 693 1379 probabilius
702 1338 852 1377 judicaret
861 1340 998 1378 protinus
1008 1337 1127 1380 confra-

135 1383 214 1415 c‘bum
222 1384 264 1413 iri
273 1388 281 1412 .²
294 1383 361 1413 Aut
371 1384 420 1420 qui
431 1380 500 1413 cum
509 1381 758 1414 medicamentum
769 1392 866 1413 tutum
875 1380 998 1414 haberet
1008 1391 1127 1415 ,tamen

135 1425 215 1458 illud
217 1423 444 1467 fiemerenquod
452 1423 637 1464 probabilius
645 1435 766 1465 putaret
776 1424 829 1466 effe
837 1424 1046 1468 mortiferum?
1059 1426 1127 1456 Aut

135 1470 187 1508 qui
195 1470 229 1500 in
237 1466 338 1500 duello
343 1477 493 1509 pugnaret
501 1479 566 1502 cum
572 1469 674 1501 milite
728 1481 801 1500 enuo
809 1491 818 1504 ‚
828 1481 862 1501 ac
867 1467 989 1511 forti2ae'
999 1478 1053 1507 quo
1060 1477 1128 1509 pro-

136 1509 272 1545 habilius
282 1514 456 1551 opinaretur
458 1512 496 1553 se
495 1510 568 1556 fore
575 1514 656 1544 inter
682 1512 838 1544 ciendum?
864 1516 931 1545 Aut
945 1523 993 1551 qut
1002 1523 1066 1544 cum
1077 1511 1128 1543 do-

136 1565 200 1587 cem
208 1553 345 1588 millibus
360 1553 471 1587 bellum
479 1559 681 1588 committeret
701 1554 846 1598 adversus
858 1559 965 1594 Regem
974 1577 984 1591 ,
1006 1558 1056 1594 qui
1063 1566 1128 1587 cum

137 1600 255 1638 viginti
266 1595 404 1631 millibus
412 1601 534 1631 veniret
542 1598 619 1640 adse
629 1605 637 1630 Ξ
649 1609 682 1631 ut
694 1599 783 1632 Lucae
797 1610 842 1639 14.
849 1599 958 1640 Rursus
968 1598 1127 1638 transeun-

138 1640 209 1673 dum
218 1639 260 1683 est
269 1639 346 1674 mihi
356 1639 477 1685 flumen
495 1653 506 1672 :
525 1643 638 1717 coffulo
645 1643 761 1681 aliquot
774 1646 856 1675 viros
868 1641 935 1685 fide
943 1644 1048 1682 dignos
1057 1663 1069 1677 ,
1088 1654 1128 1673 an

138 1684 255 1717 vadum
257 1685 303 1728 fit
312 1693 410 1716 tutum
426 1696 437 1715 :
452 1685 555 1727 respon
578 1695 629 1719 ent
637 1687 690 1718 illi
700 1685 752 1726 effe
763 1696 858 1718 tutum
869 1707 878 1721 ,
900 1686 1042 1726 &plures
1054 1685 1128 1726 saepe

138 1727 327 1769 transmeare
336 1747 346 1762 ‚
367 1739 418 1759 nec
427 1729 520 1760 alicui
536 1739 671 1767 umquam
681 1730 798 1768 aliquid
820 1730 898 1762 mali
914 1728 1050 1768 ‚teciuiffe
1060 1751 1067 1758 .
1090 1731 1128 1762 Si

137 1782 208 1811 ergo
215 1771 338 1802 illorum
346 1771 526 1804 austeritate
535 1792 545 1807 a
554 1771 592 1806 Θ·
597 1771 724 1813 probabi
727 1774 750 1804 li
753 1771 803 1805 bus
811 1771 977 1805 rationi-bus
986 1771 1128 1805 adduam

131 1813 254 1859 flumen
262 1812 435 1853 ingrediar,
446 1816 576 1855 nimfimt
585 1815 731 1849 dicendus
739 1817 927 1857 Imprudens,
934 1826 986 1848 aut
997 1825 1128 1848 temera-

138 1860 204 1890 rius
213 1878 223 1892 ‚
241 1858 311 1890 licet
313 1856 452 1899 securius
458 1860 560 1902 poffim
567 1868 619 1901 per
626 1868 746 1901 pontem
755 1861 889 1905 tranfire
897 1882 904 1890 .
927 1859 1014 1904 Atfi
1024 1860 1129 1892 volen-

139 1903 166 1933 ti
174 1899 249 1933 mihi
251 1899 372 1944 flumen
382 1904 502 1941 ingredi
511 1914 669 1937 occurrant
681 1907 747 1937 viri
756 1906 957 1946 multoplures
967 1925 977 1939 ‚
987 1902 1024 1937 (ῥ’
1032 1902 1128 1942 majo-

137 1946 184 1975 ris
193 1945 386 1976 auctoritatis
395 1965 404 1979 ,
413 1944 532 1987 acfidei
540 1967 550 1982 ,
561 1946 742 1989 obtestantes
746 1948 868 1992 flumen
875 1947 929 1990 effe
938 1947 1130 1991 profundum,

138 1998 176 2020 ac
184 1986 326 2027 rapidum
336 2007 346 2022 ‚
355 1987 393 2021 &⁴
400 1990 511 2021 multos
518 1993 552 2022 in
561 2002 594 2023 eo
602 1995 679 2032 perii
681 1990 722 2033 ffe
731 2013 742 2027 ‚
754 2004 788 2024 ac
797 1992 922 2032 proinde
931 1992 1127 2033 periculosum

138 2029 195 2071 effe
202 2031 253 2062 illi
255 2030 291 2071 se
298 2033 485 2064 committere
492 2044 502 2062 :
509 2034 593 2066 certe
595 2035 625 2076 fi
635 2046 735 2067 eorum
745 2033 912 2077 testimonio
922 2056 933 2070 ‚
954 2034 1129 2067 &rationi-

137 2070 191 2106 bus
201 2071 407 2106 validioribus
416 2074 533 2107 auditis
533 2076 654 2119 flumen
664 2081 813 2110 intrarem
823 2100 833 2113 ,
844 2090 901 2110 non
909 2078 1006 2119 solum
1016 2080 1056 2109 im
1060 2086 1128 2118 pru-

138 2116 213 2149 dens
220 2137 230 2152 ,
251 2128 287 2148 ac
303 2121 485 2150 temerarius
493 2139 504 2154 ‚
517 2119 576 2161 sed
583 2123 677 2152 etiam
685 2120 793 2164 fatuus
801 2121 944 2154 dicendus
966 2119 1049 2162 effem
1059 2142 1072 2156 ,
1090 2126 1129 2154 θ’

137 2162 248 2199 merito
257 2160 344 2198 culpe
352 2170 419 2191 meae
428 2171 527 2192 omnes
543 2162 748 2204 adscriberent
756 2185 765 2199 ‚
780 2165 813 2207 fi
821 2164 894 2202 quid
914 2167 948 2195 in
959 2167 1044 2202 aquis
1054 2163 1128 2196 mibi

135 2201 270 2234 deterius
279 2204 479 2241 contingeret.
502 2204 574 2236 Alia
584 2206 792 2245 periculorum
803 2209 942 2248 exempla
954 2208 1001 2239 his
1017 2207 1128 2239 fimilia

135 2245 230 2277 habes
240 2247 320 2286 apud
331 2245 360 2277 S.
372 2245 517 2278 basilium
526 2246 563 2278 de
581 2247 679 2288 lastit.
690 2249 839 2282 Monach.
861 2259 926 2290 cap.
936 2260 984 2290 74.
995 2252 1028 2282 &
1047 2251 1127 2292 810.

135 2287 292 2330 Clirysoil.
302 2287 379 2320 hom.
389 2299 416 2326 9.
421 2290 488 2331 sup.
498 2292 528 2322 E
530 2290 671 2332 pastolam
681 2295 721 2324 ad
731 2291 933 2334 Thessalonic.
947 2296 1040 2326 Porro
1050 2296 1128 2335 quis—

135 2334 202 2371 quis
207 2333 375 2372 periculum
384 2343 442 2363 non
451 2332 576 2375 estimat
586 2355 596 2369 ‚
604 2339 786 2367 temerarius
796 2336 912 2368 dicitur
923 2348 932 2372 ς
956 2338 1082 2369 Archid.
1093 2340 1127 2370 δέ

133 2374 316 2417 JaAnern
324 2376 473 2421 cap-Quia
479 2378 615 2417 plerique
626 2381 659 2409 in
665 2382 794 2419 princip.
804 2379 841 2411 de
850 2378 1125 2422 offiordinar.l1b.6.

135 2417 206 2450 imo
215 2418 324 2450 stultus
333 2438 342 2452 ‚
358 2420 390 2451 3<
402 2419 503 2451 fatuus
513 2441 524 2455 ,
545 2424 588 2453 lec
595 2422 802 2464 undumgloff.
811 2426 843 2454 in
852 2433 915 2463 cap.
931 2433 954 2455 1.
965 2426 997 2455 in
1007 2435 1072 2455 ver.
1084 2434 1126 2455 te-

136 2463 287 2493 merarius
298 2481 308 2495 ‚
316 2463 348 2493 &
358 2462 495 2502 ibiJoan.
505 2463 689 2498 Monacli&
697 2466 839 2506 ]0.Andr.
851 2467 887 2498 de
889 2467 970 2507 sent.
979 2478 1125 2498 excomm.

135 2504 202 2536 eod.
212 2501 265 2536 lib.
278 2504 361 2544 Quae
371 2504 445 2536 cum
454 2506 498 2538 ita
507 2507 565 2538 sint
574 2509 607 2538 in
618 2510 755 2549 periculo
766 2510 868 2541 {alutis
878 2512 1017 2550 corporis
1026 2531 1038 2545 ‚
1060 2512 1126 2542 lon-

136 2546 176 2590 ge
192 2548 294 2589 magis
303 2549 471 2579 vendicant
487 2548 541 2581 fibi
551 2550 655 2582 locum
677 2552 710 2584 in
721 2554 857 2592 periculo
873 2552 976 2585 salutis
992 2555 1107 2585 anima:
1115 2574 1124 2588 ,

134 2600 205 2633 qua:
213 2592 340 2631 corpori
349 2590 390 2621 est
400 2595 605 2631 praeponenda
612 2613 624 2627 ‚
632 2603 664 2625 ut
676 2605 709 2626 ai·
732 2597 778 2627 uit
785 2597 868 2636 glols.
879 2595 966 2633 finn'n
976 2597 1062 2628 c.llle
1071 2608 1124 2628 au-

135 2642 198 2666 tem
208 2642 316 2674 3245.
326 2632 383 2664 Ad
392 2636 444 2666 hoc
453 2635 593 2666 oswino
606 2606 730 2677 &nisti
731 2646 796 2678 cap.
806 2641 997 2679 precipimus
1011 2649 1057 2671 12.
1066 2650 1091 2678 q.
1100 2649 1124 2671 1.

137 2674 177 2709 ά
185 2688 210 2709 c.
217 2675 360 2709 Sollicite
367 2676 404 2708 de
414 2677 520 2714 major.
530 2676 568 2710 ό·
589 2676 671 2710 obed.
680 2678 808 2713 Pulchre
820 2683 898 2714 Abb.
908 2685 941 2714 in
949 2694 973 2714 c.
984 2685 1126 2715 Litteras

136 2717 454 2761 n.25.restit.spoliat.
464 2720 569 2761 ltaque
581 2722 715 2754 maxime
726 2723 904 2764 imprudens
912 2726 954 2757 est
963 2747 971 2760 ‚
981 2737 1016 2758 ac
1026 2736 1124 2758 teme-

135 2765 239 2795 tarius
248 2783 258 2797 ‚
277 2773 315 2794 ne
325 2765 430 2796 dicam
441 2763 543 2795 fatuus
553 2785 563 2799 ,
581 2764 718 2806 quisquis
727 2767 813 2807 eligit
824 2768 1009 2808 opinionem
1020 2768 1124 2801 mimis

137 2807 328 2848 probabilem
336 2827 349 2841 ,
367 2817 403 2839 ac
415 2806 520 2838 minus
530 2817 629 2840 tutam
639 2828 651 2842 ,
672 2809 705 2840 &
716 2811 843 2849 exponit
854 2811 881 2841 se
892 2811 994 2843 salutis
1005 2814 1125 2853 pericu-

138 2850 188 2884 lo,
199 2860 225 2881 c.
233 2848 423 2891 Significastt'
431 2870 440 2885 ‚
448 2851 474 2881 il
484 2861 512 2882 2.
521 2849 558 2883 (ἴθ’
566 2859 630 2890 cap.
641 2853 755 2883 Petitio
763 2850 800 2883 de
807 2850 913 2884 homic.
923 2855 956 2885 &
967 2856 1125 2895 propterea

136 2892 291 2924 lethaliter
299 2902 406 2934 peccat
417 2892 586 2926 secundum
596 2893 691 2926 S-Th.
700 2893 860 2933 quodlib&
870 2904 931 2927 art.
938 2905 984 2936 13·
994 2897 1124 2930 Scotum

138 2934 276 2976 superius
283 2936 414 2968 relatum
422 2940 525 2969 n.208.
535 2936 657 2979 Sylvest.
668 2939 702 2969 in
711 2936 912 2971 ver-Dubium
919 2949 979 2978 q-z.
988 2951 1049 2980 n.4.
1060 2940 1125 2973 Ca-

138 2977 230 3019 ietan.
240 2981 273 3011 in
282 2979 446 3021 opusc-tom.
454 2989 465 3011 i
472 3002 479 3010 .
488 2980 634 3012 trusbult.
643 2980 680 3013 <5-
688 2983 721 3012 in
729 2984 813 3014 Sum.
822 2984 855 3013 in
864 2983 1058 3022 ver-Opinio,
1069 2983 1124 3015 Pa-

138 3021 211 3066 lcot.
220 3021 257 3053 de
271 3025 359 3055 Sacr.
369 3021 497 3065 Confist.
507 3023 642 3065 Consult.
652 3032 733 3063 part.
746 3033 773 3064 5.
783 3022 875 3066 quest.
890 3035 934 3065 13.
945 3026 1025 3068 verfi
1034 3026 1125 3102 Qiod

139 3073 212 3095 vero
222 3075 232 3093 .-
242 3064 316 3097 facit
325 3075 398 3098 text.
409 3068 444 3098 in
451 3067 562 3099 aonia
567 3068 774 3108 periculosum,
783 3068 904 3109 desent.
914 3079 1029 3101 excom.
1038 3072 1063 3101 li
1083 3074 1122 3102 .6.

138 3105 194 3138 ubi
203 3106 329 3140 Archid.
337 3098 523 3149 inprincnffi'
528 3121 535 3140 ε
544 3109 634 3153 Qiia
642 3110 858 3151 periculosum,
868 3111 940 3143 ideo
947 3112 1123 3148 vitandum,

138 3151 172 3182 in
182 3160 206 3181 c.
216 3151 357 3183 Maritus
366 3161 414 3194 93.
425 3150 495 3193 dist.
505 3156 542 3185 Q·
551 3153 614 3185 inl.
629 3163 654 3184 r.
666 3156 693 3191 §.
706 3156 743 3186 St
753 3155 835 3192 quis,
858 3156 918 3186 ibi:
930 3155 1018 3186 Nam
1025 3159 1122 3195 magis

138 3191 364 3235 consulendum,
380 3197 417 3227 de
427 3194 632 3229 Carboniano
642 3196 747 3229 edICko
755 3218 762 3227 .
780 3196 818 3228 Et
827 3196 875 3228 his
885 3199 961 3229 adde
969 3218 980 3233 ‚
999 3209 1066 3240 quae
1075 3200 1122 3231 di-

139 3235 192 3269 sta
200 3235 268 3268 sunt
278 3235 362 3277 supra
368 3239 402 3269 in
413 3248 425 3270 1
433 3250 459 3271 2.
470 3238 676 3272 fundamento
685 3250 742 3281 pro
756 3239 814 3271 hac
824 3239 975 3272 sententia
985 3263 993 3271 .

178 3278 493 3320 Vigesimumnonum
503 3281 744 3315 fundamentum
760 3284 924 3315 deducitur
931 3293 968 3315 ex
986 3284 1122 3325 pluribus

137 3321 273 3355 absurdis
281 3342 291 3357 ‚
311 3332 389 3371 quae⁴
396 3322 563 3365 sequuntur
580 3335 617 3357 ex
634 3326 780 3358 doetrina
801 3327 839 3358 de
857 3327 952 3358 libera
968 3327 1121 3360 electione

137 3367 298 3407 opinionis
306 3368 410 3397 minus
420 3368 600 3406 probabilis:
614 3379 682 3410 quae
690 3371 818 3411 quidem
829 3369 956 3401 absurda
966 3370 1035 3402 sunt
1044 3371 1122 3403 adeo

138 3409 244 3449 gravia
254 3430 264 3444 ,
286 3418 320 3439 ut
337 3407 500 3454 diviserint
509 3412 546 3441 ab
563 3412 702 3443 invicem
712 3412 854 3444 auetores
875 3412 1037 3444 contrariae
1055 3414 1121 3444 sen-

138 3455 242 3483 tentiae
252 3472 261 3486 ‚
285 3456 316 3484 ὅ(
329 3452 409 3483 inter
422 3457 448 3482 lc
459 3462 592 3493 pugnare
600 3457 759 3495 coegerint
771 3466 777 3486 :
790 3466 862 3487 nam
870 3457 923 3488 alii
933 3455 1059 3488 absurda
1068 3457 1119 3488 illa

222 3498 358 3534 fagum.
373 3497 405 3526 in
415 3497 439 3526 l.
452 3494 519 3527 Lib.
531 3496 686 3527 Decretal.

2020 60 2088 121 65

1174 132 1311 175 ingenue
1320 132 1518 170 fatentunsed
1528 135 1684 169 rationem
1693 134 1830 177 aliquam
1840 136 1947 169 conati
1957 136 2026 169 sunt
2037 140 2161 171 inveni-

1173 185 1206 207 re
1216 196 1227 211 ,
1244 177 1516 219 secundumquam
1526 179 1589 210 liaec
1597 178 1742 211 dostrina
1758 181 1943 221 generaliter
1960 180 2114 222 proposita
2124 181 2160 213 sit

1173 219 1379 252 limitandain
1389 223 1483 254 certis
1492 221 1610 254 casibus
1619 242 1629 257 ‚
1643 222 1678 255 δε
1688 232 1761 254 cum
1769 223 1923 264 aliquibus
1941 225 2160 255 declarationi-

1174 262 1230 293 bus
1242 263 1459 304 intelligenda.
1470 263 1534 296 Alii
1543 264 1617 297 vero
1627 265 1735 297 contra
1745 267 2028 298 animadvertentes
2038 287 2049 301 ,
2058 267 2160 307 liujus-

1173 306 1261 337 modi
1269 306 1475 339 limitationes
1485 307 1585 339 afferri
1603 308 1665 340 fine
1675 308 1739 340 ullo
1753 308 1958 342 fundamento
1968 319 2046 341 verae
2064 312 2161 342 ratio-

1172 349 1234 383 nis,
1243 348 1389 395 audaciber
1399 359 1514 391 negant
1523 351 1574 382 illa
1583 351 1639 382 effe
1648 351 1980 394 absurda,quamquam
1988 352 2160 385 relustante

1171 391 1460 433 conicientia3quod
1467 395 1553 425 enim
1561 393 1694 427 afferunt
1701 394 1862 428 absurdum
1872 406 1936 427 non
1946 395 2084 431 circumc>
2093 407 2159 437 pru-

1170 435 1280 467 denter
1295 436 1327 467 &
1339 434 1423 467 licite
1433 436 1500 468 fieri
1510 457 1520 471 ‚
1543 436 1576 469 id
1585 436 1640 477 ipsi
1651 439 1702 478 agi
1713 437 1814 471 seeum
1825 439 1911 470 nullo
1919 441 2015 471 modo
2024 439 2140 471 vellent
2149 461 2158 474 ,

1170 475 1283 517 nempe
1293 477 1316 509 ii
1325 487 1527 518 aegrotarent,
1543 489 1678 520 quaerere
1689 480 1869 516 Medicum,
1884 482 1939 523 qui
1952 482 2036 514 viam
2053 482 2158 517 minus

1171 519 1361 560 probabilem
1371 520 1585 562 sequeretutin
1595 523 1639 553 eis
1648 525 1792 555 curandis
1803 544 1813 558 ‚
1824 534 1876 556 aut
1887 526 2088 567 mitigarent,
2098 536 2157 567 pu-

1170 572 1271 595 tantes
1283 561 1310 594 se
1321 564 1443 604 litigare
1453 575 1510 604 pro
1517 564 1642 605 justitia,
1653 565 1764 597 habere
1773 566 1975 610 judicem,qui
1988 578 2044 609 pro
2051 569 2158 600 minus

1171 606 1320 645 probabili
1331 616 1440 638 contra
1450 609 1551 649 magis
1574 608 1764 648 probabilem
1773 609 1925 649 judicaret
1934 632 1943 646 ‚
1964 614 1998 644 &
2011 612 2072 644 alia
2080 611 2156 652 ejus<

1170 648 1277 683 modi,
1285 658 1352 689 quae
1360 659 1512 683 oretenus
1523 648 1648 683 tantum
1656 653 1827 683 concedere
1837 654 1953 693 poliunt
1962 664 1996 686 ut
2007 665 2079 686 vera
2088 675 2097 690 ,
2118 657 2156 687 ad

1169 700 1243 724 oexr.
1254 693 1288 723 in
1295 692 1318 723 l.
1333 704 1357 726 1·
1369 693 1413 724 ibi
1422 713 1433 728 2
1447 704 1506 724 non
1516 692 1694 726 verbotenus
1703 715 1713 729 ‚
1723 692 1762 736 ff.
1775 695 1865 739 Qod
1873 695 1990 735 quisque
2000 697 2075 735 juris
2084 720 2092 728 .

1211 735 1318 777 Iraque
1341 736 1649 778 vigesimumnonum
1669 737 1909 775 fundamentum
1938 742 2100 772 deducitur
2120 752 2155 772 cx
2183 751 2193 763 ³

1170 779 1271 818 primo
1288 777 1436 814 absurdo,
1457 783 1540 821 quod
1558 780 1599 812 est
1608 781 1645 812 de
1663 780 1807 816 Medico,
1833 781 1920 813 Nam
1936 783 2078 816 exlibera
2096 785 2156 816 ele-

1168 820 1274 855 ctione
1283 822 1445 863 opinionis
1466 822 1571 855 minus
1582 825 1765 864 probabilis,
1785 825 2034 861 acininustutae,
2057 825 2155 867 sequi-

1169 874 1239 899 tur,
1259 875 1294 897 ut
1315 865 1460 898 Medicus
1482 877 1594 899 curans
1614 877 1786 908 aegrotum,
1807 871 1859 900 cui
1880 870 1980 909 magis
2002 870 2155 911 probabile

1169 906 1206 939 sit
1217 910 1485 942 medicamentum
1494 920 1557 942 non
1568 909 1783 951 profuturum,
1806 910 1910 943 minus
1921 912 1996 943 vero
2017 913 2156 953 probabi-

1169 950 1196 981 le
1215 951 1432 992 profuturum,
1452 951 1525 985 crim
1543 953 1653 985 habeat
1661 955 1745 986 aliud
1761 956 1795 986 in
1804 964 1970 996 promptu,
1988 957 2072 996 quod
2091 965 2155 987 ma-

1168 995 1216 1035 gis
1227 996 1382 1035 probabile
1391 996 1432 1027 est
1443 995 1640 1036 profuturum
1651 996 1715 1028 fote
1725 1018 1735 1032 ‚
1759 998 1846 1038 poffit
1856 997 1942 1030 licite
1953 1008 2027 1030 tunc
2036 1001 2108 1030 dare
2119 999 2156 1030 il-

1169 1038 1222 1069 lud
1238 1039 1523 1074 medicamentum,
1540 1039 1741 1081 quodminus
1758 1042 1958 1081 probabiliter
1967 1042 2038 1074 effer
2054 1042 2158 1083 profu-

1169 1090 1274 1112 turum
1285 1101 1294 1115 ‚
1318 1081 1429 1113 relidko
1438 1093 1476 1114 eo
1485 1102 1495 1116 ‚
1504 1085 1588 1122 quod
1600 1083 1788 1123 probabilius
1797 1085 1891 1124 pollet
1900 1086 2032 1125 prodesse
2042 1107 2049 1114 .
2075 1084 2157 1117 Rur—

1170 1123 1216 1154 sus
1234 1124 1328 1164 posset
1343 1126 1416 1156 dare
1432 1127 1714 1160 medicamentum,
1734 1130 1817 1167 quod
1840 1125 1939 1169 magis
1957 1128 2158 1168 probabiliter

1169 1166 1304 1201 obesset,
1322 1168 1357 1200 &
1373 1166 1479 1201 minus
1498 1168 1697 1209 probabiliter
1714 1170 1881 1209 prodesset,
1903 1173 1936 1203 &
1958 1171 1997 1203 iic
2015 1171 2157 1212 probabi-

1171 1209 1229 1241 lius
1248 1211 1423 1242 occideret.
1447 1210 1518 1243 Hoc
1538 1220 1643 1244 autem
1661 1211 1718 1243 effe
1738 1214 1882 1253 perquam
1903 1213 2087 1249 absurdum,
2109 1214 2156 1246 vel

1170 1263 1207 1284 ex
1225 1253 1470 1287 comanifestum
1479 1254 1541 1288 est,
1558 1256 1634 1295 quia
1651 1265 1746 1287 nemo
1756 1256 1847 1288 vellet
1862 1256 1954 1288 talem
1973 1257 2159 1293 Medicum,

1170 1297 1243 1338 Arg.
1254 1296 1275 1328 l.
1292 1293 1357 1338 ¹=ff·
1369 1299 1406 1329 de
1416 1297 1496 1328 decr.
1506 1295 1544 1330 ab
1552 1298 1787 1341 Ordin.facien.
1797 1300 1829 1331 δε
1853 1299 2049 1332 latisconflat
2065 1311 2100 1332 ex
2110 1302 2159 1332 di-

1169 1339 1440 1375 ‹stislrmocentii²
1457 1340 1542 1380 Joan.
1555 1342 1691 1375 Amin&
1715 1343 1864 1377 aliorum,
1886 1353 1964 1383 quos
1984 1342 2157 1384 supriretu-

1170 1384 1261 1414 limus
1270 1394 1352 1414 num..
1361 1394 1374 1414 2
1382 1391 1429 1421 50.
1440 1382 1478 1416 Et
1486 1385 1632 1425 quamvis
1641 1395 1755 1426 negent
1766 1387 1794 1417 id
1807 1387 1861 1417 effe
1870 1386 2031 1417 absurdum
2042 1407 2051 1420 ‚
2064 1388 2155 1418 Azor.

1169 1423 1299 1467 institut.
1311 1426 1418 1457 moral.
1430 1436 1500 1457 tom.
1516 1436 1539 1458 i.
1559 1425 1611 1459 lib.
1625 1439 1650 1459 2.
1668 1437 1731 1468 cap.
1749 1438 1794 1466 17.
1817 1427 1909 1470 quaest·
1925 1439 1970 1461 11.
1983 1431 2157 1470 Aragonius

1170 1480 1197 1503 2.
1207 1467 1300 1510 quest.
1311 1468 1391 1510 quaefi
1401 1474 1450 1509 63.
1459 1468 1501 1501 ad
1524 1468 1645 1503 dubium
1653 1472 1849 1511 penultimum
1860 1493 1869 1507 ,
1892 1472 1977 1504 Salas
1990 1482 2013 1503 r.
2027 1484 2052 1504 2.
2064 1471 2155 1514 quaest.

1170 1512 1391 1545 ammistae-8.
1412 1512 1579 1554 disp-unic.
1588 1513 1661 1555 sel}-
1678 1516 1754 1553 ηαξ
1775 1527 1853 1547 num.
1869 1520 1937 1555 156.
1956 1526 2063 1548 tamen
2081 1527 2156 1549 con-

1170 1557 1308 1588 vincitur
1317 1557 1438 1588 ratione
1455 1557 1507 1589 illa
1518 1557 1672 1593 naturali,
1692 1560 1890 1594 &evidenti,
1911 1559 2004 1601 quia,
2027 1569 2060 1592 ut
2083 1570 2156 1600 pra>-

1168 1601 1256 1634 dixi‚
1278 1609 1373 1630 nemo
1390 1600 1580 1640 eligeretsibi
1600 1600 1779 1637 Medicum,
1800 1603 1855 1644 qui
1873 1601 2061 1643 probabilius
2070 1605 2156 1636 occi-

1168 1644 1271 1677 deret,
1292 1644 1386 1684 quam
1395 1642 1533 1679 sanaret3
1549 1647 1580 1676 ὅ(
1591 1643 1613 1676 si
1629 1646 1802 1685 quistalem
1819 1648 1965 1687 eligeret,
1987 1656 2040 1678 aut
2049 1648 2157 1688 probav-

1169 1696 1233 1720 rer,
1255 1686 1337 1717 bunc
1355 1696 1415 1727 ego
1423 1686 1578 1721 censerem
1594 1690 1694 1730 magis
1703 1699 1819 1731 aegrum
1834 1699 1958 1725 mente,
1980 1692 2073 1731 quiim
2088 1700 2157 1722 cor-

1169 1740 1260 1771 pore3
1282 1729 1386 1761 stultus
1403 1732 1509 1765 enim,
1529 1734 1562 1763 δι
1579 1730 1681 1764 fatuus
1699 1733 1835 1767 dicitur,
1854 1736 1909 1774 qui
1932 1732 2104 1767 discrimini
2127 1733 2154 1764 se

1169 1775 1342 1805 committit
1351 1770 1449 1814 ‚gloff-
1457 1775 1490 1805 in
1499 1782 1565 1814 cap.
1576 1783 1600 1806 1.
1610 1776 1643 1806 t'n
1654 1786 1719 1807 ver.
1732 1776 1930 1808 Temerarius
1941 1796 1951 1811 ‚
1971 1778 2005 1808 ὃς
2017 1776 2060 1808 ibi
2068 1777 2154 1818 Joan.

1169 1816 1323 1852 Monacb.
1332 1818 1365 1848 ὅ(
1373 1816 1458 1857 Joan.
1468 1818 1567 1849 Andr.
1576 1817 1696 1857 defini.
1705 1829 1849 1851 excomm.
1861 1818 1913 1852 lib.
1923 1824 1953 1851 6.
1962 1818 2050 1851 Talis
2062 1820 2157 1862 igitur

1168 1860 1209 1892 est
1226 1859 1338 1892 merito
1350 1861 1579 1901 reprobandus,
1598 1861 1690 1902 idque
1711 1872 1774 1894 non
1786 1873 1907 1903 propter
1925 1863 2154 1904 ignorantiam,

1170 1903 1218 1936 sed
1230 1913 1352 1946 pvoptet
1370 1903 1547 1939 malitiam,
1562 1903 1639 1945 quia
1654 1915 1718 1937 non
1729 1905 1849 1938 Medici
1865 1905 2004 1938 officium
2029 1908 2135 1947 implet
2147 1927 2157 1941 2

1170 1948 1222 1980 sed
1229 1948 1425 1980 homicidam
1433 1947 1498 1989 :igit
1507 1967 1519 1982 ‚
1526 1947 1611 1989 juxta
1619 1957 1692 1980 text.
1703 1951 1737 1981 in
1747 1958 1810 1989 c-zp.
1819 1948 1912 1993 Absis
1925 1958 1970 1989 50.
1981 1949 2050 1990 dist.
2059 1950 2154 1992 infin.

1170 1992 1346 2025 ubidicitur
1364 2002 1372 2022 ε
1387 1992 1455 2023 Hoc
1465 2002 1523 2022 non
1533 1989 1574 2031 est
1589 2001 1694 2024 curare
1704 2014 1713 2028 ‚
1730 1991 1787 2034 sed
1797 1994 1828 2037 st
1837 1993 1936 2026 dicere
1954 2004 2059 2026 verum
2072 1995 2156 2025 volu-

1168 2045 1252 2069 mus,
1273 2033 1424 2067 occidere.
1441 2033 1480 2067 Et
1490 2034 1548 2067 1106
1569 2045 1634 2068 non
1644 2037 1703 2068 alia
1713 2047 1749 2068 ex
1767 2037 1876 2072 caula,
1900 2037 1956 2069 nisi
1967 2040 2041 2079 quia
2052 2037 2156 2068 minus

1171 2079 1359 2119 probabilem
1377 2079 1533 2119 sequitur,
1549 2079 1658 2112 relicta
1680 2081 1901 2122 probabiliori,
1921 2091 2014 2122 atque
2027 2082 2156 2113 tutiori.

1170 2121 1234 2153 Alii
1252 2121 1350 2155 vero,
1370 2132 1404 2153 ut
1413 2124 1512 2154 vitent
1529 2123 1710 2158 absurdum,
1733 2124 1848 2166 sibique
1870 2127 2029 2165 &aegroto
2046 2122 2156 2156 consu-

1170 2165 1235 2197 lant
1243 2185 1255 2198 ,
1263 2167 1446 2205 respondent
1455 2186 1465 2200 ‚
1473 2166 1573 2198 teneri
1584 2166 1748 2199 Medicum
1759 2167 1840 2208 sequi
1852 2177 1969 2209 partem
1978 2170 2076 2208 magis
2088 2177 2158 2207 pro·

1169 2208 1322 2242 habilem,
1341 2209 1374 2240 &
1398 2211 1496 2250 magis
1517 2219 1635 2244 tutam,
1655 2220 1689 2242 ut
1711 2210 1849 2245 Suarez,
1867 2212 2028 2245 Sanchez,
2048 2213 2081 2242 &
2103 2210 2156 2241 alii

2180 1831 2239 1860 294

1168 2253 1248 2292 apud
1267 2261 1341 2283 eum
1362 2253 1397 2282 in
1419 2252 1654 2293 Decalog.tom.
1668 2264 1691 2285 1.
1714 2251 1766 2286 lib.
1781 2264 1807 2285 1.
1828 2262 1892 2294 cap.
1903 2265 1931 2291 9.
1954 2263 2096 2293 num-41.
2120 2253 2156 2283 Et
2204 2288 2208 2293 r

1169 2295 1208 2326 sic
1220 2296 1358 2326 limitant
1368 2296 1542 2336 generalem
1551 2299 1568 2327 d
1581 2296 1748 2331 minuam,
1766 2307 1800 2329 ut
1809 2308 1874 2329 non
1885 2300 2029 2338 procedat
2041 2299 2074 2327 in
2084 2296 2152 2326 Me-

1167 2338 1256 2369 dico.
1278 2337 1438 2379 Hujusque
1450 2340 1649 2372 limitationis
1665 2342 1820 2381 duplicem
1830 2340 1960 2372 afferunt
1977 2341 2154 2374 rationem;

1168 2391 1230 2412 una
1239 2380 1280 2412 est
1289 2380 1421 2416 Suarez,
1441 2392 1538 2423 quam
1553 2384 1694 2424 reprobat
1704 2383 1863 2418 Sanchez,
1883 2386 1915 2415 &
1933 2392 1989 2413 nos
1998 2381 2088 2421 paulo
2103 2382 2152 2411 in-

1168 2423 1213 2455 fra
1235 2424 1502 2461 exaininabiinu33
1523 2427 1620 2457 altera
1640 2427 1680 2457 est
1703 2426 1795 2466 ipfius
1816 2426 1955 2458 Sancbez
1975 2445 1984 2458 ‚
2008 2424 2153 2455 videlicet

1166 2468 1241 2508 quia
1251 2467 1395 2499 Medicus
1405 2478 1528 2499 tenetur
1539 2468 1620 2509 sequi
1633 2478 1751 2507 partem
1760 2468 1907 2499 tutiorem
1917 2487 1926 2501 ‚
1949 2477 2012 2498 non
2023 2466 2153 2508 quidem

1167 2520 1202 2541 ex
1212 2511 1405 2550 obligatione
1430 2511 1571 2550 justitiae,
1590 2510 1675 2542 &sui
1690 2510 1805 2544 officii,
1828 2511 1875 2541 sed
1891 2520 1927 2541 ex
1937 2510 2153 2542 debirochari-

1166 2555 1240 2584 tatis
1253 2573 1261 2587 ,
1280 2562 1348 2593 quae
1371 2553 1520 2593 postulat,
1542 2562 1576 2584 ut
1597 2555 1723 2585 certiori
1744 2555 1863 2588 modo,
1882 2563 1946 2594 quo
1968 2554 2121 2593 poilumus
2142 2573 2152 2586 ‚

1166 2605 1249 2637 :egro
1264 2594 1498 2626 subveniamus.
1521 2595 1579 2627 Sed
1595 2605 1706 2627 contra
1716 2595 1794 2628 hanc
1817 2599 1972 2627 rationem
1983 2606 2070 2636 urget
2092 2596 2152 2636 pri-

1166 2638 1219 2670 mo
1236 2658 1246 2673 ‚
1265 2641 1340 2679 quia
1361 2638 1484 2670 Medici
1505 2637 1645 2670 officium
1665 2639 1706 2670 est
1727 2639 1869 2671 adbibere
1892 2641 2120 2670 medicamenta
2141 2659 2151 2673 ‚

1165 2692 1232 2723 quae
1253 2681 1465 2722 opinatuteffe
1484 2680 1661 2721 profutura,
1683 2684 1716 2714 &
1733 2692 1796 2713 non
1808 2685 1970 2718 nocitura·‚
1989 2692 2062 2713 nam
2081 2681 2152 2713 Me-

1166 2727 1255 2756 dicus
1278 2724 1489 2766 salurisgratia
1510 2724 1570 2759 est,
1592 2735 1625 2756 ut
1647 2727 1762 2756 dicitur
1776 2724 1967 2766 8.Phys1COi⁰.
1991 2733 2053 2764 cap.
2066 2736 2092 2756 2.
2114 2724 2152 2756 de

1165 2770 1383 2808 respiratione,
1405 2767 1484 2808 vers.
1495 2769 1644 2807 Opportet
1654 2771 1751 2802 enim,
1772 2771 1803 2799 ὃς
1827 2769 2147 2809 notanrlnnoc.Joan.

1165 2811 1261 2843 Andr.
1271 2812 1304 2842 &
1319 2811 1372 2841 alii
1383 2812 1415 2842 in
1435 2818 1498 2849 cap.
1509 2811 1580 2842 Tua
1595 2822 1646 2842 nos
1655 2811 1692 2842 de
1711 2809 1815 2842 homic.
1826 2810 1863 2842 Et
1879 2821 2068 2852 quamquam
2085 2821 2149 2842 non

1165 2854 1250 2885 estin
1264 2853 1410 2888 Medico,
1432 2853 1547 2895 semper
1556 2855 1706 2886 relevetur
1721 2863 1753 2885 ut
1764 2864 1862 2895 aeger3
1883 2864 1986 2886 tamen
1999 2855 2078 2885 nihil
2095 2857 2147 2885 de-

1166 2898 1389 2932 betomittere,
1411 2906 1464 2932 ut,
1485 2907 1636 2938 quantum
1659 2897 1727 2928 inse
1745 2897 1805 2931 est,
1826 2898 1987 2929 sanitatem
2003 2900 2147 2929 inducat.

1165 2940 1216 2972 Sic
1227 2939 1335 2972 docuit
1344 2940 1521 2972 Aristoteles
1535 2952 1559 2973 1.
1570 2939 1682 2980 Topic.
1693 2947 1755 2979 cap.
1768 2951 1794 2971 2.
1806 2941 1849 2972 ait
1858 2941 1946 2972 enim
1966 2952 1974 2972 :
1996 2942 2084 2972 Nam
2096 2951 2147 2972 nec

1165 2982 1277 3016 Rhetor
1298 2985 1378 3014 omni
1399 2994 1440 3014 ex
1455 2982 1539 3015 modo
1555 2980 1874 3024 perfiaeadebit,-neque
1891 2983 2037 3016 Medicus
2053 2985 2145 3023 sana-

1164 3024 1208 3058 bit
1217 3037 1229 3062 ,·
1237 3024 1331 3068 sedfi
1338 3036 1378 3057 ex
1387 3028 1446 3061 iis,
1456 3036 1512 3064 quae
1522 3028 1694 3064 contingunt
1704 3046 1714 3060 ,
1735 3024 1812 3058 nihil
1823 3026 1956 3068 omiserit
1966 3048 1976 3062 ‚
1994 3027 2143 3068 sufficien-

1163 3077 1225 3100 tem
1240 3067 1434 3108 disciplinam
1449 3080 1513 3100 eum
1533 3066 1638 3100 habere
1655 3066 1800 3101 dicemus.
1825 3070 1972 3111 Idemque
1988 3071 2108 3110 repetit·
2118 3078 2143 3099 1.

1165 3111 1296 3144 Rhetot.
1318 3118 1382 3151 cap.
1404 3121 1429 3143 1.
1452 3112 1559 3143 dicens
1576 3122 1582 3141 :
1605 3111 1711 3150 Neque
1731 3115 1810 3144 enim
1826 3112 1952 3146 Medici
1966 3112 2007 3154 est
2022 3112 2144 3152 sunita-

1163 3163 1225 3186 tem
1242 3153 1400 3189 inducere,
1418 3152 1475 3194 sed
1496 3153 1676 3196 quoadufiffle
1693 3153 1826 3198 poffibile
1841 3157 1906 3199 fit,
1928 3155 1966 3187 ad
1988 3154 2039 3186 hoc
2057 3154 2145 3194 usque

1162 3195 1339 3237 perducere.
1363 3196 1401 3229 Et
1422 3197 1546 3228 Boetius
1567 3199 1605 3229 de
1627 3197 1784 3230 Trinitate
1807 3211 1814 3230 :
1835 3200 1943 3236 Neque
1964 3200 2043 3228 enim
2059 3217 2069 3232 ‚
2096 3200 2144 3228 in-

1162 3240 1249 3281 quit,
1271 3240 1417 3272 Medicus
1431 3239 1551 3279 semper
1571 3243 1655 3280 aegris
1675 3238 1764 3283 affert
1778 3240 1967 3282 sanitatem,
1984 3240 2039 3280 sed
2060 3241 2146 3272 nulla

1162 3284 1250 3323 culpa
1265 3286 1326 3315 erit
1347 3281 1497 3315 medentis
1506 3302 1516 3317 ‚
1520 3282 1563 3357 stfi
1578 3284 1657 3316 nihil
1667 3295 1787 3319 eorum,
1809 3295 1864 3323 que
1884 3282 1953 3323 fieri
1971 3281 2144 3323 oportebat,

1162 3327 1298 3368 omiserit
1312 3348 1320 3356 .
1350 3324 1427 3357 Non
1446 3335 1516 3366 pote
1562 3336 1668 3359 autern
1698 3327 1841 3358 Medicus
1861 3329 1984 3366 opinari
2006 3326 2145 3368 profutu-

1161 3380 1233 3401 rum
1254 3369 1310 3400 effe
1331 3369 1594 3401 medicamentum
1614 3391 1623 3405 ‚
1645 3373 1728 3411 quod
1751 3369 1937 3409 probabilius
1959 3370 2000 3401 est
2021 3370 2145 3401 nocitu-

1161 3421 1257 3457 rum)
1287 3411 1362 3443 cum
1390 3422 1552 3453 opporteat
1573 3415 1694 3453 opinari
1725 3414 1808 3443 illam
1831 3422 1946 3452 partem
1964 3433 1974 3448 ,
2000 3423 2067 3454 quae
2091 3415 2143 3443 ba—

1161 3456 1209 3486 ber
1228 3456 1357 3486 tortiora
1372 3457 1514 3490 motiva,
1535 3465 1569 3488 ut
1586 3455 1748 3486 constater
1767 3454 1965 3528 dictisKsupra
1984 3468 2017 3488 in
2038 3466 2061 3486 1.
2074 3455 2142 3486 fun·

1870 3512 1873 3514 ·
2051 3500 2103 3528 da·
