2397 3664
163 375 206 405 26

280 80 377 133 4⁵⁶

228 158 313 190 cium
333 155 445 188 habeat
456 174 467 191 ‚
483 162 543 187 tut
565 153 606 186 ab
625 150 696 195 Epis
695 153 782 193 copis
793 154 897 192 appi-ol
909 150 1018 182 atione
1036 147 1198 188 accipiant
1211 169 1219 178 .

229 201 267 233 Et
279 201 364 232 satra
374 197 596 236 congregatio
606 197 743 239 ejusdem
752 194 902 229 ‚Concilii
913 194 1068 233 Interpres
1078 192 1219 224 declara<

225 243 273 276 vit
282 241 390 276 iri—itas
399 241 457 274 elle
467 250 529 272 con
535 239 562 272 fe
568 239 678 272 mones
687 262 697 276 ,
706 249 783 280 quas
795 237 927 273 audiunt
939 236 1123 268 Sacerdotes
1135 235 1173 265 ab
1185 232 1220 263 E-

227 286 353 327 piscopo
362 295 426 317 non
438 282 620 325 approbati.
643 282 728 323 Ergo
747 281 890 315 similiter
902 279 943 311 cst
961 278 1070 311 falsum
1081 299 1092 314 ‚
1112 276 1220 309 Sacer-

225 333 316 362 dotes
330 329 363 360 in
374 336 484 360 manus
503 325 707 367 impositione
724 323 936 358 characterem
958 322 1095 362 recipere
1107 343 1115 350 .
1135 318 1219 359 Qiae

228 372 301 406 cum
314 372 359 404 ita
371 370 442 406 sint,
455 369 583 410 inquiro
592 379 631 400 an
641 369 681 405 is,
691 368 743 399 cui
755 366 923 408 Episcopus
934 365 1070 406 porrexit
1083 363 1219 395 calicem

226 426 301 449 cum
311 416 387 445 vino
398 435 407 449 ‚
426 414 460 446 ὀί
479 423 592 453 patena
601 421 676 444 cum
695 410 792 442 hostia
801 432 812 446 ,
832 411 864 441 &
874 409 954 440 dixit
965 409 1078 444 verba,
1100 407 1218 445 Accipe

226 453 594 501 potestatemsacri'ficium
603 452 744 493 offerendi
754 476 764 489 .,
783 453 830 484 sed
842 455 984 484 nondum
996 449 1141 492 imposuit
1153 458 1221 479 ma-

227 512 298 540 nus,
307 501 384 541 quia
394 500 539 535 nondum
550 497 644 529 Missa
655 496 716 528 fuit
727 496 868 528 absoluta
877 518 887 532 ,
905 495 942 526 sit
953 504 1043 525 verns
1054 493 1217 529 Sacerdos,

227 542 423 584 &receperit
442 540 654 577 charatSQeiem
675 549 784 571 verum
803 538 936 570 Ordinis
959 537 1196 579 presbyteratus
1210 555 1221 569 ‚

229 591 332 619 necne
344 609 352 617 .
365 585 397 618 Si
408 584 524 616 dixeris
535 594 601 616 non
611 583 670 616 effe
684 592 791 614 vetum
803 581 1019 616 Sacerdoteim
1031 581 1089 615 lioc
1102 577 1143 609 est
1155 587 1221 623 ma-

230 628 342 663 nifeste
364 628 492 664 falsum,
511 628 543 659 &
562 636 676 658 contra
696 624 851 657 Divinam
872 622 1106 655 institutionem
1116 643 1126 656 ‚
1145 629 1223 660 quia

229 672 370 714 Apostoli
383 671 417 703 in
426 670 531 703 Cttna
538 669 666 702 fuerunt
678 667 818 699 ordinati
829 666 900 698 vere
913 667 1097 697 Sacerdotes
1108 685 1118 699 ‚
1129 664 1161 710 {Sc
1173 672 1223 693 ac-

231 725 382 757 ceperunt
392 713 574 755 potestatem
594 711 799 745 consecrandi
809 709 933 749 Corpus
944 731 954 744 ,
973 711 1007 740 &
1027 708 1221 746 Sanguinem

230 758 348 791 Clitisli
361 768 371 793 ‚·
382 759 414 790 &
425 767 532 789 tamen
542 765 617 788 tunc
628 763 692 786 tion
703 762 891 793 acceperunt
902 752 1069 783 secundam
1093 748 1223 789 potesla-

232 812 299 834 tein
319 800 500 832 absolvendi
510 799 526 830 a
545 797 680 839 peccatis
690 819 700 832 ‚
716 806 784 836 qux
807 795 943 826 traditur
962 794 996 832 in
1021 791 1222 833 impositione

231 854 386 877 manuum
396 865 405 879 ,
420 853 457 874 ιιι
468 852 552 882 patet
562 851 598 873 ex
609 838 855 872 diffinitionibus
876 836 1022 869 Concilii
1031 833 1222 867 Tridentini

231 886 319 928 supra
329 886 434 918 relatis
443 908 451 923 ,
473 885 552 916 Item
562 883 603 915 est
611 892 724 914 contra
734 879 994 915 consuetudinem
1005 877 1148 910 Ecclesia:
1160 899 1170 913 ,
1191 879 1223 908 &

231 930 441 972 praescriptum
451 926 644 961 pontificalis
655 934 748 956 :nam
761 923 800 958 sic
811 922 976 954 ordinatus
986 921 1150 955 consecrat
1162 918 1224 950 una

233 984 308 1005 cuin
318 972 471 1013 Episcopo
481 970 678 1004 celebrante;
700 966 739 998 Et
750 966 910 1007 propterea
924 965 956 996 in
966 967 1075 997 eadem
1084 965 1171 1003 rubr.
1187 962 1224 994 de

233 1015 348 1049 Ordin.
361 1013 498 1056 Presbyt.
508 1010 701 1051 disponitur,
722 1019 756 1041 ut
768 1007 911 1040 Pontifex
921 1008 1087 1043 celebrans
1107 1008 1225 1038 secreta

233 1056 358 1089 morose
369 1058 466 1092 dicat,
478 1057 509 1087 &
520 1054 754 1094 aliquantulum
765 1051 827 1083 alte
840 1074 848 1087 ,
862 1051 909 1082 ita
919 1060 954 1082 ut
965 1051 1105 1089 ordinati
1119 1050 1225 1080 Sacer-

233 1103 323 1139 dotes
334 1099 446 1140 possint
457 1099 562 1129 secum
572 1096 682 1127 onmia
692 1096 809 1130 dicere,
820 1095 852 1125 δε
867 1094 1033 1133 praesertim
1043 1095 1137 1125 verba
1147 1102 1225 1123 con-

234 1143 416 1175 sectationis
428 1164 436 1177 ,
456 1151 523 1181 quae
533 1140 597 1173 dici
610 1140 724 1170 debent
736 1140 846 1169 eodem
857 1146 1023 1169 momento
1034 1146 1087 1177 pet
1097 1135 1226 1169 ordina-

234 1196 283 1217 tos
293 1208 302 1222 ‚
321 1195 385 1226 quo
405 1185 556 1215 dicuntur
583 1192 636 1223 per
657 1181 843 1213 Pontificem
853 1203 861 1211 .
892 1181 934 1211 At
953 1179 1138 1211 consecrare
1159 1188 1225 1209 non

236 1228 331 1269 pofl‘et
345 1239 353 1264 ·‚
365 1227 421 1259 nisi
432 1228 505 1259 elset
517 1224 772 1257 verus‘Saeerdos
781 1246 791 1260 ,
802 1234 825 1256 c.
834 1234 858 1254 1.
872 1225 900 1259 §.
912 1223 981 1259 Una
993 1224 1064 1254 veria
1075 1244 1085 1258 ‚
1095 1221 1175 1261 verfi
1183 1223 1226 1252 Et

234 1272 285 1303 linc
297 1275 395 1308 utique
405 1274 636 1302 Sacramentum
646 1290 656 1303 ‚
669 1266 705 1299 de
715 1270 739 1299 S
741 1277 841 1298 amma
856 1267 1019 1298 Trinitate
1029 1288 1039 1302 ,
1050 1263 1088 1298 ὠ·
1094 1263 1156 1306 fide
1165 1267 1227 1296 Ca-

232 1314 310 1347 tholi
315 1325 350 1346 ca
367 1337 375 1350 ,
386 1325 410 1345 c.
428 1324 453 1344 1.
464 1317 500 1345 ‹⁴5-
513 1324 541 1344 2.
550 1311 587 1342 de
596 1312 678 1349 Cler.
688 1322 744 1341 non
755 1309 886 1341 ordinat.
898 1308 1073 1350 mimstran.
1083 1307 1226 1349 Qioties

228 1358 321 1390 'enim
330 1357 400 1395 sunt
410 1359 473 1388 duo
483 1359 599 1396 gradus
608 1353 769 1390 succeffivi
781 1376 790 1389 ‚
801 1355 832 1384 ὃς
844 1353 881 1384 ab
894 1353 1033 1384 invicem
1044 1351 1227 1383 subordina-

235 1401 262 1432 ti
274 1423 285 1437 ,
303 1400 437 1432 existens
448 1399 482 1431 in
493 1398 594 1440 primo
606 1408 672 1434 non
691 1397 822 1436 attingit
845 1407 881 1427 ea
893 1417 902 1431 ,
921 1405 988 1436 quae
1002 1395 1072 1426 sunt
1090 1393 1197 1425 ultimi
1217 1403 1227 1429 ·‚

236 1444 402 1475 Diaconus
413 1452 478 1474 non
490 1441 622 1481 attingit
633 1462 642 1475 ‚
653 1450 714 1480 quc·
724 1440 793 1471 sunt
803 1438 997 1480 Presbyteri,
1008 1449 1032 1469 c.
1045 1440 1202 1470 Diaconus
1213 1457 1223 1471 ‚

235 1485 274 1519 &⁸
283 1485 384 1527 aseqq.
397 1483 517 1527 93.dist.
528 1483 610 1524 Qiae
620 1483 690 1514 sunt
700 1484 794 1521 verba
804 1481 938 1515 Oldradi
946 1482 1039 1521 confii
1047 1477 1228 1524 ὡρμήθη)

237 1528 279 1570 est
289 1552 298 1566 ‚
327 1541 375 1561 nu.
392 1538 439 1560 11.
460 1526 598 1569 Ideoque
611 1526 644 1557 in
654 1524 799 1566 praeditsta
819 1525 943 1556 rubrica
961 1524 1154 1565 pontificalis
1165 1521 1228 1563 post

237 1572 470 1614 perrefitionem
481 1570 772 1604 instrumentorum,
783 1570 815 1600 &
826 1568 1036 1608 prolationem
1049 1568 1228 1601 verborum,

234 1617 353 1656 Accipe
359 1613 531 1659 potestatem
541 1636 551 1649 ,
569 1612 634 1644 ὠς.
646 1612 810 1643 multoties
823 1620 978 1642 vocantur
987 1610 1171 1647 Sacerdotes
1180 1619 1225 1640 or-

238 1658 339 1691 dinati
351 1680 361 1695 ,
382 1657 457 1689 licet
477 1657 647 1688 solemnem
657 1664 769 1686 manus
781 1654 1014 1694 impofitionern
1025 1655 1168 1685 nondum
1179 1662 1229 1683 ac-

173 1710 217 1740 27
237 1702 379 1743 ceperint
391 1723 400 1731 .
412 1700 444 1732 Si
455 1701 572 1731 dixeris
585 1699 623 1729 sic
634 1698 800 1733 ordinatos
813 1707 885 1728 ante
895 1707 1047 1728 manuum
1059 1695 1230 1736 impositio-

185 2615 224 2643 29

234 1755 307 1777 nem
316 1744 375 1776 else
386 1753 475 1776 veros
487 1742 674 1782 Sacerdotes
682 1763 692 1778 ‚
711 1741 745 1772 &
764 1740 909 1780 recepisse
928 1739 1140 1771 charadterem
1160 1738 1230 1769 Pre-

237 1790 413 1829 sbyteratus
426 1798 433 1818 :
445 1796 521 1819 ereo
532 1785 695 1817 evidenter
706 1783 779 1815 liinc
792 1782 931 1823 sequitur
940 1804 950 1819 ‚
962 1792 995 1814 ut
1005 1793 1117 1814 manus
1129 1782 1229 1821 impo-

239 1831 311 1863 sitio
322 1854 330 1865 ,
351 1841 419 1871 qur
441 1829 540 1869 postea
561 1827 684 1860 accedit
700 1849 710 1863 ,
732 1837 796 1858 non
814 1827 851 1857 sit
870 1826 1003 1857 materia
1014 1825 1135 1856 ordinis
1147 1823 1230 1856 Pres-

230 1875 392 1907 *bvteratu‘
411 1895 419 1908 ,
438 1883 495 1904 nec
507 1872 542 1904 sit
554 1874 590 1903 de
613 1869 697 1903 iilius
712 1869 881 1902 substantia
893 1892 900 1899 .
922 1868 1009 1900 Nam
1028 1870 1111 1908 quod
1133 1867 1230 1908 potest

236 1918 305 1949 fieri
315 1916 379 1956 post
391 1915 493 1947 afrum
504 1937 514 1952 ‚
536 1925 598 1945 non
610 1913 652 1945 est
661 1915 699 1944 de
711 1912 877 1944 substantia
889 1911 985 1948 adius,
995 1913 1230 1955 c.Quamquam,

239 1961 275 1991 de
288 1974 311 1999 ³1:
318 1960 393 1995 'iii-is,
404 1958 574 1991 l2b.6.l.Um‘
581 1956 679 1996 vcrsa,
690 1959 725 1988 C.
731 1958 779 1988 De
787 1954 921 1997 precibus
932 1952 1229 1996 Imperatorafferen.

238 2005 269 2034 ἅ·
283 2012 374 2034 notat
386 2001 466 2032 Petr.
479 2000 614 2032 Brixieri.
625 2002 657 2031 in
670 2002 849 2031 veni-'orma
862 2023 869 2030 .
891 1999 1080 2039 Impoffibile
1090 1998 1178 2029 enim
1188 1996 1230 2034 est

242 2045 448 2078 substantiam
461 2044 518 2075 esse
532 2045 701 2084 separatam
713 2044 748 2073 ab
760 2053 799 2074 eo
811 2065 820 2078 ,
837 2043 926 2073 cu²us
937 2041 978 2073 est
989 2041 1175 2077 substantia,
1196 2050 1230 2072 ut

239 2089 344 2124 infinit
357 2087 536 2119 Aristoteles
552 2085 734 2126 1.Metaph.
745 2095 810 2126 cap.
819 2095 849 2124 4.
876 2095 949 2122 ,tem
961 2084 1174 2116 substantialia
1184 2084 1231 2117 rei

240 2134 414 2168 dicuntur,
436 2130 497 2162 sine
507 2130 621 2170 quibus
637 2134 685 2159 res
704 2139 768 2160 nori
780 2127 876 2168 potest
888 2128 1050 2159 consistere
1063 2151 1070 2158 .
1087 2127 1168 2168 Qiae
1182 2137 1231 2158 ve·

244 2175 279 2207 ro
293 2176 448 2210 accedunt
471 2173 573 2213 postea
583 2195 592 2208 ,
612 2172 764 2202 dicuntur
785 2171 993 2207 accidentalia
1005 2193 1014 2205 ,
1035 2180 1069 2202 ut
1092 2172 1231 2202 declarat

243 2217 490 2258 Beiengariusin
500 2214 718 2255 repet.l.Pac'b.z
729 2223 876 2245 conventa
888 2235 898 2250 ‚
908 2225 936 2243 η.
948 2211 1041 2254 45.ff.
1057 2215 1105 2244 De
1117 2223 1234 2244 contra-

242 2260 433 2300 henaempt&
446 2263 483 2297 de
493 2258 660 2290 substantia
669 2258 802 2298 alicujus
813 2256 857 2288 rei
870 2256 944 2287 illud
958 2256 1014 2287 effe
1026 2256 1233 2297 diciturgquo

242 2303 396 2346 pofito,'&
410 2303 462 2335 illa
474 2312 519 2333 res
530 2301 658 2342 ponitur
668 2322 678 2336 ,
689 2302 721 2331 &
733 2310 797 2340 quo
807 2309 931 2330 remoto
941 2321 951 2334 ,
962 2308 1141 2330 removetur
1152 2301 1183 2330 ὅ(
1197 2300 1232 2330 il-

243 2349 272 2380 la
281 2369 290 2383 ,
313 2358 337 2378 c.
349 2349 430 2377 Inter
441 2345 608 2386 corporalia
620 2366 630 2380 ,
649 2341 686 2374 de
697 2343 898 2374 translatione
910 2341 1010 2381 Epist.
1025 2341 1232 2373 Manifestum

242 2390 283 2422 est
296 2399 400 2427 autem
416 2389 448 2420 in
459 2389 664 2419 sacramento
674 2385 843 2422 Ordinis‚si
855 2384 930 2425 quid
942 2385 1111 2416 omittatur
1121 2395 1155 2415 ex
1169 2385 1234 2416 sub-

245 2429 663 2467 stantialibus‚ch:u⁴asterem
676 2439 740 2460 non
751 2428 935 2469 imprimi‚&
947 2437 1048 2460 totam
1058 2428 1235 2459 ordinatio-

247 2487 320 2508 nem
331 2476 389 2510 effe
403 2475 577 2506 iterandam
587 2496 596 2509 ,
618 2483 651 2503 ac
666 2472 686 2503 si
707 2471 786 2503 niliil
806 2471 879 2502 effer
902 2470 1005 2502 actum
1017 2493 1025 2506 ‚
1047 2481 1080 2502 ut
1102 2474 1167 2502 trad
1174 2481 1213 2501 nn
1222 2480 1234 2502 t

244 2519 334 2552 Host.
347 2519 392 2559 Jo.
405 2518 502 2550 Andr.
514 2518 545 2548 ὅ(
556 2527 666 2547 omnes
677 2517 710 2546 in
720 2527 744 2546 c.
756 2513 907 2554 uniafup.
922 2512 959 2544 de
968 2516 1167 2545 Sacramento
1176 2514 1236 2546 Un-

246 2563 351 2594 monis
360 2583 369 2598 ,
380 2562 411 2593 &
422 2560 539 2592 dietum
550 2559 591 2592 est
602 2559 687 2599 supra
697 2558 729 2590 in
742 2556 973 2589 versoerabatur
987 2567 1044 2588 1.n.
1058 2567 1069 2588 1
1080 2566 1105 2588 1.

285 2604 390 2641 Sexto,
402 2614 456 2645 pro
465 2605 520 2634 liac
532 2602 686 2634 sententia
698 2601 752 2632 flat
765 2600 941 2632 authoritas
951 2599 1095 2632 Concilii
1107 2599 1235 2630 fioren-

250 2647 309 2679 tini
320 2648 352 2681 in
363 2649 490 2679 decreto
501 2646 572 2678 fidei
586 2644 718 2685 Eugenii
729 2644 782 2675 IV.
795 2654 868 2675 nam
878 2646 911 2675 in
922 2646 949 2680 §.
962 2644 1091 2686 Quinti,
1104 2642 1143 2673 sic
1154 2642 1235 2674 diffi-

251 2691 356 2721 nitur:
376 2692 491 2722 Omnia
509 2693 714 2722 Sacramenta
735 2686 832 2719 tribus
853 2685 1046 2727 perficiuntur
1055 2708 1066 2722 ‚
1086 2685 1235 2717 videlicet

251 2731 332 2764 rebus
342 2741 494 2771 tamquam
502 2734 633 2766 materia
646 2753 655 2768 ,
664 2729 755 2762 verbo
764 2739 918 2767 tamquam
930 2727 1025 2769 forma
1037 2751 1046 2765 ‚
1066 2729 1103 2767 Θ
1132 2728 1234 2769 crsonci

253 2777 327 2806 mini
326 2773 383 2814 stri
394 2774 569 2816 conferentis
585 2778 817 2807 Sacramentum
838 2783 902 2804 cum
922 2775 1082 2803 intentione
1114 2770 1236 2804 uiciendi

254 2816 326 2855 quod
348 2815 419 2856 facit
434 2820 566 2857 Ecclesia
577 2841 585 2854 ‚
607 2818 761 2860 quorumsi'
770 2815 892 2854 aliquod
902 2815 978 2858 defit
988 2838 997 2852 ,
1015 2827 1072 2847 non
1081 2813 1252 2863 perficitur‘

191 2870 232 2902 30
252 2862 480 2892 Sacramentum
492 2885 499 2892 .
523 2861 645 2892 Deinde
656 2859 931 2892 declaratformam
942 2881 952 2893 ‚
962 2861 1172 2890 &materiam
1183 2868 1236 2889 cu-

259 2902 362 2944 jusque
372 2902 562 2935 §aeramenti
573 2915 586 2939 .·
599 2904 673 2935 &in
685 2903 784 2943 specie
796 2905 824 2939 §.
843 2905 973 2934 Sextum
983 2904 1215 2934 Sacramentum
1223 2923 1234 2937 s

257 2944 372 2981 diffinit
385 2946 544 2980 materiam
556 2945 892 2977 SacramentiOrdinis
903 2946 960 2975 effe
971 2945 1046 2976 illud
1057 2967 1067 2981 ‚
1081 2955 1132 2985 pei·
1143 2946 1233 2984 cujus

258 2987 463 3020 traditionem
475 2988 633 3020 confertur
643 2991 723 3020 ordo
734 3011 743 3025 ‚
765 2988 841 3019 sicut
856 2987 1087 3028 presbyteratus
1099 2988 1235 3018 traditur

259 3040 312 3071 per
324 3029 432 3077 calicis
446 3040 516 3062 cum
527 3032 601 3061 vino
613 3053 623 3068 ‚
636 3033 667 3063 δι
679 3041 795 3071 patena:
806 3041 878 3062 cum
889 3041 965 3071 pane
985 3030 1213 3072 porretstionem
1225 3053 1234 3066 ‚

257 3084 316 3104 nec
329 3073 371 3104 ibi
384 3073 477 3119 ullam
491 3071 562 3118 facit
574 3074 768 3106 mentionem
780 3073 988 3114 impositionis
998 3084 1152 3105 manuum
1163 3096 1170 3104 .
1184 3073 1234 3104 Er-

259 3127 300 3157 go
314 3126 422 3146 manus
437 3116 591 3155 impositio
602 3125 665 3146 non
675 3116 716 3147 est
727 3117 858 3148 materia
870 3117 990 3147 ordinis
1001 3116 1234 3153 Presbwemtus

257 3170 311 3200 qui
326 3171 330 3186 1
344 3158 485 3198 alioquin
497 3157 679 3189 Concilium
690 3160 859 3191 tradidiisct
870 3159 1034 3191 materiam
1056 3155 1179 3190 ordinis
1188 3159 1235 3189 di-

258 3203 423 3233 midiatam
435 3223 443 3237 ,
455 3203 485 3232 ἅ
497 3200 672 3231 docuinam
685 3202 892 3240 iniperfeiitam
905 3225 913 3238 ,
922 3202 1136 3234 &maximam
1147 3212 1234 3233 erro-

259 3245 300 3276 ris
311 3244 432 3274 causam
445 3253 512 3276 turn
525 3244 688 3277 Armenrs,
719 3253 785 3274 tum
802 3244 980 3279 Catholicis
999 3247 1147 3276 omnibus
1161 3255 1234 3284 pra:—

258 3287 310 3318 bui
327 3287 379 3319 ss'ct.
391 3297 423 3318 ac
435 3296 573 3327 preterca
588 3295 652 3316 non
664 3285 896 3317 verificaremur
909 3289 961 3319 illa
973 3289 1065 3320 verba
1074 3288 1232 3320 Concilii:

263 3328 494 3370 Pretium-atus
512 3329 646 3360 traditur
667 3337 717 3368 per
736 3330 844 3358 calicis
863 3341 934 3361 cum
956 3331 1032 3361 vino
1045 3354 1053 3367 ,
1074 3334 1104 3362 ὅ(
1117 3341 1235 3371 patena:

261 3381 331 3402 cum
345 3383 420 3406 pane
432 3383 494 3410 pori
504 3373 657 3403 cclionem
667 3393 678 3407 ,
699 3370 717 3401 si
732 3374 766 3401 ad
780 3372 981 3403 traditionem
1003 3373 1235 3407 l'resbvtcratus

265 3423 320 3453 pro
331 3414 479 3444 eiscmmli
489 3415 621 3447 materia
632 3414 809 3453 exigeretur
819 3424 915 3445 ctiam
935 3411 1103 3447 concursus
1116 3417 1236 3456 imposi-

258 3456 358 3488 tionis
370 3466 533 3489 mintium.
555 3457 779 3498 Acceditqubd
792 3457 1059 3490 ciimCoucilium
1082 3460 1235 3492 florenti-

619 60 785 133 Prosp.
800 59 1024 130 fignan.
1046 59 1109 114 iri
1138 54 1583 112 PrimumLibi-um
1594 50 1860 107 Decretal.

1256 156 1334 182 num
1345 143 1547 186 assignaverit
1559 143 1728 174 materiam
1739 141 1898 180 integram
1908 139 2100 173 inomnibus
2110 140 2182 173 'aliis
2194 140 2248 173 Sa-

1256 188 1427 220 cranientis
1439 198 1447 224 3
1461 195 1519 218 cur
1529 195 1600 221 rior.
1610 185 1694 217 idem
1707 183 1820 218 lecerit
1832 183 1866 214 in
1876 182 2085 216 Sacraniento
2093 183 2227 216 Ordinis
2236 190 2246 214 2

1255 231 1325 264 Nec
1340 231 1421 262 valet
1435 252 1444 266 ‚
1463 230 1547 270 quod
1563 229 1609 262 ait
1623 228 1706 260 ide-m
1723 225 1908 260 Cardinalis
1927 226 2134 258 Bellatminus
2149 227 2250 259 etiam

1257 273 1446 307 Cone-ilium
1458 271 1755 310 Carthaginensem
1765 267 1979 312 c-Presbyter„
2000 278 2050 309 23.
2061 267 2249 309 duffii-nemi-

1258 318 1332 349 nisse
1342 314 1469 348 tantum
1482 313 1692 355 impositionis
1702 321 1854 348 manuum
1865 335 1874 349 ‚
1886 310 1944 344 'nec
1954 311 2134 352 explicuim-
2140 321 2247 344 totum

1257 361 1365 396 ritum,
1376 359 1423 391 sed
1437 356 1563 390 tantum
1574 367 1644 388 eam
1651 366 1786 398 partem,
1795 362 1889 397 quam
1897 355 2001 396 postea
2010 353 2116 386 omisit
2123 353 2248 388 Conci-

1257 404 1336 435 lium
1346 401 1563 434 Florentinum
1571 422 1581 437 ,
1593 399 1675 431 forte*
1687 400 1763 440 quia
1774 399 1927 436 Armeni,
1937 399 1991 440 qui
2005 398 2021 429 a
2032 396 2189 431 Concilio
2198 397 2251 430 in-

1257 446 1453 480 struebantur
1463 466 1473 480 ‚
1494 443 1528 478 in
1538 443 1598 474 hoc
1611 453 1675 474 non
1685 443 1833 474 errabant
1847 465 1854 473 .
1868 442 2004 482 ‘Etenim
2025 439 2109 476 inter
2128 449 2252 474 utrum-

1255 500 1315 531 que
1326 487 1514 520 Concilium
1525 486 1663 520 maxima
1675 485 1761 526 viget
1771 484 1960 517 diversitatis
1971 484 2055 517 ratio
2067 496 2074 514 :
2087 492 2163 517 nam
2171 481 2252 514 Cat-

1260 531 1447 572 thaginense
1459 530 1503 562 ibi
1511 539 1579 561 non
1592 529 1731 560 declarat
1742 528 1917 563 essentialia
1937 526 2135 560 Sacramenti
2156 525 2254 558 Ordi-

1257 576 1307 607 nis
1315 597 1325 611 ‚
1334 574 1384 606 sed
1397 571 1620 606 tantummodo
1630 573 1724 605 docet
1736 571 1835 602 titum
1845 570 2054 608 solemnitatis
2065 570 2256 602 servandumv

1257 619 1291 650 in
1302 617 1507 649 ordinatione
1518 614 1694 657 Presbyteri
1703 636 1714 651 ,
1725 624 1759 646 ut
1771 614 1902 653 probavi
1912 616 1945 645 in
1953 616 2058 651 munic.
2069 611 2249 654 nu.64.sup.

1256 660 1294 692 de
1304 664 1506 694 Sacramenta
1516 658 1672 702 Um‘iionis
1683 681 1690 688 .
1710 658 1750 689 At
1762 657 1982 690 Florentinum
2004 656 2140 698 explicat
2152 664 2252 690 mate-

1257 704 1337 736 riam
1349 703 1541 735 essentialem
1554 701 1689 733 Ordinis
1701 699 1939 742 Presbyter-atus
1951 725 1958 731 .
1978 700 2079 732 Unde
2098 699 2251 732 inconve-

1258 747 1384 779 nienter
1394 745 1548 784 omisisset
1559 744 1757 776 mentionem
1769 743 1980 784 impositionis
1988 752 2154 779 manuum,
2163 742 2183 774 si
2197 741 2253 772 illa

1259 790 1331 825 esset
1341 790 1379 820 de
1390 788 1575 829 integritate
1585 787 1726 819 materiae
1737 786 1890 827 requisitae
1912 788 1949 817 ad
1959 786 2168 817 traditionem
2188 784 2252 816 Or-

1258 832 1341 864 dinis
1353 855 1359 869 .
1373 831 1411 866 Ει
1422 833 1461 863 de
1468 841 1576 864 errore
1589 831 1802 863 Armenorum
1815 851 1825 865 ,
1836 828 1910 860 curn
1921 830 2045 860 nullum
2055 837 2139 860 extet
2150 827 2253 860 verisi-

1259 876 1335 910 mile
1349 883 1570 915 argumentum
1583 895 1593 910 ‚
1616 884 1681 905 non
1691 872 1734 905 est
1747 872 1873 904 licitum
1885 872 1918 903 in
1930 871 1988 903 liac
1999 870 2180 912 gravissima
2189 881 2255 902 rna-

1259 919 1339 951 teria
1348 918 1490 950 divinare
1501 939 1510 954 ‚
1523 919 1555 951 &
1566 915 1738 956 confugere
1749 917 1786 947 ad
1800 915 1829 946 id
1842 937 1852 955 ,
1861 916 1946 956 quod
1956 914 1998 946 ‘est
2007 913 2149 954 possibile
2158 937 2166 944 .
2178 913 2251 954 Pre-

1259 971 1405 1002 terquam
1415 959 1502 1001 quod
1513 960 1532 991 si
1545 959 1676 997 Concil.
1699 958 1923 991 Florentinum
1947 957 1979 989 in
1992 968 2032 989 eo
2053 959 2185 989 decreto
2201 958 2259 988 do-

1259 1005 1372 1036 cuisset
1384 1004 1538 1035 Armenes
1553 1013 1590 1035 ea
1600 1001 1747 1044 tantun-15
1760 1002 1794 1033 in
1803 1001 1916 1042 quibus
1928 1000 1980 1041 ipsi
1993 1001 2141 1033 errabant
2156 1010 2253 1032 :con-

1259 1049 1451 1085 cludendum
1463 1047 1540 1078 esset
1554 1045 1632 1086 ipsos
1645 1045 1760 1077 errasse
1772 1045 1804 1076 in
1815 1044 1967 1080 materia,
1977 1044 2082 1076 forma
2091 1066 2102 1080 ,
2112 1045 2145 1075 &
2157 1043 2253 1075 mini-

1260 1090 1320 1122 stro
1330 1091 1475 1122 omnium
1486 1090 1775 1124 Sacramentorum,
1785 1086 1928 1128 ciim‘liec
1939 1087 2050 1119 omnia
2061 1087 2106 1119 ibi
2116 1089 2253 1125 docean-

1261 1144 1311 1165 tur
1322 1135 1338 1164 a
1349 1133 1504 1171 Concilio
1515 1156 1522 1163 .
1534 1132 1633 1174 Qiod
1649 1132 1815 1163 absurdum
1824 1131 1901 1162 esset
1921 1130 2055 1169 asserere
2067 1154 2075 1162 .

1300 1176 1463 1217 Septimo,
1486 1176 1619 1208 materia
1638 1176 1730 1207 debet
1748 1174 1810 1206 esse
1831 1174 1956 1214 propria
1976 1174 2126 1217 cujusque
2146 1174 2254 1206 Sacra-

1260 1220 1384 1255 menti,
1393 1229 1428 1251 ut
1439 1218 1541 1251 astum
1554 1220 1712 1259 proprium
1725 1217 1923 1253 Sacramenti
1938 1217 2150 1256 determinate
2163 1216 2258 1258 signi·

1262 1263 1334 1294 ficet
1344 1285 1354 1299 ‚
1367 1272 1459 1303 prout
1469 1263 1607 1296 declarat
1620 1262 1716 1293 Sotiis
1726 1264 1758 1292 in
1769 1272 1798 1300 4.
1813 1259 2000 1301 distinfflzzi.
2013 1260 2105 1302 quast.
2121 1271 2147 1292 1.
2159 1270 2221 1292 art.
2227 1269 2257 1299 5.

1261 1309 1294 1340 &
1303 1316 1470 1346 parentum
1479 1315 1515 1336 ex
1528 1304 1683 1337 Concilio
1695 1304 1881 1337 Florentino
1893 1303 1927 1335 in
1938 1305 2138 1344 praeallegato
2148 1307 2257 1336 decre—

1261 1359 1296 1381 to
1309 1349 1381 1380 tidei
1390 1370 1400 1384 ,
1409 1348 1462 1379 ubi
1474 1350 1653 1381 declaratur
1664 1347 1845 1389 peculiaris,
1856 1349 1889 1378 δε
1900 1346 2047 1378 distincta
2057 1347 2191 1382 materia
2202 1347 2259 1379 siri-

1262 1393 1412 1433 gulorum
1423 1391 1700 1423 §aeramentorum
1714 1401 1721 1421 2
1745 1401 1813 1422 turn
1824 1400 1863 1429 eit
1872 1389 2030 1422 Concilio
2042 1389 2238 1424 Tridentino
2247 1412 2258 1426 ‚

1261 1437 1347 1476 quod
1357 1434 1446 1471 elicit
1462 1433 1676 1465 diversitatem
1687 1433 1967 1473 Sacranientorum
1977 1435 2042 1465 tam
2055 1443 2090 1464 ex
2101 1433 2261 1470 diversita-

1263 1488 1295 1510 te
1307 1478 1413 1509 forma:
1423 1499 1433 1513 ,
1451 1478 1545 1518 quam
1556 1477 1695 1513 materiae
1705 1499 1716 1513 ‚
1729 1487 1764 1508 ut
1775 1487 1858 1517 patet
1864 1475 1932 1518 seffi
1948 1487 1996 1517 14.
2010 1476 2047 1508 de
2057 1479 2259 1514 Sacramenta

1264 1523 1451 1559 Paenitentiae
1469 1531 1494 1551 c.
1509 1531 1537 1551 2.
1551 1519 1586 1551 de
1597 1518 1771 1561 differentia
1781 1521 1981 1557 Sacramenti
1992 1521 2181 1552 Poenitentiae
2191 1542 2201 1556 ‚
2220 1516 2274 1561 ά,

1263 1565 1421 1604 Baptijmi
1430 1586 1438 1594 .
1461 1565 1503 1594 At
1524 1574 1635 1595 manus
1655 1562 1816 1603 impositio
1836 1562 1878 1594 est
1897 1563 2093 1602 coeremonia
2114 1564 2258 1604 quaedam

1263 1606 1520 1639 communissima
1531 1629 1541 1642 ‚
1562 1617 1625 1647 qua
1637 1606 1776 1637 Ecclesia
1787 1606 1890 1637 utitur
1903 1616 1968 1637 non
1984 1604 2130 1645 solumin
2150 1605 2260 1638 Sacra-

1263 1650 1400 1686 mentis,
1421 1650 1498 1681 utin
1509 1649 1788 1685 confirmatione,
1810 1649 1899 1691 juxta
1910 1658 2033 1681 textum
2043 1649 2076 1683 2⁴71
2085 1645 2260 1690 cap.1.'2.t¹7

1266 1704 1293 1735 3.
1305 1693 1341 1724 de
1351 1691 1580 1733 ee71fi‘cr,dist.5.
1593 1692 1669 1725 &in
1681 1702 1824 1730 extrema
1836 1691 2003 1724 Unctione
2015 1715 2024 1729 ,
2036 1702 2071 1729 ut
2083 1693 2116 1730 in
2132 1693 2238 1731 §.Olea
2248 1713 2260 1730 ,

1265 1737 1340 1769 alitis
1352 1736 1466 1777 incipit
1477 1758 1486 1772 ‚
1497 1734 1566 1777 „Sed
1577 1735 1655 1777 istud
1666 1745 1716 1774 95.
1729 1734 1797 1775 dist.
1817 1733 1866 1766 sed
1876 1736 1973 1766 etiam
1986 1735 2019 1766 in
2030 1735 2104 1767 aliis
2115 1743 2168 1777 per
2180 1734 2261 1767 mul-

1266 1789 1277 1811 t
1285 1780 1308 1811 is
1321 1779 1440 1811 actibus
1451 1789 1538 1811 extra
1548 1779 1753 1810 Sacramenta
1764 1789 1775 1814 ‚·
1787 1780 1820 1810 &
1830 1778 1944 1818 septem
1956 1778 1971 1808 s
1968 1778 2069 1818 pecies
2084 1779 2259 1819 impositio-

1265 1823 1314 1856 nis
1325 1832 1476 1854 manuum
1487 1833 1523 1853 ex
1545 1822 1638 1854 sacris
1648 1821 1838 1853 Canonibus
1848 1821 2023 1862 desumptas
2035 1823 2200 1854 retulimus
2211 1822 2259 1854 sut

1264 1876 1319 1906 pra
1330 1876 1416 1897 num.
1430 1877 1459 1896 2.
1470 1865 1507 1897 Et
1519 1865 1623 1896 Graeci
1634 1875 1745 1896 manus
1757 1865 1960 1905 impositione
1973 1875 2106 1896 utuntur
2118 1865 2151 1896 in
2162 1865 2260 1899 colla-

1265 1910 1356 1940 tione
1378 1909 1570 1949 singulorum
1595 1907 1758 1941 Ordinnin
1774 1920 1781 1938 :
1808 1908 1846 1939 Et
1865 1907 2003 1939 Ecclelia
2023 1907 2172 1940 Romana
2191 1918 2260 1940 non

1266 1951 1393 1984 tantum
1405 1952 1438 1983 in
1449 1951 1664 1985 Ordinatione
1677 1950 1873 1994 Presbyteri,
1883 1952 1916 1982 &
1929 1950 2084 1987 Diaconi,
2097 1960 2131 1983 ut
2142 1950 2193 1983 liic
2205 1973 2216 1988 ‚
2225 1952 2260 1983 δε

1266 1999 1298 2027 in
1308 2004 1372 2036 cap.
1389 1993 1512 2036 1.supra'
1522 1993 1621 2025 eodem
1633 1993 1702 2030 ,sed
1713 1993 1810 2025 etiam
1822 1994 1855 2025 in
1865 1993 2045 2031 Ordinibus
2055 1994 2234 2031 minoribus
2246 2005 2260 2031 ,-

1265 2039 1359 2079 quam
1370 2048 1476 2070 tamen
1489 2048 1611 2069 certum
1623 2036 1663 2069 est
1673 2047 1738 2068 non
1748 2036 1807 2069 esse
1818 2039 1856 2068 de
1867 2037 2002 2074 essentia
2013 2059 2022 2073 ,
2045 2036 2120 2068 curn
2130 2037 2166 2070 sit
2175 2047 2257 2079 quae-

1266 2085 1336 2114 dam
1349 2080 1529 2113 benedictio
1540 2079 1711 2112 secundum
1722 2081 1763 2121 gl.
1772 2083 1805 2111 in
1814 2082 1843 2111 d.
1854 2090 1921 2121 cap.
1938 2090 1963 2112 1.
1974 2083 2007 2111 in
2017 2091 2083 2119 ver.
2094 2082 2262 2125 Impositio-

1267 2137 1303 2157 ne
1319 2148 1326 2156 .
1347 2124 1426 2156 Non
1438 2125 1537 2165 igitur
1549 2124 1710 2164 impositio
1719 2135 1832 2161 marius
1851 2123 2024 2165 potestesse
2045 2122 2180 2165 m‘ateria
2189 2135 2262 2166 pro-

1268 2169 1333 2210 pria
1345 2190 1355 2204 ‚
1375 2170 1407 2199 ὃς
1417 2167 1591 2199 essentialis
1602 2166 1737 2198 Ordinis
1760 2166 1996 2209 Presbyteratus
2008 2191 2016 2206 .
2037 2166 2109 2204 Nec
2126 2168 2264 2203 diluitur

1269 2212 1361 2253 liujus
1374 2211 1555 2251 argumenti
1565 2210 1611 2241 vis
1623 2221 1657 2241 ex
1670 2220 1710 2241 eo
1719 2232 1730 2246 ‚
1749 2209 1835 2251 quod
1847 2209 2016 2244 novissinie
2025 2210 2143 2252 scripsit
2154 2209 2264 2244 Petrus

1272 2254 1429 2286 Arcudius
1444 2253 1629 2293 Coregraeus
1640 2255 1673 2289 in
1684 2254 1774 2285 tras}-
1786 2251 1823 2284 de
1833 2251 1990 2289 concordia
2002 2255 2029 2284 E
2032 2255 2141 2297 cclefift
2151 2255 2264 2287 Orien-

1269 2299 1346 2329 talis
1358 2319 1367 2333 ,
1392 2296 1429 2328 &³
1451 2297 1664 2329 Occidentalis
1679 2298 1713 2326 in
1726 2295 1843 2335 septem
1851 2299 2120 2329 Sacramentorum
2128 2297 2266 2334 admini-

1264 2339 1414 2381 stratione
1424 2362 1433 2375 ‚
1445 2339 1531 2375 lisze.
1544 2338 1580 2370 de
1587 2341 1731 2375 Sacram,
1742 2338 1820 2370 Ord.
1832 2343 1890 2376 c,6.
1902 2338 1982 2379 verfi
1994 2339 2051 2371 Ad
2054 2339 2180 2380 sextum
2189 2363 2200 2378 ‚
2210 2341 2267 2377 ubi

1272 2393 1462 2422 retorquens
1475 2391 1696 2422 argumentum
1705 2381 1787 2413 dicit
1797 2383 1904 2414 oleum
1915 2382 1977 2414 esse
1987 2392 2192 2416 communem
2201 2395 2265 2417 ma-

1274 2426 1386 2458 teriam
1396 2424 1471 2456 Con
1479 2424 1670 2456 firmationis
1679 2435 1754 2456 cum
1765 2434 1906 2457 extrema
1918 2424 2084 2457 Unctione
2096 2436 2105 2463 ;
2116 2436 2210 2469 atque
2220 2429 2266 2462 ita

1275 2470 1481 2500 Sacramenta
1492 2478 1558 2504 non
1568 2467 1684 2508 semper
1693 2468 1786 2506 distin
1789 2468 1844 2508 gui
1856 2468 1991 2501 materia
2001 2491 2010 2505 ,
2031 2471 2064 2507 ὅ(
2075 2469 2090 2500 s
2087 2470 2149 2502 atis
2158 2470 2221 2503 esse
2231 2482 2266 2505 ut

1276 2514 1293 2543 d
1302 2511 1516 2551 istinguantur
1530 2510 1655 2546 for'ma5
1675 2510 1796 2542 falsum
1807 2512 1894 2543 enim
1903 2511 1946 2544 est
1963 2511 2152 2554 assumptum
2162 2525 2175 2550 ,·
2192 2524 2267 2548 nam

1275 2556 1382 2586 oleum
1403 2553 1589 2594 simpliciter
1609 2563 1673 2585 non
1696 2554 1738 2586 est
1759 2555 1893 2586 materia
1905 2554 2175 2595 Confirmationis
2184 2579 2194 2595 ‚
2214 2558 2265 2591 sed

1273 2597 1418 2629 Clu-ilina
1430 2596 1609 2629 confestum
1621 2607 1657 2629 ex
1668 2597 1786 2634 olem&
1799 2598 1985 2635 balsain03m
1995 2598 2036 2630 est
2046 2598 2220 2638 diffinitum
2232 2601 2268 2634 in

1277 2640 1572 2672 Conc.FlOi·entino
1581 2642 1615 2672 in
1625 2639 1687 2671 eod.
1699 2639 1816 2673 decreto
1819 2640 1901 2683 fidei
1912 2664 1922 2679 ,
1936 2644 1962 2679 §.
1974 2645 1998 2674 S
2000 2635 2141 2676 ecunduin
2148 2647 2265 2677 Sacra-

1276 2685 1455 2720 mentum3&
1467 2683 1507 2715 sic
1518 2684 1614 2715 tertia
1621 2687 1764 2724 quaedam
1776 2684 1891 2726 species
1901 2685 2025 2724 mixtaii
2036 2678 2169 2726 simplici
2181 2679 2265 2725 oleo,

1275 2730 1306 2759 «Sc
1322 2727 1338 2757 a
1351 2727 1482 2767 simplici
1495 2727 1632 2765 balsamo
1641 2727 1788 2759 distincta
1798 2750 1807 2764 ,
1818 2737 1852 2759 ut
1864 2728 1886 2759 si
1897 2738 1934 2760 ex
1947 2728 2024 2759 vino
2033 2750 2043 2764 ‚
2062 2730 2095 2760 ee
2104 2731 2199 2762 melle
2209 2731 2263 2764 fiat

1276 2770 1420 2806 mulsum,
1432 2780 1485 2802 aut
1497 2781 1533 2802 ex
1544 2770 1785 2810 medicamentis
1793 2771 1991 2811 emplastrum
2001 2793 2011 2807 ‚
2023 2771 2072 2802 seu
2083 2772 2265 2815 collyrium,

1273 2823 1305 2844 ut
1315 2815 1348 2844 ιη
1358 2813 1379 2844 l.
1391 2815 1480 2845 Adeo
1489 2835 1499 2850 ‚
1513 2813 1622 2852 §.Citm
1633 2816 1710 2853 quis,
1722 2814 1777 2850 ibi,
1789 2814 1840 2845 Ac
1850 2825 1886 2845 ne
1894 2811 2021 2854 mulsum
2032 2815 2150 2851 qm‘dem
2161 2814 2204 2847 ad
2217 2819 2264 2848 vi-

1272 2857 1390 2893 num&
1399 2858 1468 2892 mel,
1482 2857 1535 2896 ve!
1543 2856 1748 2898 emplastrum,
1758 2865 1812 2888 aut
1822 2857 1979 2903 collyrium
1991 2856 2034 2888 ad
2042 2857 2266 2895 medicamenta

1271 2901 1385 2931 reverti
1395 2897 1605 2943 poffunt‚ffiDe
1613 2898 1903 2938 acquirserdomin.
1916 2900 1953 2931 Et
1965 2899 2107 2932 similiter
2118 2912 2182 2934 non
2195 2903 2263 2939 sirn-

1272 2945 1338 2983 plex
1349 2944 1455 2974 oleum
1467 2944 1554 2984 olive
1563 2943 1605 2975 est
1615 2943 1748 2975 materia
1758 2943 1955 2982 Sati-amenti
1966 2942 2114 2985 Extreme
2126 2943 2265 2978 Unaio-

1274 2985 1387 3021 missod
1400 2987 1506 3018 oleum
1518 2987 1605 3027 olive
1617 2988 1654 3018 ab
1667 2986 1818 3026 Episcopo
1833 2986 2049 3023 benedictum,
2061 2997 2095 3019 ut
2108 2988 2141 3021 in
2153 2991 2266 3022 eodeni

1273 3035 1367 3060 modo
1377 3029 1550 3061 diffinitum
1561 3029 1646 3061 estin
1657 3029 1804 3070 praedidto
1815 3030 1941 3060 Decreta
1951 3031 1983 3061 in
1995 3032 2022 3067 ᾖ.
2039 3031 2187 3072 Quintum
2200 3035 2261 3064 Sa-

1272 3083 1364 3104 cram.
1377 3072 1415 3104 Et
1427 3072 1459 3103 in
1470 3071 1702 3107 Conc.Trid.in
1714 3083 1738 3104 c.
1748 3071 1861 3112 i.scss.t
1872 3072 1935 3104 ωλι
1948 3075 2100 3106 Extrema
2112 3076 2262 3108 minione.

1272 3116 1353 3157 Qiae
1371 3115 1500 3155 quidem
1519 3115 1701 3147 benedietio
1720 3115 1933 3147 differentiam
1954 3117 2032 3148 adeo
2062 3118 2262 3153 essentialem

1273 3158 1435 3189 constituit
1448 3160 1486 3190 ab
1495 3161 1568 3190 oleo
1579 3158 1722 3199 simplici,
1733 3169 1766 3190 ιιι
1780 3158 1800 3188 si
1812 3158 1994 3191 adhibeatur
2003 3161 2108 3194 oleum
2120 3172 2184 3194 non
2196 3161 2261 3197 san-

1272 3202 1460 3237 ctificatum,
1470 3201 1592 3233 etiamsi
1603 3201 1755 3233 Sacerdos
1765 3204 1916 3241 ungendo
1928 3203 2063 3243 proferat
2077 3205 2169 3236 verba
2180 3226 2189 3240 ‚
2202 3207 2263 3236 Pcr

1273 3244 1361 3285 istam
1371 3245 1554 3280 mistionem,
1564 3242 1628 3276 (ὑῒ.
1641 3253 1747 3275 tamen
1760 3255 1823 3275 non
1837 3245 1889 3276 fiat
1900 3245 2152 3284 Sacramentum.
2162 3257 2194 3278 ut
2205 3248 2261 3278 do·

1273 3298 1322 3318 cet
1334 3289 1360 3319 S,
1373 3287 1433 3318 Tli.
1444 3290 1477 3318 in
1491 3297 1517 3328 3.
1527 3296 1555 3327 p.
1567 3292 1647 3324 ¹1=⁶0-
1659 3296 1720 3318 arr.
1735 3296 1760 3326 5.
1772 3290 1806 3319 δέ
1817 3288 1860 3319 ibi
1869 3289 1967 3320 etiam
1978 3289 2150 3332 Caietanus
2160 3291 2193 3320 in
2202 3288 2257 3331 fin.

1275 3331 1358 3362 Inicit
1371 3340 1445 3362 text.
1457 3333 1523 3362 inc.
1535 3332 1708 3361 statuimus
1717 3353 1725 3366 ‚
1745 3331 1802 3373 inf.
1824 3338 1858 3362 a(
1867 3335 1957 3371 regul.
1975 3333 2029 3365 ubi
2040 3343 2092 3375 per
2103 3333 2199 3364 solam
2211 3333 2261 3364 be·

1274 3374 1485 3405 nediokionern
1497 3373 1621 3405 habitus
1641 3372 1849 3413 professorum
1868 3375 2073 3416 distinguitur
2093 3375 2131 3407 ab
2151 3375 2261 3406 habitu

1275 3415 1500 3462 Novitiorum,
1520 3418 1556 3447 ad
1569 3415 1713 3448 effectum
1724 3418 1894 3450 inducendi
1906 3441 1914 3454 ‚
1924 3421 1971 3450 vel
1983 3418 2169 3450 excludendi
2181 3418 2258 3449 taci-

1273 3468 1339 3491 tam
1359 3459 1578 3500 proieffioncm
1588 3481 1596 3489 .
1619 3458 1704 3491 Cum
1725 3461 1823 3502 igitur
1844 3462 1964 3503 singula
1983 3462 2186 3494 Sacramenta
2207 3462 2260 3493 lia-

2124 3505 2218 3537 beant
