2397 3664
328 97 397 152 86

258 178 303 208 tia
312 177 450 208 adhibita
467 183 529 203 non
542 182 626 213 potes
645 163 1008 201 fot-iiiidinciiiillamate
1023 163 1183 202 repellere,
1205 172 1240 193 ac

256 221 428 261 deponere,
449 226 523 248 tunc
536 211 708 245 intellestus
725 218 794 240 tuus
804 206 949 241 vacillat,
970 207 1002 237 &
1016 205 1164 239 fluctuat,
1184 213 1243 236 nec

257 262 436 301 simpliciter
447 258 685 290 sedeterminar3
708 250 839 291 ideoque
850 249 1003 289 judicium
1026 257 1115 280 tuum
1127 246 1241 294 non-est

254 304 412 337 moraliter
421 309 539 334 certum
549 319 557 333 ,
580 297 626 328 sed
638 293 762 327 tantum
772 292 927 332 probabile
936 312 946 327 ,
966 292 1115 325 timidum
1125 310 1135 325 ,
1144 300 1179 322 ae
1191 300 1241 323 in,-

254 356 394 380 certum,
416 342 522 384 utpote
538 340 708 372 obnoxium
719 335 900 373 formidini3
921 344 957 367 ac
979 335 1108 375 proinde
1126 334 1241 366 teneris

257 391 294 422 ab
304 390 354 419 illa
362 389 510 428 opinione
523 381 639 423 prorsus
654 378 821 413 abstinere,
844 388 901 411 nec
913 375 1080 411 secundum
1097 386 1167 408 eam
1182 377 1240 408 tibi

260 431 304 462 fis
318 431 360 463 est'
376 428 550 462 consulcrc3
571 424 710 463 alioquin
731 423 859 461 exponis
875 431 905 452 re
921 420 1112 453 discrimini,
1138 419 1171 451 δι
1196 419 1238 451 le-

257 474 381 507 thaliter
401 478 526 511 peccas,
548 465 792 507 cu'minjudicio
802 463 940 505 praikico
950 463 1089 496 formido
1108 463 1142 495 &
1159 461 1240 494 sctu-

259 518 346 558 pulus
362 513 418 545 nisi
435 514 606 552 deponatur
622 508 750 541 sitmors
771 506 988 542 conscientiae,
1008 516 1042 539 ut
1063 504 1181 538 constat
1202 514 1240 536 ex

255 558 348 589 dietis
357 556 494 588 num-88·
503 554 537 588 &
547 561 596 592 95·
608 553 642 587 δέ
653 551 790 585 numeris
800 550 1012 592 sequentibus,
1024 551 1057 581 ὃς
1069 558 1155 581 num.
1169 551 1240 587 246.

254 602 372 633 Verum
388 598 408 631 si
417 597 433 628 ir
443 598 598 638 principio
615 603 759 629 occurrat
769 595 827 626 tibi
837 593 948 635 opinio
967 592 1122 624 affirmans
1133 589 1240 623 astum

253 643 308 675 effe
326 642 449 675 licitum
462 660 472 677 ,
493 641 525 673 δε
549 639 630 671 illius
638 641 774 670 rationes
792 638 849 669 tibi
867 638 1032 668 videantur
1049 634 1239 676 probabiles,
1259 666 1261 669 ,

253 688 285 716 ὅ(
296 683 368 716 ideo
378 693 412 719 tu
422 684 499 717 velis
516 684 549 716 in
559 683 610 715 illa
619 680 881 722 statimquiescete
900 679 1009 722 absque
1019 688 1076 712 eo,
1096 675 1181 718 quod
1192 685 1240 709 te-

252 728 357 760 flectas
378 728 417 762 ad
436 726 622 768 opinionem
642 723 832 756 contrariam
850 743 861 757 ,
888 732 942 754 aut
963 721 1135 753 consideres
1157 719 1240 752 illius

253 773 393 806 motiva,
415 779 490 804 tunc
500 779 576 801 cave
594 778 632 802 ne
642 768 824 808 decipiaris,
844 765 919 807 quia
940 765 1088 797 nonlicet
1103 763 1240 810 tibiopi-

253 816 383 851 nionem
394 814 478 846 illam
489 820 659 852 utcumque
676 810 869 851 probabilem
879 808 982 850 sequi,
1003 817 1059 838 nec
1072 805 1240 853 secundum

252 866 321 888 eam
331 856 488 889 consulere
499 864 552 887 aut
568 854 704 897 judIcare
727 863 734 883 :
756 853 796 885 fic
811 854 898 884 enim
907 851 1067 883 assumeres
1084 849 1241 890 judicium

253 900 407 943 probabile
421 909 478 940 pro
492 899 598 939 regula
615 906 740 929 tuarum
755 897 993 936 operationum,
1012 894 1096 934 quod
1117 894 1151 923 in
1172 901 1240 924 mo-

252 944 366 975 ralibus
381 943 444 975 sine
453 950 581 983 peccato
595 941 663 972 fieri
673 949 737 970 non
756 938 870 981 potest,
891 946 926 970 ut
935 937 1050 977 viginti
1073 934 1240 983 sexfunda-

255 988 370 1019 mentis
392 987 555 1027 probatum
576 983 617 1015 est
639 981 723 1022 supra
747 983 780 1013 in
803 981 901 1021 prima
928 979 1094 1019 quaestione
1115 988 1131 1009 a
1152 986 1239 1010 num.

253 1040 302 1069 59.
312 1030 403 1069 usque
415 1030 452 1059 ad
470 1037 557 1060 num.
565 1028 616 1063 98·
627 1025 683 1057 Sin
699 1033 804 1058 autem
815 1022 967 1065 perpensis
986 1021 1115 1055 motivis
1127 1018 1239 1068 utrius-

250 1082 310 1113 que
327 1072 421 1113 partis
438 1071 604 1111 agnoveris
620 1077 783 1107 utramque
802 1068 988 1106 opinionem
1005 1065 1062 1097 effe
1081 1064 1239 1111 aequaltter

252 1114 462 1156 probabilem,
484 1113 530 1143 vel
547 1110 632 1153 quasi
652 1111 830 1153 aequaliter,
851 1119 890 1141 eo
910 1107 980 1142 casu
989 1118 1054 1140 non
1074 1107 1115 1139 est
1124 1108 1181 1140 tibi
1201 1107 1239 1139 li-

253 1160 358 1189 bei-um
382 1156 465 1196 sequi
486 1163 650 1196 utramque
667 1173 678 1189 ,
698 1153 747 1186 vel
767 1153 898 1186 alteram
914 1172 924 1187 ‚
945 1161 1040 1192 quam
1063 1151 1208 1182 malueris
1228 1169 1238 1184 ‚

250 1203 323 1241 quia
342 1209 405 1234 non
428 1209 460 1233 es
481 1198 640 1231 moraliter
654 1206 777 1232 certus,
799 1195 848 1227 sed
869 1196 998 1231 dubius,
1019 1203 1054 1226 ut
1076 1194 1239 1235 probatum

250 1244 290 1274 est
309 1245 341 1274 in
359 1253 385 1274 2.
401 1242 503 1283 quaest.
521 1240 538 1274 a
555 1250 641 1273 num.
667 1248 736 1279 ¹25·
754 1238 846 1280 usque
864 1240 902 1270 ad
916 1248 1002 1270 num.
1025 1245 1094 1275 171.
1117 1238 1151 1270 ὃ(
1165 1235 1238 1267 ὶάεὸ

249 1287 364 1318 teneris
383 1295 419 1316 ex
444 1294 594 1327 praecepto
611 1283 695 1327 sequi
718 1291 837 1326 partem
854 1283 1022 1315 tutiorem,
1044 1289 1079 1312 ur
1099 1279 1239 1311 similiter

250 1330 291 1361 est
314 1330 476 1369 probatum
497 1327 513 1361 a
544 1337 629 1359 num.
655 1335 722 1364 171.
745 1325 838 1366 usque
859 1326 896 1358 ad
926 1334 1011 1356 nurn-
1033 1333 1104 1370 229.
1125 1321 1238 1362 Neque

249 1375 336 1404 enim
353 1381 438 1405 extra
450 1372 613 1405 materiam
631 1369 768 1412 justitiae,
789 1369 866 1401 &in
883 1366 952 1401 foro
961 1367 1159 1399 conscientiae
1183 1365 1239 1395 lia-

249 1417 299 1447 bet
311 1417 414 1446 locum
431 1415 536 1455 regula
554 1425 562 1445 ε
581 1414 616 1446 In
636 1415 699 1455 pari
719 1411 809 1445 causa
820 1411 930 1444 melior
947 1410 987 1443 est
1006 1410 1148 1442 conditio
1172 1407 1238 1450 pos-

249 1459 375 1489 sidentis
385 1478 394 1493 ,
416 1468 449 1489 ut
461 1458 577 1489 constat
588 1466 624 1488 ex
634 1455 726 1489 dietis
736 1455 752 1487 a
774 1463 940 1490 num-191.
952 1453 1045 1494 usque
1057 1454 1093 1483 ad
1103 1462 1154 1483 nu.
1167 1460 1236 1498 ziz.

247 1501 346 1533 Unde
357 1503 470 1535 teneris
481 1500 562 1541 sequi
572 1508 688 1541 partem
699 1500 848 1532 tutiorem
858 1517 868 1531 ,
885 1496 946 1528 sive
956 1495 1087 1543 dubium
1096 1494 1131 1526 fit
1145 1495 1218 1543 juris
1227 1514 1237 1528 ‚

250 1555 283 1575 ut
300 1544 316 1575 ὰ
334 1553 497 1575 num.212.
516 1543 607 1583 usque
627 1544 664 1574 ad
683 1552 769 1575 num.
783 1544 851 1572 218.
869 1542 902 1573 &
926 1542 958 1571 in
977 1549 1065 1571 omni
1088 1547 1236 1571 materia,

248 1590 345 1619 etiam
363 1597 447 1618 extra
465 1586 568 1619 casum
584 1584 837 1626 irregularitatis,
860 1592 895 1614 ur
911 1592 996 1614 num.
1009 1593 1077 1613 κο.
1102 1580 1203 1626 Qiod
1214 1580 1235 1612 fi

248 1641 313 1662 non
323 1639 484 1676 appareat,
505 1639 572 1670 qua⁹
586 1630 696 1668 opinio
708 1628 742 1659 iit
752 1629 870 1662 tutior,
891 1625 1024 1659 servabis
1035 1623 1235 1665 regulasaju-

245 1684 278 1707 re
295 1676 497 1717 praelcriptas,
524 1681 558 1703 ut
576 1681 658 1712 patet
673 1671 689 1703 a
712 1680 797 1702 num.
809 1679 878 1705 229.
898 1668 990 1716 usque
1009 1669 1046 1700 ad
1068 1677 1154 1700 num.
1166 1677 1235 1706 242,

245 1717 347 1759 Qiod
359 1717 378 1748 si
389 1717 478 1749 omni
489 1715 607 1749 fludio,
628 1724 663 1748 ac
682 1713 846 1754 diligentia
857 1713 995 1745 adhibita
1012 1713 1043 1741 in
1057 1711 1235 1751 perquiren-

244 1762 282 1791 da
293 1761 421 1791 veritate
431 1757 617 1798 cognoveris
630 1757 739 1789 omnia
759 1758 904 1795 utrinque
913 1754 970 1787 eise
994 1753 1113 1795 prorsus
1130 1753 1235 1796 paria,

242 1804 326 1844 quod
343 1802 413 1833 raro
433 1803 548 1833 accidit
570 1811 577 1831 :
601 1810 675 1832 tunc
694 1797 863 1832 secundum
885 1808 920 1830 ea
938 1818 948 1833 ,
969 1807 1037 1837 quae
1060 1795 1144 1829 dieta
1166 1796 1235 1827 sunt

242 1846 450 1885 num.235.&
470 1843 548 1886 seqq.
562 1853 614 1877 aut
634 1852 733 1883 partes
742 1844 832 1882 adige
852 1843 890 1874 ad
910 1840 1159 1880 transigendum,
1181 1846 1236 1872 aut

244 1889 349 1921 divide
360 1898 425 1921 rem
443 1887 627 1919 divisibilem
637 1906 646 1918 ,
670 1895 723 1917 aut
733 1885 857 1917 consule
875 1884 1042 1917 Ecclesiam
1054 1882 1235 1915 Romanam

243 1931 388 1965 omnium
399 1929 602 1962 Ecclefiarum
620 1938 769 1963 matrem,
789 1930 821 1959 δέ
834 1927 1011 1969 magistram
1021 1947 1031 1960 ,
1054 1936 1087 1959 ur
1098 1933 1161 1967 cap.
1173 1927 1235 1957 Per

243 1972 449 2007 venerabilem
462 1993 472 2008 ,
493 1975 518 2013 §.
531 1969 728 2008 ,Rationibum
749 1973 798 2010 qni
809 1969 858 2012 fil.
860 1972 927 2015 sint
937 1971 1066 2009 legitim.
1077 1967 1235 2001 Caeterum

243 2016 475 2049 sicci-,sideratis
492 2018 620 2048 motivis
629 2014 786 2057 utriusque
805 2016 919 2056 partis,
940 2015 1105 2054 agnoveris
1124 2013 1233 2054 proba-

245 2061 337 2091 bilem
358 2061 414 2092 effe
439 2059 625 2100 opinionem
645 2057 852 2091 affirmantem
875 2056 981 2091 aditum
1003 2057 1057 2087 esse
1079 2056 1204 2100 lleitum
1223 2075 1233 2089 2

245 2103 435 2136 contrariam
446 2103 520 2135 vero
530 2103 586 2134 eise
597 2102 835 2144 probabiliorem
846 2121 855 2135 ,
878 2110 952 2145 tunc
969 2110 1032 2130 non
1043 2100 1114 2131 licet
1123 2099 1179 2131 tibi
1191 2101 1234 2128 le-

242 2149 297 2188 qui
309 2144 412 2179 minus
423 2147 629 2186 probabilem,
639 2156 674 2176 ac
684 2143 787 2177 minus
798 2153 898 2176 tutam
911 2163 921 2178 ,
931 2145 978 2174 led
989 2144 1102 2176 teneris
1113 2151 1149 2172 ex
1161 2151 1234 2181 prae-

243 2200 334 2231 cepto
352 2188 435 2229 sequi
452 2190 707 2229 probabiliorem,
730 2191 766 2221 ac'
782 2188 951 2221 tutiorem,
973 2195 1008 2217 ut
1027 2186 1234 2232 quadraginta

243 2234 361 2265 duobus
379 2231 588 2266 fundamentis
598 2232 760 2272 probatum
777 2230 817 2261 est
828 2232 861 2263 in
881 2238 906 2270 3.
918 2228 1045 2269 quaest-a
1067 2237 1152 2260 num.
1166 2236 1232 2266 253.

244 2276 337 2316 usque
348 2278 386 2306 ad
398 2285 482 2309 num.
491 2286 562 2317 402.
573 2275 668 2315 quue
679 2274 740 2306 sive
759 2273 795 2305 sis
804 2272 1010 2306 Consiliarius
1019 2291 1029 2306 ,
1050 2280 1083 2302 ut
1101 2280 1152 2301 nu.
1165 2277 1233 2309 354.

244 2322 305 2352 live
313 2319 407 2359 Judex
418 2339 428 2354 ,
450 2328 484 2351 ur
495 2328 580 2351 num.
591 2321 660 2355 298·
671 2319 704 2350 &
717 2325 782 2358 355.
794 2316 885 2358 usque
895 2317 933 2349 ad
945 2325 995 2346 nu.
1010 2323 1075 2354 373,
1091 2313 1152 2346 sive
1163 2312 1235 2344 Me-

243 2367 332 2396 dicus
342 2382 352 2395 ‚
374 2371 407 2394 ut
417 2371 504 2394 num,
516 2370 583 2402 373.
593 2363 628 2394 «Sc
647 2371 733 2393 num.
744 2359 823 2400 seqq,
836 2359 898 2393 sive
909 2358 978 2390 Rex
996 2360 1028 2391 in
1038 2357 1117 2405 bello
1125 2366 1235 2405 geren-

245 2410 302 2440 do,
324 2414 358 2437 ut
369 2414 455 2437 nutri.
466 2412 533 2444 375.
545 2403 696 2447 ptaecipue
706 2403 780 2437 vero
791 2404 825 2435 in
842 2401 1108 2435 administratione
1126 2402 1235 2431 bacta-

246 2457 425 2483 mentotum
435 2456 521 2481 extra
531 2446 635 2481 casum
643 2457 786 2480 extrema:
795 2445 980 2478 necessitatis
989 2464 999 2478 ,
1021 2453 1054 2474 ut
1065 2452 1152 2476 num.
1166 2451 1233 2482 303.

244 2497 277 2527 δε
290 2502 357 2534 304.
368 2492 401 2522 &
412 2500 442 2523 n.
455 2495 524 2530 376.
536 2490 630 2531 usque
645 2492 683 2522 ad
695 2500 725 2521 n.
739 2492 807 2530 381.
818 2490 851 2520 δι’
863 2488 923 2519 sive
934 2487 970 2518 sis
980 2488 1158 2519 Advocatus
1168 2505 1178 2520 ,
1201 2495 1235 2519 ut

247 2548 276 2570 n.
290 2538 358 2577 381,
368 2535 401 2565 ὃς
419 2544 449 2564 n.
461 2533 539 2574 seqq.
551 2533 644 2574 usque
656 2534 693 2566 ad
703 2542 733 2563 n.
746 2531 898 2576 392-Haec
917 2530 1060 2574 sequere,
1081 2530 1157 2560 &in
1168 2538 1236 2569 pet-

249 2588 374 2621 petuum
384 2586 448 2611 non
460 2578 574 2610 errabis
586 2598 594 2607 .

287 2620 415 2662 Qiarro
425 2640 436 2655 ,
457 2621 490 2654 ὃς
509 2618 621 2653 ultimo
633 2617 814 2662 QUAERO
832 2627 886 2658 pro
897 2616 1236 2662 complemento-mite-

250 2667 299 2696 riae
315 2664 389 2695 t‘An
399 2664 571 2696 authoritas
588 2663 680 2695 unius
691 2661 839 2692 Docroris
856 2663 888 2691 in
900 2660 1010 2692 morali
1028 2668 1178 2692 materia,
1200 2667 1234 2690 in

250 2718 310 2748 qua
321 2709 448 2740 vertitur
459 2708 579 2747 peccati
599 2705 770 2746 periculum
779 2723 789 2738 ,
812 2705 917 2734 reddat
930 2703 1116 2744 opinionem
1127 2702 1236 2748 proba-

251 2751 341 2783 bilem
353 2769 362 2783 ,
383 2749 426 2780 'ita
443 2749 521 2781 utfit
532 2748 683 2781 sufficietis
700 2747 940 2780 fundamentum
949 2754 1019 2779 eam
1032 2746 1180 2778 tenendi,
1201 2745 1236 2776 &

251 2796 287 2827 ad
299 2794 416 2833 praxim
425 2794 619 2826 deducendi,
1168 2829 1175 2834 Ω

293 2836 482 2866 Sententiam
512 2835 728 2868 affirmativam
751 2833 918 2875 probarunt
951 2841 988 2865 ex
1009 2830 1235 2863 recentioribus

253 2878 424 2918 Tlieologis
434 2878 602 2919 Gregorius
610 2881 646 2910 de
658 2878 802 2909 Valentia
811 2897 820 2911 ‚
832 2875 1016 2908 Emmanuel
1027 2873 1062 2906 Sa
1073 2893 1083 2908 2
1094 2872 1237 2906 Thomas

253 2922 411 2953 Sancum,
433 2920 606 2958 FilliuciuS,
627 2921 808 2962 &aliiquos
819 2919 903 2962 supra
920 2919 1090 2951 citavimus
1100 2918 1134 2948 in
1147 2925 1234 2956 3.qu.

251 2967 284 2996 in
298 2974 343 3004 39.
355 2963 557 2995 fundamento
567 2976 620 3004 pro
630 2974 713 3007 parte
723 2965 867 3004 negativa
877 2970 1035 3001 num-331»-
1045 2959 1116 3000 Qii
1126 2968 1236 2990 omnes

253 3010 383 3041 afferunt
394 3007 637 3046 probabilitatem
654 3009 842 3049 opinionum
860 3006 935 3040 oriri
945 3006 1042 3037 etiam
1059 3013 1095 3035 ex
1105 3001 1166 3035 sola
1182 3012 1236 3033 au-

257 3051 404 3084 thoritate
422 3050 606 3082 uniusdoch
627 3053 659 3083 ὅ(
676 3052 719 3091 pii
735 3048 906 3083 DoCtoris,
928 3050 959 3080 ὃ(
978 3047 1110 3088 allegant
1131 3047 1236 3085 Ange-

254 3096 317 3127 lum
327 3095 360 3127 in
370 3102 435 3124 ver.
447 3092 560 3130 Opinio
568 3112 578 3126 ,
595 3104 675 3124 num.
690 3105 716 3126 2.
725 3096 756 3125 δε
767 3092 883 3126 Silvest.
895 3089 1007 3124 ibidem
1016 3110 1026 3125 ,
1048 3099 1074 3128 q.
1090 3099 1116 3122 1·
1125 3091 1158 3121 &
1169 3088 1236 3121 Na-

253 3146 379 3170 varrum
393 3139 425 3169 in
434 3136 585 3166 Marmara·
605 3146 629 3165 c.
642 3145 687 3172 27.
698 3147 778 3168 num.
792 3139 860 3168 288.
872 3137 948 3167 dum
962 3133 1060 3169 dicit,
1083 3133 1160 3174 posse
1179 3141 1236 3163 nos

254 3181 365 3220 eligere
377 3189 433 3223 pro
442 3187 514 3210 vera
523 3179 707 3218 opinionem
725 3179 807 3220 ejus,
831 3188 925 3220 quem
945 3176 1059 3210 merito
1078 3175 1236 3208 censemus

256 3225 309 3255 esic
321 3223 424 3255 virum
443 3220 569 3255 scientia
590 3222 819 3254 &conscientia
845 3222 1023 3264 praeditum.
1045 3217 1173 3262 Qubus
1182 3219 1236 3250 ad-

253 3267 285 3298 di
296 3267 414 3306 poliunt
424 3264 582 3297 Bonacina
589 3262 626 3295 de
632 3266 762 3303 peccatis
770 3284 781 3299 ,
789 3265 863 3305 disp.
875 3276 902 3296 2.
911 3274 957 3303 qu.
967 3274 997 3303 4.
1008 3263 1103 3304 punsl.
1117 3272 1145 3299 9.
1155 3270 1234 3307 qum.

257 3317 282 3340 1.
293 3309 333 3338 ibi
346 3308 482 3350 :Sufficit
492 3305 662 3339 authoritas
672 3308 756 3337 unius
766 3308 905 3339 Dorsloris
916 3305 1011 3339 valde
1017 3307 1111 3346 periti
1120 3324 1130 3339 2
1141 3308 1178 3336 (Τ
1186 3301 1236 3335 bo-

254 3362 293 3384 nae
303 3351 484 3391 conscientiae
494 3370 503 3384 2
515 3349 673 3384 Martinus
685 3349 831 3380 Breiserus
841 3349 922 3390 lib.3.
934 3354 972 3382 ae
982 3349 1162 3391 conscientia
1172 3357 1196 3379 c.
1209 3355 1235 3385 3.

255 3395 298 3427 ibi
309 3404 315 3424 ε
325 3392 421 3426 Unius
429 3395 543 3434 viripii
551 3413 562 3428 ,
585 3391 622 3426 (ff
631 3392 711 3424 dom
719 3390 887 3423 authoritas
896 3413 906 3427 ,
926 3392 1036 3426 Casti-0
1046 3391 1153 3424 Palaus
1166 3397 1235 3430 par,

260 3446 284 3468 1.
295 3435 402 3477 disp-2.
411 3437 506 3477 punR.
516 3446 538 3467 i.
550 3446 662 3477 num.4.
674 3437 717 3467 ibi
728 3446 734 3466 :
745 3434 890 3472 Alicujus
900 3437 1040 3467 DoHoris
1048 3437 1091 3474 pii
1101 3454 1111 3469 9
1121 3433 1236 3473 &gra-

255 3482 320 3520 vis,
343 3478 483 3521 &Jacob
496 3479 631 3513 Granad.
641 3481 738 3521 inp-2..
750 3487 916 3511 controv-2.
927 3479 1014 3510 tratsZ.
1033 3488 1076 3510 ιι.
1090 3476 1233 3519 disputat.

598 85 774 159 Prosp.
794 81 1026 155 Fagnan.
1046 79 1103 135 in
1126 77 1369 135 Primum
1386 75 1614 134 Librum
1642 71 1919 130 Decretil.

1279 162 1352 201 sci-t.
1361 170 1371 191 ι
1379 162 1441 191 .ubi
1451 164 1489 190 lic
1500 161 1542 189 ait
1553 169 1560 188 ι
1571 159 1651 191 Dico
1661 168 1729 197 ergo
1737 155 1789 189 bre
1795 167 1886 191 vaur,
1892 157 1982 198 perse
1991 157 2133 196 loquendo
2143 158 2271 201 effepro-

1283 200 1414 236 babilem
1432 202 1602 240 opinionem
1623 219 1634 235 ,
1660 210 1718 239 quae
1746 198 1870 234 habetur
1890 200 1925 231 in
1945 199 2052 239 *aliquo
2073 202 2203 235 Dostorc
2230 214 2270 236 ex

1284 241 1516 279 recentioribus,
1538 246 1588 282 qui
1597 243 1644 287 fit
1663 242 1765 277 doetus
1787 245 1819 273 in
1841 242 1954 274 morati
1975 241 2160 282 Theologiae,
2179 247 2247 286 pius
2261 266 2271 281 ,

1284 287 1642 331 &minime'fingularin
1661 285 1697 319 id
1705 284 1747 327 est
1755 297 1811 319 non
1825 283 1930 318 docens
1937 283 2112 325 frequenter
2120 289 2271 328 opiniones

1277 331 1452 378 fingulares
1462 351 1470 359 ·

1327 374 1517 407 Moventur,
1531 374 1606 414 quiri
1614 373 1725 412 opinio
1735 372 1901 413 probabilis
1910 371 1969 406 est,
1985 381 2053 412 quae
2065 381 2130 404 non
2148 371 2209 405 levi
2220 374 2268 406 in·
2289 384 2352 414 40³»

1284 418 1396 450 nititur
1420 415 1626 448 fundamento
1641 426 1647 445 :
1663 414 1846 447 Authoriras
1860 425 1966 448 autem
1987 416 2046 447 viri
2063 413 2149 448 doeti
2170 416 2204 446 &
2226 416 2271 458 pii

1283 469 1347 491 non
1356 459 1396 492 est
1407 459 1471 490 leve
1482 457 1718 491 fundamentum
1729 479 1737 487 .
1760 457 1847 491 Nam
1857 458 1876 490 si
1888 459 1921 491 in
1931 458 2095 499 agibilibus
2105 459 2269 498 prudenter

1282 505 1348 542 agit
1363 503 1419 543 qui
1435 502 1535 534 credit
1552 501 1676 532 homini
1694 502 1783 541 gravi
1803 502 1837 532 δε
1855 502 1908 541 pio
1928 501 2068 533 asserenti
2084 501 2204 541 aliquid
2223 500 2269 535 fa-

1282 546 1368 579 cium
1379 544 1507 579 Romae‚
1529 544 1576 576 vel
1589 542 1729 580 1²arifiis3
1748 553 1804 577 cur
1813 553 1878 575 non
1896 545 1972 576 item
1993 548 2027 577 in
2047 545 2214 577 moralibus
2235 546 2268 576 δι

1283 588 1427 629 practicis
1438 589 1602 628 prudenter
1618 596 1708 629 agat,
1728 589 1784 629 qui
1802 585 1898 619 fidem
1910 586 2056 621 adhibeat
2066 590 2136 620 viro
2151 588 2249 631 probo
2258 608 2269 623 ,

1281 634 1314 666 &
1326 634 1358 663 in
1369 641 1405 664 ea
1417 633 1547 663 materia
1558 629 1697 662 versato?

1325 673 1395 707 Nec
1413 673 1653 716 placetTlioniae
1668 672 1809 705 Sanehez
1821 671 1972 705 limitatio
1991 673 2122 706 Adriani
2138 670 2273 712 quodlib:

1280 728 1310 758 4.
1321 727 1414 750 arm.
1425 717 1535 749 littera
1542 717 1590 750 N.
1601 726 1659 748 ver
1672 727 1709 749 ic.
1722 717 1776 747 Ex
1785 714 1837 748 hoc
1843 723 1931 755 patet
1941 736 1951 751 ‚
1968 716 2002 747 &
2013 715 2268 758 Cordubae.infim

1280 759 1462 801 quaesti'onar.
1472 758 1526 791 lib.
1540 771 1565 790 2.
1576 769 1633 798 quae
1665 781 1672 788 .
1686 768 1712 799 3.
1721 761 1755 790 in
1758 758 1908 799 solutione
1915 758 1956 790 ad
1956 759 2118 799 secundum
2127 780 2138 795 ,
2158 757 2269 801 confir-

1279 813 1353 836 mat.
1361 812 1371 834 i
1379 825 1386 833 .
1395 813 1461 843 arg.
1466 803 1573 845 verstr-
1579 801 1634 833 Ad
1645 799 1854 842 Landulphum
1864 799 1937 843 ‚fob
1945 810 1955 832 ι
1963 803 1991 832 8.
2003 811 2035 832 ut
2044 801 2103 834 hoe
2112 796 2268 845 intelliga-

1280 856 1328 878 tur
1337 867 1347 880 ,
1357 846 1376 878 si
1389 845 1516 878 fiterror
1522 845 1599 888 juris
1609 846 1754 880 humani,
1765 844 1848 877 secus
1859 844 1880 875 si
1890 843 2007 876 divini.
2017 844 2093 877 Haec
2103 865 2113 880 ,
2125 846 2269 886 inquam,

1281 890 1429 922 limitatio
1443 890 1546 920 eidem
1556 888 1695 920 Sanchez
1714 898 1779 919 non
1789 888 1888 928 placer
1899 907 1909 921 ,
1930 890 2005 928 quia
2024 890 2058 919 in
2075 887 2209 930 utrisque
2227 890 2269 921 est

1281 935 1387 973 magni
1397 933 1538 973 ponderis
1557 941 1592 963 ac
1604 933 1755 963 momenti
1764 931 1937 963 authoritas
1946 932 2006 962 viri
2016 932 2120 972 gravis
2129 951 2140 965 ,
2162 932 2196 965 ὃς
2207 931 2267 972 pii.

1281 976 1388 1016 Itaque
1407 975 1458 1007 liic
1470 974 1587 1007 Auctor
1608 972 1711 1015 aperte
1720 973 1807 1006 sensit
1819 973 1914 1006 solam
1930 974 2155 1010 authoritatem
2173 976 2268 1006 unius

1281 1018 1431 1051 Doctoris
1440 1019 1564 1050 reddere
1574 1018 1759 1058 opinionem
1769 1017 1967 1058 probabilem,
1976 1018 2010 1050 ὃ(
2018 1016 2162 1049 excusate
2170 1016 2188 1048 a
2196 1027 2268 1060 pec-

1280 1072 1351 1094 cato
1359 1061 1489 1097 erroris,
1511 1060 1630 1092 etiamsi
1649 1070 1733 1092 error
1743 1062 1779 1093 fir
1796 1060 1870 1101 juris
1878 1061 1979 1092 divini
2001 1072 2008 1092 :
2030 1062 2190 1102 asseritque
2209 1061 2268 1093 suae

1279 1106 1425 1146 opinioni
1437 1104 1539 1136 favere
1552 1103 1590 1135 D.
1601 1103 1760 1136 Thomam
1770 1101 1899 1142 quodlib.
1912 1112 1937 1144 3.
1948 1105 2038 1135 artic.
2054 1113 2100 1135 10.
2109 1105 2269 1136 dicentem

1302 1149 1360 1179 osse
1377 1157 1567 1188 quemquam
1577 1146 1722 1187 ampletffi
1739 1149 1923 1188 opinionem
1939 1156 2119 1182 erroneam,
2139 1156 2236 1187 quarn
2250 1146 2269 1179 εὶ

1280 1159 1432 1232 Riagistro
1440 1192 1560 1223 audivit
1570 1211 1581 1224 ,
1599 1192 1632 1222 in
1643 1192 1680 1222 iis
1698 1201 1764 1231 quae
1772 1191 1809 1221 ad
1823 1200 1924 1223 mores
1935 1193 2090 1231 pertinent
2099 1211 2107 1219 .
2131 1188 2190 1221 Sed
2201 1200 2269 1221 cer-

1280 1234 1310 1267 te
1320 1235 1349 1267 S.
1360 1233 1483 1269 Dotstor
1491 1235 1568 1265 dicit
1579 1243 1681 1266 totum
1690 1235 1863 1274 oppositum
1873 1253 1883 1267 ,
1900 1243 1933 1264 ut
1942 1234 2070 1265 cuilibet
2089 1234 2268 1275 legentipa-

1283 1287 1347 1310 tere
1359 1277 1452 1318 potest
1463 1298 1473 1311 ,
1493 1278 1525 1308 ὃ(
1539 1276 1657 1317 plenius
1671 1276 1760 1317 paulo
1770 1276 1848 1308 infra
1858 1275 2077 1317 explicabitur.

1321 1319 1390 1360 Ego
1406 1320 1480 1352 ver‘o
1490 1330 1544 1360 pro
1561 1322 1685 1352 clariori
1697 1319 1848 1352 solutione
1866 1319 2079 1362 hujusquartae
2088 1318 2267 1361 quaestionis

1282 1363 1425 1396 existimo
1435 1364 1605 1395 statuendas
1615 1363 1672 1395 else
1687 1362 1900 1395 conclusiones
1910 1362 2120 1404 Infrascriptas
2129 1384 2137 1392 .

1322 1405 1423 1439 Prima
1433 1406 1591 1439 conclusio
1599 1406 1639 1438 est
1657 1417 1665 1437 :
1683 1406 1754 1437 Sola
1763 1406 1936 1439 authoritas
1950 1408 2042 1440 unius
2054 1405 2204 1438 Dodtoris
2218 1415 2267 1437 ut·
2288 1409 2349 1446 406

1279 1460 1412 1490 cumque
1421 1449 1505 1482 dosti
1528 1450 1561 1481 &
1573 1450 1658 1489 probi
1678 1459 1876 1490 nequaquam
1895 1451 1994 1481 reddit
2004 1451 2187 1490 opinionem
2196 1459 2268 1490 pro-

1280 1493 1428 1528 babilem,
1451 1502 1506 1524 nec
1519 1492 1558 1524 est
1569 1491 1720 1524 sufficiens
1737 1492 1975 1526 fundamentum
1986 1502 2056 1524 eam
2067 1494 2213 1527 tenendi,
2233 1493 2267 1525 &-

1281 1534 1365 1568 licite
1376 1538 1412 1567 ad
1427 1537 1545 1576 praxim
1566 1536 1755 1568 deducendi.
2184 1547 2187 1550 ·

1323 1578 1471 1611 Probatur
1487 1577 1588 1618 primo
1598 1579 1786 1611 authoritate
1804 1579 1977 1611 Aristotelis
1998 1578 2143 1618 1.Topic.
2158 1586 2224 1623 cap.
2238 1586 2265 1610 ι.
2289 1587 2350 1620 407

1278 1622 1331 1654 ubi
1342 1624 1385 1653 ait
1398 1619 1593 1655 :Probrzbilia
1602 1622 1775 1662 autemsuvt
1785 1643 1794 1656 ,
1814 1632 1869 1659 quae
1880 1621 2029 1653 videntur
2040 1620 2174 1653 ommbus
2183 1641 2193 1653 ,
2214 1630 2269 1654 aut

1274 1663 1408 1706 pluribus
1417 1685 1428 1699 ,
1449 1674 1502 1696 aut
1502 1664 1688 1705 sapientibus
1697 1685 1707 1700 ‚
1729 1671 1765 1696 ef
1775 1664 1820 1696 his
1830 1665 1966 1696 maxim&
1976 1667 2056 1697 nom
2067 1686 2074 1694 .
2097 1665 2209 1706 Qern
2221 1665 2267 1696 lo-

1277 1719 1349 1741 cum
1360 1709 1516 1749 explicans
1533 1709 1707 1741 Alexander
1717 1709 1760 1740 ait
1776 1720 1783 1740 :
1801 1706 1977 1739 Prolmbiffia
1991 1706 2062 1747 funt
2073 1728 2083 1744 ,
2104 1718 2161 1745 ’με
2172 1709 2268 1739 omni-

1277 1749 1347 1786 bus,
1369 1751 1420 1782 vel
1439 1749 1591 1791 pluribus,
1613 1752 1665 1783 vel
1676 1750 1864 1793 sapientibus
1880 1749 2047 1792 probantur
2067 1771 2077 1786 ,
2097 1751 2191 1793 iasque
2213 1751 2269 1783 vet

1278 1792 1431 1829 omnibus,
1451 1795 1503 1826 vel
1507 1792 1661 1833 pluribus,
1682 1795 1735 1828 vel
1744 1794 1883 1828 maxim&
1899 1797 2048 1834 cognitis,
2068 1805 2103 1825 ac
2112 1792 2265 1834 prob-itis:

1276 1839 1308 1871 &
1320 1837 1403 1869 Boet.
1415 1835 1452 1869 de
1461 1834 1559 1879 differ.
1571 1838 1679 1877 Topic.
1690 1849 1714 1870 c.
1723 1849 1752 1877 4.
1762 1836 1823 1879 post
1830 1839 1881 1879 pri
1884 1849 1928 1869 nc.
1944 1835 2106 1870 Probabile
2115 1837 2188 1869 vero
2196 1857 2206 1872 ,
2217 1839 2267 1868 in-

1276 1883 1343 1921 quit
1355 1901 1364 1916 ,
1386 1879 1428 1920 est
1437 1880 1512 1918 quod
1525 1880 1645 1913 videtur
1660 1881 1711 1913 vel
1722 1879 1854 1913 omnibns
1865 1901 1874 1916 ,
1896 1881 1948 1913 vel
1955 1879 2089 1922 pluribus
2099 1900 2109 1915 ,
2131 1881 2183 1912 vel
2201 1891 2267 1911 ma·

1276 1923 1361 1957 mm&
1371 1926 1450 1957 notis
1459 1944 1468 1959 ,
1477 1926 1722 1964 atquepraecipuis
1730 1946 1737 1954 .
1749 1924 1833 1965 Ergo
1841 1934 1908 1965 quse
1919 1924 2065 1956 videntur
2074 1924 2129 1954 uni
2138 1924 2264 1954 rantum

1276 1967 1426 2008 sapienti,
1449 1978 1513 1999 non
1531 1967 1598 2000 sunt
1617 1969 1787 2008 probabilia
1804 1979 1811 1997 :
1831 1967 1869 2000 Et
1886 1967 2111 2008 consequenter
2127 1965 2268 1997 authori-

1276 2020 1322 2044 tas
1331 2013 1423 2043 unitis
1436 2010 1495 2042 viti
1503 2030 1512 2044 ,
1536 2020 1705 2052 utcumque
1713 2012 1817 2052 gravis
1826 2012 1878 2046 ,δι
1888 2009 1976 2043 docti
1985 2030 1995 2045 ,
2005 2020 2070 2042 non
2080 2009 2185 2042 reddit
2195 2011 2265 2051 opi-

1277 2056 1407 2087 nionem
1426 2054 1630 2095 probabilem.

1319 2095 1469 2128 Probatur
1479 2096 1612 2128 secundo
1623 2098 1655 2129 in
1666 2108 1689 2128 c.
1703 2097 1784 2129 Noli
1792 2099 1883 2132 meis,
1904 2106 1932 2134 9.
1941 2093 2010 2138 dist,
2021 2096 2073 2129 ubi
2083 2096 2208 2137 August.
2221 2096 2269 2126 in-
2290 2098 2351 2136 408

1275 2140 1639 2179 terrogatusresponder,
1662 2140 1817 2181 scripturis
1829 2141 1889 2173 suis
1907 2150 1962 2181 pro
1971 2140 2063 2173 firmo
2077 2141 2269 2172 credendum

1276 2192 1342 2216 nori
1350 2182 1406 2213 esse
1418 2202 1428 2217 ,
1450 2182 1505 2213 nisi
1515 2192 1636 2214 certum
1655 2193 1817 2223 appareat.
1841 2183 1897 2214 Per
1911 2193 2005 2222 quern
2026 2183 2190 2214 text-Petr.
2201 2182 2269 2214 Bri-

1276 2225 1387 2257 xiensis
1397 2226 1434 2257 in
1446 2226 1565 2264 Repert.
1578 2227 1610 2256 in
1622 2225 1841 2259 ver-Credere,
1851 2225 1928 2257 dicit
1939 2245 1949 2259 ,
1959 2227 1991 2256 in
2002 2234 2124 2257 tantum
2134 2225 2191 2256 effe
2199 2235 2268 2257 cre-

1276 2270 1413 2300 dendum
1426 2267 1518 2298 dietis
1539 2266 1714 2301 nouatum
1724 2288 1734 2303 ,
1757 2270 1790 2300 iri
1800 2278 1956 2309 quantum
1966 2267 2129 2300 canonicis
2138 2267 2267 2310 scriptu-

1277 2313 1318 2344 ris
1340 2310 1533 2343 deserviunt·

1320 2353 1470 2386 Probatur
1479 2353 1573 2387 tertio
1584 2355 1617 2386 in
1627 2364 1650 2386 c.
1664 2355 1703 2386 Si
1712 2352 1800 2386 habes
1810 2374 1819 2388 ,
1845 2365 1892 2394 24.
1902 2364 1929 2392 q.
1942 2363 1969 2395 3.
1980 2355 2032 2386 ubi
2044 2356 2129 2386 idem
2139 2353 2267 2395 August.

1277 2395 1318 2430 ad
1330 2397 1498 2429 Auxilium
1508 2398 1538 2428 E
1536 2395 1686 2438 pascopum
1702 2409 1712 2427 .·
1729 2395 1878 2432 Silmbes,
1901 2399 2023 2438 inquit,
2044 2402 2081 2429 ae
2090 2402 2144 2430 mc
2154 2407 2186 2428 re
2195 2397 2269 2440 sen-

1277 2443 1404 2473 tentiam
1414 2442 1505 2472 certis
1514 2438 1702 2475 rationibus,
1719 2442 1771 2473 vel
1780 2440 2003 2480 srripiurarum
2021 2438 2204 2481 testimoniis
2213 2451 2269 2472 ex-

1276 2484 1427 2524 ploratam
1438 2503 1448 2518 ,
1468 2494 1521 2514 nos
1531 2493 1637 2521 quoque
1655 2483 1758 2516 docere
1767 2486 1922 2523 digneris,
1942 2484 2082 2522 quomodo
2105 2481 2183 2516 νεὲἶὲ
2191 2495 2269 2516 ana-

1277 2525 1496 2559 thematizecur
1501 2534 1557 2567 pro
1574 2528 1672 2565 patris
1681 2535 1801 2566 peccato
1818 2525 1920 2567 filius?
1945 2527 2026 2568 Ergo
2043 2525 2191 2560 sentiebat
2204 2527 2269 2558 Au-

1276 2569 1416 2611 gustinus
1427 2569 1520 2602 solam
1532 2569 1673 2610 Episcopi
1688 2570 1872 2602 sententiam
1896 2572 2069 2602 rationibus
2089 2574 2122 2603 ὅ(
2139 2572 2268 2611 lcriptu-

1278 2615 1320 2645 ris
1331 2615 1478 2646 nudatam
1488 2633 1497 2646 ,
1520 2613 1651 2645 noness'e
1662 2612 1814 2646 sufficiens
1825 2612 2065 2647 fundamentum
2081 2613 2122 2645 sic
2133 2613 2268 2654 opinan-

1278 2658 1328 2691 di,
1349 2657 1555 2696 &operandi.

1323 2697 1472 2731 Probatur
1479 2699 1591 2739 quarto
1602 2701 1633 2730 in
1645 2710 1669 2731 c·
1680 2697 1829 2740 Egosolis
1838 2720 1848 2736 ,
1869 2710 1899 2738 9.
1908 2698 1978 2741 dist.
1989 2699 2040 2730 ubi
2053 2698 2195 2731 similiter
2202 2699 2268 2732 Au-

1277 2741 1416 2784 griffinus
1439 2742 1599 2782 profitetur
1627 2742 1654 2774 se
1676 2752 1741 2775 non
1756 2745 1879 2775 credere
1896 2742 2104 2783 Scriptoribus
2128 2753 2191 2775 non
2213 2754 2267 2775 ca-

1278 2785 1422 2819 nonicis,
1443 2785 1586 2826 quamvis
1605 2785 1724 2821 doctis,
1745 2787 1868 2827 &piis,
1890 2786 1946 2818 nisi
1959 2796 2067 2817 eorum
2086 2786 2171 2818 diclta
2187 2797 2265 2818 con-

1278 2828 1401 2860 firment
1412 2829 1457 2861 vel
1469 2838 1521 2869 per
1530 2830 1606 2861 alios
1618 2830 1772 2861 Autliotes
1782 2849 1792 2865 ,
1816 2829 1863 2861 vel
1874 2839 1925 2870 per
1933 2831 2102 2862 canonicas
2111 2849 2122 2863 ,
2133 2839 2185 2860 aut
2197 2839 2266 2870 pro-

1278 2872 1390 2903 babiles
1400 2873 1552 2904 rationes.
1575 2872 1630 2904 Ait
1639 2872 1724 2904 enim
1747 2883 1754 2904 τ
1777 2873 1864 2905 Alios
1875 2881 1979 2905 autem
2003 2872 2013 2912 (
2035 2872 2112 2904 idest
2125 2873 2265 2913 Scripto-

1279 2925 1325 2946 res
1345 2924 1407 2946 non
1425 2917 1597 2947 canonicos
1618 2915 1629 2956 )
1649 2917 1693 2949 ita
1711 2916 1795 2957 lego,
1822 2925 1855 2947 ut
1871 2916 2063 2957 quantalibet
2082 2914 2266 2950 sanctitate,

1278 2957 1481 2999 doctrinaque
1499 2959 1656 2998 polleant,
1678 2968 1744 2991 non
1762 2957 1834 2991 ideo
1856 2968 1965 2990 verum
1981 2968 2106 2999 putem,
2126 2958 2265 3000 quiaipsi

1279 3003 1321 3032 ita
1342 3000 1514 3037 lenierunt3
1534 3000 1582 3032 sed
1599 3003 1673 3042 quia
1694 3001 1773 3034 mihi
1792 3012 1843 3042 per
1859 3003 1935 3033 alios
1952 3001 2127 3035 Autliores,
2150 3002 2195 3032 vel
2214 3012 2266 3033 ca-

1279 3044 1409 3076 nonicas
1419 3064 1429 3079 ‚
1449 3044 1496 3075 vel
1506 3044 1678 3084 probabiles
1690 3047 1844 3079 rationes,
1864 3044 1949 3086 quod
1967 3044 1983 3076 a
1995 3054 2069 3076 vero
2079 3055 2143 3075 non
2154 3044 2266 3077 ablior-

1279 3097 1361 3121 reat,
1385 3085 1563 3128 persuadere
1585 3096 1768 3128 potuerunt.
1792 3087 1873 3128 Ergo
1895 3088 1956 3119 sola
1975 3089 2148 3120 authoritas
2171 3090 2264 3120 unius

1280 3129 1377 3162 saneti
1400 3131 1435 3163 &
1451 3129 1711 3171 dot‘jkiScriptotis
1733 3130 1794 3162 sine
1803 3130 1951 3172 congruis
1967 3133 2140 3163 rationibus
2158 3131 2266 3164 secun-

1278 3173 1353 3206 dum
1376 3173 1583 3215 Augustinum
1592 3184 1657 3207 non
1675 3172 1784 3206 sufficit
1794 3176 1831 3205 ad
1854 3176 2067 3215 opinandum,
2090 3184 2146 3207 nec
2166 3173 2265 3207 reddit

1278 3218 1464 3257 opinionem
1483 3218 1686 3257 probabilem.
1709 3214 1890 3250 Concor-dat
1910 3226 2011 3250 textus
2023 3217 2056 3249 in
2077 3226 2140 3259 cap.
2158 3218 2265 3255 Neque

1279 3257 1494 3297 quorumlibet,
1515 3257 1701 3298 ead.disl.&
1717 3260 1750 3291 in
1759 3269 1785 3292 c.
1795 3261 1856 3292 Per
1868 3268 1955 3295 tuas,-
1976 3259 2108 3313 dcstnt.
2119 3270 2263 3292 excomm.

1279 3304 1329 3334 ubi
1344 3303 1488 3343 probatur
1498 3313 1562 3335 non
1580 3302 1636 3335 effe
1645 3303 1833 3335 credendum
1843 3304 1969 3336 cuilibet
1979 3306 2142 3346 opinioni,
2165 3313 2266 3343 neque

1279 3346 1407 3379 cuilibet
1423 3345 1587 3387 magistro,
1609 3355 1699 3387 prout
1719 3345 1764 3378 ibi
1773 3355 1885 3379 notant
1903 3346 2079 3383 Hostmum.
2096 3348 2164 3379 1.&
2177 3346 2265 3387 Joan·

1279 3390 1375 3421 Andr.
1387 3399 1466 3420 num.
1481 3399 1526 3421 η.

1322 3430 1587 3472 Probaturquinto
1598 3432 1631 3463 in
1649 3429 1899 3473 l-final.Cod.de
1920 3430 2096 3474 institua&
2110 3429 2272 3474 fi‘bstimfn

1279 3474 1331 3507 ubi
1355 3475 1525 3517 Imperator
1549 3476 1734 3516 opinionem
1752 3476 1924 3518 gravissimi
1943 3478 2021 3519 Juris
2043 3475 2187 3524 Consulti
2209 3473 2264 3507 Pa-

2121 3528 2222 3558 pinia-

2290 682 2347 714 405
