2397 3664
712 56 800 113 De
837 55 1019 126 bigam.
1041 69 1087 109 c.
1110 51 1288 125 Nuper
1305 51 1334 105 ὲ
1349 52 1516 111 nobis.

125 147 226 179 rivam
236 143 400 179 inducitur
409 142 512 185 prii-nb
522 151 625 176 textus
635 145 668 175 in
678 155 701 175 e.
715 145 765 176 De
774 141 904 183 bigamis
908 143 946 184 jis
947 152 977 184 p.
986 141 1047 173 eod.
1058 139 1113 171 ubi

126 188 198 221 vere
207 212 217 224 ‚
239 190 272 220 &
281 185 520 229 interpretative
543 187 659 227 bigami
671 197 722 228 per
732 188 842 219 omnia
851 187 1083 228 aequiparantur
1105 205 1113 214 .

126 233 188 265 Sed
200 230 272 263 vere
285 232 405 271 bigami
415 229 502 262 exuti
520 230 591 261 sunt
601 230 693 262 omni
703 230 871 270 privilegio
882 228 1036 262 Cletieali
1046 250 1056 264 ‚
1079 235 1114 258 ut

126 274 158 307 d.
169 286 243 307 aun.
254 284 330 315 ergo
339 275 372 306 δε
383 273 500 314 bigami
512 272 749 313 interpretative
760 294 770 309 ‚
789 273 898 314 quales
908 272 978 304 sunt
990 280 1118 303 contra-

128 318 238 350 hentes
249 320 287 350 de
299 316 382 349 t'ac'to
393 339 403 353 ,
413 326 448 348 ut
458 316 508 347 hic
522 317 572 351 ,&
584 315 618 347 in
628 315 902 357 c.NuperJup.eod.
913 317 947 347 &
955 314 1020 346 dixi
1032 313 1118 354 supra

126 364 160 395 in
171 372 200 392 ρ..
213 371 273 393 not.
293 358 439 393 Secundo
448 358 611 389 inducitur
623 359 681 389 hoc
693 369 758 399 cap.
771 359 824 390 ubi
834 368 918 399 patet
930 357 1119 389 contrahen—

125 414 173 437 tes
192 406 230 435 de
253 403 335 435 sac'ito
353 412 427 434 cum
448 401 498 432 vid
504 411 542 431 ua
551 423 562 437 ,
583 402 631 432 vel
653 411 807 441 corruptae
827 401 971 442 bigamia}
993 409 1119 440 poenam

127 447 291 479 incurrere
301 468 311 482 ,
332 445 408 476 licet
417 443 537 483 bigami
548 453 613 475 non
625 443 684 476 fint
696 466 703 475 .
726 444 784 476 Sed
805 444 960 485 praecipua
971 453 1064 484 poena
1074 441 1120 473 bi-

127 490 233 531 gamie
243 489 283 522 est
296 486 418 520 amissio
428 485 596 519 Clericalis
606 487 788 528 privilegii,
809 497 845 519 ut
857 488 889 519 in
909 486 1054 528 ptaediista
1065 488 1119 516 de-

127 533 240 565 cretali
249 531 346 563 unica
354 552 363 560 .
372 529 456 569 Ergo
468 529 645 570 hujusmodi
656 540 748 570 poena
758 530 933 562 incurritur
945 530 1041 562 etiam
1052 529 1068 559 a
1079 528 1119 559 sic

128 573 398 608 contrahentibus.
411 571 524 604 Tertio
535 572 700 606 inducitur
710 574 752 614 gl.
760 576 824 614 3.in
831 576 960 614 d.c.un.q
966 583 1012 604 ute
1024 582 1117 612 expo-

128 618 178 650 nit
189 618 329 651 vei-bum,
338 612 483 653 bigamos,
494 614 616 647 &ilicet
627 616 761 652 vere,vel
773 615 1024 656 interpretative,
1037 615 1120 646 inter

126 671 206 703 quos
216 658 363 691 recenseri
370 667 426 689 tur
436 659 532 698 etiam
541 658 596 699 qui
607 660 645 690 de
657 658 738 690 facto
749 669 825 690 cum
835 659 886 690 vid
893 669 931 690 ua
939 681 950 695 ,
957 659 1004 691 vel
1015 666 1122 689 corru—

134 713 186 745 pta
195 700 439 734 matrimonium
449 701 642 733 contrahunt
653 723 662 738 ,
674 712 708 734 ut
718 701 859 742 proxime
869 699 988 733 diistum
999 702 1040 733 est
1051 724 1059 732 .

176 746 213 778 In
223 744 398 786 oppositum
410 743 451 775 est
462 744 589 781 veritas,
598 755 667 785 quae
678 755 712 777 ut
721 745 849 777 facilius
862 745 1040 777 innotescat
1050 766 1059 780 ‚
1067 743 1122 774 ob-

129 791 314 823 servandum
326 787 367 819 est
379 787 615 828 interpretative*
629 789 770 829 bigamos
781 787 839 820 ess'e
848 788 883 820 in
901 788 1020 828 duplici
1032 785 1121 819 diffe-

68 844 110 876 23
131 834 237 866 tentia
246 855 254 863 .
265 830 412 871 Qiidam
423 831 509 862 enini
520 831 591 862 sunt
602 831 721 871 bigami
733 841 856 872 propter
866 830 1060 864 Sacramenti
1072 832 1124 860 de-

131 877 246 909 feci-um
256 872 429 906 secundum
440 884 477 906 ea
487 897 496 910 ‚
517 884 588 915 quae
598 874 684 906 dieta
693 875 764 906 sunt
774 874 859 916 supra
870 884 931 914 n.5.
942 874 1039 907 veluti
1047 883 1121 905 cum

128 921 200 963 quis
211 917 314 949 valide
325 917 488 949 contrahit
501 927 574 948 cum
589 917 661 949 vida
673 940 683 954 ‚
703 919 749 950 vel
770 928 935 958 corrupta,
958 919 1044 959 juxta
1056 926 1121 947 tex-

129 974 197 996 tum
207 962 241 993 in
251 963 482 1002 cap.Maritum
494 959 676 1000 33.d1st.qui
686 961 805 993 dicitur
816 962 958 1002 bigamus
970 961 1120 1000 interpre-

130 1004 232 1040 tative
245 1004 426 1044 simpliciter
437 1003 606 1034 secundum
625 1004 754 1035 Gemin.
775 1006 808 1037 ὃς
819 1004 898 1036 alios
919 1003 1057 1042 proxime
1079 1003 1122 1034 ci-

133 1052 247 1082 tandos
257 1070 268 1083 ,
287 1048 320 1079 δι
333 1047 366 1078 in
377 1046 425 1077 liis
435 1047 692 1077 concludendum
703 1047 744 1078 est
757 1048 869 1079 habere
879 1049 982 1078 locum
995 1046 1120 1078 Consti-

133 1092 295 1125 tutionem
305 1088 452 1122 Concilii
464 1088 676 1129 Lugdunensis
689 1102 722 1120 m
733 1090 875 1122 d.c.um'co
885 1090 941 1120 inf:
954 1090 1015 1120 eod.
1027 1091 1079 1121 lib.
1090 1093 1119 1119 6.

130 1145 167 1168 ut
175 1134 297 1167 scilicet
306 1131 397 1167 omni
408 1131 575 1173 privilegio
585 1131 739 1164 Clericali
751 1133 810 1165 sint
821 1133 956 1174 spoliati.
969 1132 1121 1173 Prgczpua

137 1179 220 1210 ratio
231 1176 273 1208 est
282 1199 292 1211 ,
302 1175 378 1216 quia
386 1174 495 1206 d.c.un.
506 1184 542 1207 ut
552 1175 598 1207 ibi
609 1185 700 1208 notat
710 1177 788 1216 gl.in
800 1187 864 1208 ver.
878 1179 1116 1211 Atterrmiom‘s,

133 1220 294 1254 emanavit
306 1219 343 1250 ad
355 1218 564 1250 decidendam
581 1219 827 1251 controversiam
839 1242 848 1255 ‚
867 1229 935 1260 qux
954 1220 1031 1250 olim
1053 1229 1119 1251 era:

132 1265 218 1297 inter
229 1261 383 1294 Doctores
392 1261 540 1301 antiquos
549 1262 635 1302 super
647 1262 908 1302 interpretatione
917 1285 926 1299 ‚
938 1274 961 1294 c.
968 1261 1117 1307 ,Quisquis

131 1311 185 1348 84.
195 1304 300 1347 distin.
322 1305 355 1336 in
376 1304 439 1336 illis
450 1305 571 1337 verbis:
591 1304 692 1337 Omni
710 1305 931 1337 Ecclesiasticus
947 1305 1116 1346 dignitatis

129 1349 300 1392 privilegio
310 1358 383 1380 mox
393 1350 580 1383 denudetur,
590 1349 704 1389 quibus
716 1359 780 1380 non
794 1349 957 1380 videbatur
969 1350 1119 1387 privatus,

129 1394 182 1427 sed
191 1393 360 1434 privandus
370 1414 380 1427 ‚
389 1401 456 1432 quae
469 1392 634 1423 altercatio
642 1391 704 1423 fuit
715 1392 858 1424 decisam
870 1392 898 1423 d.
917 1393 1047 1425 c.Um'co.
1060 1392 1118 1423 Sed

130 1437 208 1471 illud
219 1447 244 1468 c.
252 1433 392 1478 Qzfiluis
401 1456 409 1469 ,
423 1435 563 1475 loquitur
575 1435 701 1466 tanturn
712 1438 749 1467 de
761 1435 901 1472 Cieiico,
912 1436 965 1477 qui
979 1436 1116 1471 viduam,

137 1482 186 1513 vel
197 1480 362 1512 secundam
374 1487 504 1510 uxorem
514 1478 605 1509 duxit
617 1490 625 1514 ;
646 1481 678 1510 &c
690 1479 729 1510 sic
743 1481 781 1511 de
792 1479 920 1520 bigamo
931 1489 1054 1520 propter
1065 1479 1120 1510 Sa-

134 1522 291 1556 cramenti
301 1520 457 1553 defectum
471 1534 476 1552 ’.
494 1531 571 1561 ergo
581 1524 692 1554 eodem
711 1525 807 1555 modo
829 1523 966 1563 intelligi
987 1523 1078 1554 debet
1089 1521 1119 1555 d.

132 1579 160 1600 c.
170 1567 298 1600 Unicum
307 1587 316 1602 ‚
335 1566 419 1606 quod
431 1565 590 1598 emanavit
604 1568 640 1597 ad
662 1566 746 1598 illius
764 1567 1012 1599 declarationem
1023 1589 1032 1602 ‚
1054 1575 1119 1606 arg.

131 1611 281 1643 e.2.C.De
289 1609 394 1641 noxal.
404 1610 438 1640 &
449 1609 494 1640 ita
505 1609 547 1640 ibi
558 1610 722 1641 concludit
731 1610 990 1642 Geminffiranch.
1002 1611 1033 1641 ὃς
1045 1609 1120 1646 alii,

134 1654 318 1695 J0.Andr.&
329 1653 443 1684 Ablm'n
452 1653 606 1694 cJoannes
618 1652 653 1684 de
663 1653 859 1693 Clemconjug.
868 1652 1120 1694 CapelLTliolos.

137 1697 253 1736 dec-64.
267 1698 299 1728 &
308 1695 401 1728 fusius
409 1695 491 1727 deca
501 1706 548 1736 34.
560 1699 592 1726 ὃς
604 1697 681 1728 lianc
695 1699 880 1729 sententiam
891 1698 965 1729 alias
978 1696 1121 1738 probavit

137 1740 170 1771 S.
182 1739 306 1779 Congr.
324 1739 548 1773 Cardinalium
558 1738 740 1771 Tridentini
754 1740 881 1772 Concil.
894 1741 1102 1781 interpretum
1112 1763 1120 1771 .

135 1782 270 1815 Censuit
289 1783 375 1814 enirn
387 1781 550 1813 Clericum
560 1804 569 1818 ,
590 1784 645 1823 qui
658 1784 832 1815 minoribus
843 1785 1009 1815 ordinibus
1028 1784 1123 1816 susce-

138 1827 198 1867 ptis
209 1836 282 1857 cum
293 1825 388 1856 vidua
398 1825 642 1856 matrimonium
654 1827 812 1858 contraxit
821 1849 830 1863 .
850 1827 898 1858 uti
918 1828 1079 1866 bigamum
1090 1838 1124 1858 o-

135 1870 203 1901 mni
214 1868 365 1901 Clericali
376 1868 542 1908 privilegio
562 1869 620 1900 eise
632 1872 783 1901 nudatum
795 1893 804 1906 ‚
829 1874 861 1902 ὃς
882 1871 934 1902 sub
946 1881 1037 1910 prena
1049 1881 1124 1902 ana-

141 1912 288 1944 thematis
302 1911 506 1942 interdictum
522 1911 642 1943 deserte
654 1913 812 1944 tonsuram
828 1935 838 1949 ‚
858 1915 890 1946 &
901 1914 1043 1946 habitum
1052 1913 1125 1946 Cle-

71 1967 113 1997 24
134 1956 282 1987 ricalem.
301 1954 337 1985 Et
349 1954 382 1985 in
392 1955 449 1985 hac
461 1954 561 1993 specie
571 1955 714 1993 bigamia:
735 1957 877 1996 procedit
898 1957 1104 1997 :rquiparatio
1115 1979 1124 1994 ‚

141 2009 209 2040 qux
220 1999 253 2029 fit
264 2009 296 2028 tn
305 1997 416 2028 d.c.De
425 1995 689 2038 big.zmissup.eod.
701 1999 781 2031 dicit
793 2000 879 2031 enim
898 2010 1011 2032 textus:
1023 1999 1070 2032 De
1081 2000 1128 2031 bi-

139 2041 240 2084 gamis
252 2052 259 2071 :
271 2042 303 2073 &
315 2040 478 2072 viduarum
490 2041 612 2072 maritis
622 2041 705 2072 idem
716 2042 871 2074 sancimus
881 2043 1034 2074 omnino:
1048 2046 1080 2075 δε
1092 2044 1126 2075 in

143 2087 204 2117 hoc
215 2084 285 2116 casu
298 2084 394 2116 etiam
407 2082 547 2124 loquitur
557 2084 748 2124 gl.praeall.in
757 2089 977 2125 ver-Bigamos:
990 2097 1062 2118 nam
1076 2097 1127 2127 po-

139 2126 446 2168 steiquamexposuit
460 2127 587 2158 verbum
599 2128 674 2158 illud
686 2150 696 2164 ‚
706 2126 840 2167 bigamos
850 2151 859 2165 ‚
871 2129 900 2160 id
913 2128 1045 2166 est‚vere
1057 2153 1066 2166 ‚
1079 2132 1125 2161 vel

141 2169 578 2212 interpretativeummediate
591 2171 649 2201 hoc
659 2173 821 2203 declarans
833 2172 1042 2213 subjungitait
1052 2173 1128 2214 quia

141 2216 219 2248 duas
228 2224 340 2246 uxores
350 2213 472 2249 habuit,
482 2213 528 2244 vel
538 2222 609 2244 cum
624 2213 727 2250 vidua,
738 2216 784 2246 vel
796 2225 945 2255 corrupta
955 2217 1128 2252 contraxit,

141 2268 237 2298 atque
247 2257 292 2289 ita
301 2257 343 2297 gl.
361 2256 517 2296 restringit
529 2257 715 2297 opinionem
737 2257 821 2290 suam
833 2260 868 2290 ad
891 2258 978 2290 illam
996 2259 1128 2299 speciem

142 2299 383 2342 interpretativa
399 2321 408 2335 ‚
424 2309 492 2340 qua:
502 2299 704 2331 contrahitur
715 2310 839 2340 propter
851 2301 1007 2333 det‘estiim
1019 2303 1128 2334 Sacra-

141 2345 255 2376 menti.
266 2342 347 2383 Qiae
359 2342 514 2374 sententia
526 2352 616 2374 exrra
626 2344 758 2374 dubium
768 2346 842 2376 esset
854 2345 874 2376 li
886 2345 1086 2386 sequeremur
1097 2357 1129 2376 o—

140 2387 304 2427 pinionem
319 2385 408 2417 Rotae
419 2408 430 2422 ,
459 2395 555 2426 quam
567 2386 704 2417 diximus
723 2387 781 2418 esse
794 2388 948 2419 veriorem
960 2387 1045 2429 supra
1055 2389 1086 2420 in
1100 2400 1128 2419 2.

143 2429 242 2461 notab.
263 2439 297 2460 ut
316 2429 436 2460 scilicet
447 2430 579 2460 maritus
597 2429 696 2461 viduae
708 2430 743 2461 fit
757 2429 828 2462 vere
838 2453 847 2467 ‚
868 2441 933 2462 non
953 2442 1058 2463 autem
1081 2433 1131 2463 in-

145 2471 425 2512 terpretativebiga
438 2482 506 2502 mus
517 2495 525 2502 .
546 2472 666 2503 sedhic
679 2483 744 2504 non
756 2474 797 2505 est
807 2475 894 2506 casus
905 2474 1026 2506 noster.

186 2515 332 2555 Qiidam
345 2512 420 2544 veto
441 2514 510 2545 sunt
538 2514 657 2554 bigami
689 2516 928 2556 interpretative
942 2540 951 2554 ,
972 2528 1037 2549 non
1059 2528 1128 2559 pro-

145 2569 212 2601 pter
229 2556 385 2591 defectum
407 2556 624 2593 sacramenti,
644 2558 692 2589 sed
713 2565 837 2599 propter
860 2559 1004 2592 affcisturn
1026 2562 1131 2593 inten-

147 2601 246 2634 tionis
256 2610 330 2632 cum
338 2609 429 2640 opere
441 2599 628 2639 subsequuto
640 2611 647 2630 z
670 2611 704 2631 ut
717 2600 791 2633 cum
802 2603 873 2643 quis
884 2604 1046 2636 contrahit
1055 2615 1129 2636 cum

145 2645 260 2680 vidua,
279 2644 326 2675 vel
338 2652 487 2683 corrupta
497 2647 534 2674 de
546 2642 628 2674 facto
637 2653 762 2684 propter
782 2646 910 2686 aliquod
923 2646 1130 2687 impedimen-

145 2698 215 2721 tum
224 2687 394 2721 dirimens,
415 2696 511 2728 quem
519 2684 646 2718 Gemin.
666 2688 699 2716 in
710 2686 739 2717 d.
751 2697 819 2729 cap.
830 2690 908 2720 unic.
918 2690 951 2720 &
964 2690 1084 2721 Auster.
1098 2694 1131 2722 in

147 2730 247 2763 addit.
269 2733 312 2761 aa
330 2729 447 2761 diHam
470 2728 531 2760 dcc.
551 2734 603 2767 64.
625 2730 778 2769 appellant
799 2731 959 2769 bigamum
982 2733 1130 2774 interpre-

148 2773 248 2806 tative
260 2783 326 2805 non
343 2773 524 2813 simpliciter
535 2795 546 2809 ,
568 2773 615 2803 sed
637 2773 807 2804 secundum
826 2775 902 2815 quid
915 2786 925 2810 ,·
947 2776 979 2807 &
998 2777 1075 2808 tales
1085 2777 1132 2808 di·

149 2818 286 2849 cendum
295 2816 336 2848 est
346 2826 410 2848 non
420 2815 641 2855 comprehendi
653 2818 686 2846 in
695 2816 766 2847 diff.
782 2826 849 2857 cap.
861 2820 938 2850 unic.
960 2818 1060 2850 Ratio
1069 2819 1111 2851 est
1120 2842 1131 2856 ,

148 2859 224 2902 quia
232 2859 307 2892 cum
314 2858 503 2891 constitutio
515 2860 568 2890 illa
579 2860 725 2899 loquatur
737 2859 918 2900 simpliciter
929 2863 966 2892 de
979 2862 1110 2902 bigamis
1121 2885 1131 2899 ‚

150 2903 288 2943 intelligi
298 2903 390 2934 debet
401 2903 435 2933 in
445 2903 568 2943 propria
579 2901 810 2941 significatione
821 2925 831 2939 ‚
854 2913 921 2934 tum
931 2905 1007 2945 quia
1014 2905 1055 2936 est
1065 2916 1131 2946 pue-

156 2945 236 2978 nalis
247 2968 257 2981 ,
276 2946 349 2977 curn
360 2955 453 2978 exuat
473 2953 548 2977 tales
560 2945 650 2976 omni
661 2945 826 2985 privilegio
837 2946 1009 2983 clericali,
1030 2959 1054 2979 c.
1066 2951 1131 2980 Pa·-

151 2999 190 3020 nae
201 3010 211 3024 ,
229 2987 265 3019 de
273 2986 482 3029 poenitmstm.
499 2999 522 3020 1.
536 2999 603 3020 tum
612 2989 756 3029 quiahoc
766 2999 832 3030 cap.
844 2988 881 3021 Εὐ·
892 2999 958 3031 cap.
970 2992 1078 3031 Nuper
1081 2992 1133 3031 Ju-

87 3040 124 3072 25
147 3030 203 3073 pra*
213 3034 310 3062 eodem
321 3053 332 3067 ‚
344 3031 472 3064 deviant
481 3032 498 3063 a
510 3034 617 3072 regula
629 3032 704 3073 juris
716 3054 727 3068 ‚
746 3042 813 3073 quae
825 3033 916 3064 habet
926 3055 937 3069 ‚
959 3043 991 3064 ut
1002 3036 1132 3074 quando

159 3073 244 3107 actus
265 3084 330 3106 non
348 3084 436 3106 tenet
456 3085 492 3106 ex
513 3075 743 3116 impedimento
762 3076 839 3119 juris
858 3098 869 3112 ,
897 3077 1045 3108 voluntas
1065 3088 1131 3108 non

150 3117 301 3150 habeatur
311 3126 366 3156 pro
375 3116 458 3149 sacto
467 3139 477 3154 ,
498 3128 532 3150 ut
540 3119 562 3150 l.
573 3120 656 3150 [mer
665 3129 763 3149 omnes
774 3140 784 3154 ‚
805 3121 832 3154 §.
843 3117 1130 3161 penult.ff.Defurt.

152 3158 249 3200 instit.
258 3159 294 3190 de
305 3157 426 3198 obligat.
437 3170 493 3198 quae
504 3172 543 3192 ex
552 3162 653 3193 delia.
664 3167 785 3201 misem.
800 3165 826 3198 ξ.
838 3163 961 3194 Placuit
971 3184 980 3198 ‚
999 3165 1032 3193 δέ
1043 3173 1133 3194 nota-

153 3213 205 3235 tur
222 3205 255 3235 in
266 3206 294 3239 §.
305 3203 369 3234 His
378 3212 478 3234 autem
487 3206 596 3236 ultima
603 3203 684 3245 gloff.
697 3216 747 3236 22.
757 3204 849 3246 quaest.
862 3214 889 3244 5.
911 3204 948 3238 Φ*
957 3214 1023 3246 cap.
1036 3208 1071 3237 ln
1081 3218 1133 3237 au-

151 3245 273 3293 dientjae
290 3243 376 3285 infra'
395 3244 433 3292 de
440 3245 569 3286 sentent.
594 3258 739 3279 excomm.
768 3250 800 3280 ὃς
819 3249 1046 3289 consequenter
1064 3251 1134 3293 jura

154 3288 299 3331 praedicsta
309 3290 436 3335 extendi
447 3299 511 3320 non
521 3291 636 3322 debent
657 3294 694 3322 ad
716 3291 787 3323 illos
798 3314 807 3327 ‚
826 3292 882 3332 qui
902 3292 987 3331 large
998 3314 1008 3327 ‚
1026 3294 1058 3323 δι’
1078 3293 1133 3324 im-

151 3330 276 3374 proprie
285 3331 355 3362 sunt
367 3332 504 3378 bigami,
521 3332 692 3365 secundum
711 3333 843 3366 Cardin.
863 3331 912 3366 hic
928 3338 1010 3366 circa
1023 3333 1081 3377 fin.
1100 3339 1134 3367 δε

155 3376 200 3407 ita
210 3383 319 3407 tenent
329 3374 458 3406 Gemin.
478 3374 599 3408 Abb.&
611 3376 735 3417 Capell.
755 3377 882 3409 Tholos.
897 3379 969 3409 locis
980 3376 1078 3418 supra'
1093 3381 1135 3409 ci-

153 3422 230 3451 tatis
240 3440 250 3454 ‚
271 3417 415 3457 Steplian.
437 3416 560 3449 Auster.
575 3421 608 3450 in
617 3419 707 3451 ιναὲἶ.
726 3419 762 3451 de
779 3419 915 3462 potestat.
934 3420 1032 3462 saecul.
1044 3421 1134 3464 super

152 3461 264 3503 person.
276 3459 390 3500 Eccles.
401 3471 460 3499 reg.
476 3470 502 3492 1.
511 3461 605 3493 limit.
617 3465 684 3494 8.n.
699 3467 745 3494 16.

234 3502 337 3545 Prosy.
349 3506 491 3543 Fagmm.
500 3506 532 3535 in
542 3506 571 3536 I.
580 3502 665 3538 Libr-
675 3506 830 3538 Decreaeat.

71 760 112 784 22

2007 65 2094 110 503

1196 136 1328 178 Qubus
1337 148 1435 170 etiarn
1447 136 1577 179 adjungi
1589 136 1713 177 possunt
1722 132 1889 168 Doctores,
1898 131 1954 172 qui
1965 130 2079 162 dicunt
2088 128 2147 169 pri·
2169 134 2207 162 26

1156 180 1439 221 vilegioClericali
1450 185 1584 221 gaudere
1595 180 1771 216 CIericum,
1779 176 1836 217 qui
1847 183 1977 223 uxorem
1988 173 2053 214 post
2063 173 2151 204 adul-

1156 223 1273 255 terium
1284 226 1321 255 ab
1331 235 1368 256 ea
1380 224 1578 255 commiffiun
1588 222 1761 255 carnaliter
1772 218 2025 260 cognovmquod
2037 225 2149 247 tenent

1157 267 1364 298 concorditer
1372 277 1482 298 omnes
1492 289 1502 303 ‚
1522 277 1556 298 ur
1577 266 1740 299 attestatur
1750 262 1872 304 Capell.
1883 258 2051 307 Tiiolocd.
2061 256 2152 305 decis

1158 314 1208 348 64.
1221 309 1358 341 referens
1371 310 1415 341 ita
1425 309 1512 341 fuiffe
1522 310 1662 341 decisum
1676 309 1707 339 in
1720 306 1794 339 facti
1806 304 2032 343 contingentia
2044 324 2053 338 ,
2075 311 2152 348 quia

1158 352 1230 383 talis
1242 362 1307 383 non
1318 352 1360 383 est
1369 353 1513 392 bigamus
1526 363 1649 392 propter
1672 350 1828 383 defectum
1838 346 2036 380 sacramenti
2057 348 2154 384 inspe-

1158 394 1210 426 eto
1222 395 1316 426 initio
1327 418 1336 431 ‚
1355 404 1446 435 prout
1459 395 1571 435 inspici
1585 396 1676 426 debet
1687 417 1697 430 ,
1717 404 1751 425 ut
1772 393 1836 424 dixi
1849 390 1934 431 supra
1944 400 2024 421 num.
2042 398 2079 427 14
2091 411 2099 419 .
2110 387 2151 419 Et·

1160 438 1305 478 quamvis
1317 437 1352 469 sit
1362 438 1504 477 bigamus
1515 441 1618 478 quoad
1641 439 1741 477 legem
1761 433 1973 476 promotionis
1985 455 1994 466 ,
2015 441 2082 463 non
2101 441 2148 463 ta-

1160 491 1232 512 men
1242 483 1346 521 quoad
1359 481 1559 521 privilegium
1569 481 1747 512 concessum
1759 478 1896 511 Clericis
1907 474 2155 516 conjugatis,per
2176 483 2217 513 27

1160 536 1185 555 c.
1195 535 1242 554 im.
1255 528 1290 554 de
1301 524 1384 555 Cler.
1395 523 1507 561 conjug.
1519 523 1573 555 lib.
1585 528 1615 554 6.
1634 523 1783 563 Sequitur
1795 521 1916 552 Aufrer.
1929 520 1973 551 ibi
1993 522 2026 550 in
2046 517 2148 549 adda.

1160 573 1198 598 <9⁴
1209 566 1291 597 dicta
1301 567 1396 598 [imit.
1408 569 1487 598 8.7m.
1503 571 1550 597 16.
1562 565 1696 597 Decian.
1707 568 1739 596 in
1746 566 1838 596 tri-12}-
1848 565 1966 595 crimin.
1976 572 2040 602 p.1.
2049 561 2086 594 ὅ*
2097 561 2150 593 lib.

1161 620 1252 649 4.c.‹).
1265 621 1292 640 n.
1301 620 1311 641 1
1320 619 1369 649 34.
1379 609 1435 650 qui
1448 609 1590 640 similiter
1599 608 1727 640 testatur
1743 609 1788 638 ita
1798 607 1972 648 judicatum
1983 604 2073 636 fuiffe
2083 626 2093 640 ‚
2110 606 2149 636 ⁷&

1160 652 1309 693 Jul.Clar.
1319 656 1352 684 in
1362 652 1457 693 praff.
1469 654 1622 688 crimin.§.
1633 649 1684 689 (in.
1694 655 1775 691 ‘1-3⁶·
1786 658 1849 686 n.7.
1860 647 1939 688 vers.
1951 646 2012 679 Sed
2022 648 2131 689 anille
2141 670 2149 679 .

1161 695 1280 727 Rursus
1292 694 1347 728 d.c.
1361 707 1408 726 un.
1421 705 1486 727 non
1497 695 1608 726 hahere
1620 692 1725 725 locum
1736 693 1770 724 in
1780 703 1819 724 eo
1829 692 1904 731 ,qui
1915 691 2075 722 contraxit
2083 691 2147 730 plu-

1161 749 1196 770 ra
1206 739 1413 771 matrimonia
1432 741 1470 770 de
1489 737 1572 769 facio
1590 748 1647 769 nec
1665 737 1762 768 talem
1783 735 1927 766 amittere
1944 733 2004 764 fori
2022 734 2147 774 privile-

1161 782 1250 821 gium
1261 805 1271 818 ‚
1293 782 1390 815 tradit
1401 781 1540 816 Marian.
1550 781 1659 813 Socin.
1670 782 1703 811 in
1714 790 1738 811 c.
1748 780 1897 812 Pervenit
1905 788 1933 810 n.
1948 786 2014 808 101.
2024 775 2144 817 defient.

1161 835 1307 859 excomm.

1190 868 1288 901 Circa
1298 866 1467 901 secundum
1480 868 1616 900 breviter
1627 867 1883 899 concludendum
1891 862 1933 896 est
1942 862 2087 896 clericos
2097 874 2148 896 or·
2170 865 2212 897 28

1161 911 1236 944 dine
1255 912 1339 944 sacro
1358 912 1528 953 insignitos
1541 923 1551 947 ,·
1569 911 1624 952 qui
1642 913 1680 941 de
1699 909 1783 942 facto
1806 917 1936 940 uxorem
1956 909 2078 938 ducunt
2099 906 2149 938 vi-

1161 957 1254 986 duam
1266 978 1276 991 ,
1288 956 1334 986 vel
1346 965 1526 996 corruptam
1535 978 1545 991 ,
1562 965 1627 986 non
1639 954 1785 985 amittere
1798 951 1997 992 privilegium
2007 948 2150 981 Clerica-

1162 998 1188 1030 le
1202 1021 1211 1034 ‚
1231 1008 1323 1039 prout
1333 998 1382 1030 hic
1395 998 1560 1030 concludit
1572 997 1701 1030 Hosim.
1716 1007 1744 1037 3.
1764 996 1874 1027 dicens
1891 993 2128 1025 subdiaconum
2139 1015 2150 1029 ,

1160 1042 1216 1081 qui
1230 1042 1268 1073 sic
1281 1042 1440 1073 contraxit
1449 1043 1537 1084 juxta
1549 1051 1671 1072 textum
1682 1040 1714 1071 in
1726 1037 2014 1080 praesentiretinere
2025 1036 2151 1077 privile-

1161 1086 1248 1124 gium
1259 1083 1416 1117 Clericale
1429 1085 1447 1116 si
1467 1084 1661 1124 corrigibilis
1679 1083 1713 1114 sit
1725 1105 1736 1119 ,
1757 1091 1824 1122 cap.
1843 1081 1954 1112 difinm
1969 1083 2020 1111 81.
2041 1077 2110 1118 dist.
2122 1090 2149 1111 c.

1159 1131 1184 1159 S
1185 1130 1290 1159 tudeat
1302 1126 1420 1168 §odi-st.
1432 1128 1505 1159 alias
1517 1127 1605 1159 secus
1613 1150 1623 1163 ‚
1642 1138 1667 1158 c.
1677 1125 1756 1158 Ciaem
1767 1136 1824 1156 nan
1834 1122 1873 1156 ab
1883 1122 1999 1154 homme
2009 1121 2044 1153 de
2056 1121 2148 1159 judic.

1160 1182 1184 1202 c.
1192 1168 1246 1211 fin.
1261 1177 1298 1202 de
1308 1174 1379 1203 vita
1390 1194 1400 1207 ,
1419 1170 1456 1203 θ’
1467 1169 1574 1210 honest.
1585 1171 1698 1202 Cleric.
1719 1169 1756 1200 (ῥ’
1765 1179 1789 1200 c.
1804 1179 1833 1199 2.
1846 1177 1872 1207 3.
1885 1167 1921 1198 δ”
1935 1177 1966 1206 4.
1985 1164 2021 1196 de
2031 1164 2150 1197 cohabi-

1161 1215 1336 1246 tat.Cleric.
1346 1213 1383 1246 δ’·
1392 1215 1509 1245 mulier.
1522 1217 1554 1246 &
1564 1224 1636 1244 cuir.
1647 1223 1685 1244 eo
1696 1211 1856 1243 transeunt
1869 1209 1917 1241 hic
1930 1209 2149 1250 J0.Andr.n.3.

1159 1256 1328 1290 Collest.in
1338 1259 1468 1298 princ&
1478 1256 1574 1289 Card.
1585 1256 1640 1287 col.
1655 1256 1709 1286 ult.
1717 1255 1772 1295 qui
1784 1255 1864 1285 hanc
1874 1252 2062 1293 opinionem
2070 1262 2149 1284 con-

1159 1310 1209 1332 tra
1220 1301 1404 1332 Boattinum
1415 1301 1494 1332 dicit
1504 1300 1689 1341 aequiorcm,
1697 1299 1730 1329 &
1743 1298 1829 1329 illam
1841 1297 1988 1337 approbat
2002 1307 2008 1326 :
2021 1297 2052 1327 &
2066 1296 2151 1327 idem

1162 1344 1357 1384 JoanAndr-
1366 1347 1400 1375 in
1409 1340 1707 1386 cap.Joannesi71frd
1717 1341 1753 1371 de
1763 1341 1846 1372 Cler.
1857 1338 1966 1377 conjug.
1987 1337 2076 1379 plen&
2088 1337 2150 1370 Ca-

1159 1388 1228 1428 pell.
1249 1387 1378 1419 Tholos.
1400 1388 1461 1418 dec.
1474 1398 1487 1418 ε
1497 1397 1545 1427 34.
1564 1388 1597 1417 ὁ(
1608 1385 1718 1419 Tiber.
1740 1383 1874 1415 Decian.
1885 1382 2010 1413 tranas.
2028 1384 2150 1413 crimin,

1158 1441 1274 1471 parnt.
1285 1439 1381 1471 cap.9.
1392 1441 1470 1461 num.
1486 1439 1534 1468 31.
1558 1428 1683 1460 Nititur
1695 1427 1757 1458 haec
1780 1425 1943 1457 conclusio
1954 1423 2152 1465 triplicifun-

1159 1477 1310 1506 damento
1324 1497 1331 1505 .
1354 1473 1494 1504 Primum
1503 1472 1563 1507 est,
1582 1471 1660 1512 quia
1679 1469 1878 1502 constitutio
1895 1467 2098 1508 GregoriiX.
2114 1468 2150 1500 in

1160 1518 1189 1548 d.
1200 1527 1266 1558 cap.
1277 1519 1352 1549 unic.
1372 1517 1409 1547 de
1418 1515 1528 1554 bigam.
1547 1515 1599 1546 lib.
1610 1519 1639 1546 6.
1660 1523 1728 1554 qux
1748 1513 1890 1554 loquitur
1909 1511 2091 1552 simpliciter
2109 1513 2148 1542 de

1160 1561 1309 1601 bigamis,
1318 1559 1537 1601 complectitur
1550 1557 1673 1591 tantum
1686 1557 1828 1598 bigamos
1840 1553 1912 1587 vere*
1922 1577 1932 1591 ,
1944 1555 1990 1587 vel
2003 1555 2152 1594 interpre-

1160 1603 1258 1636 tativc*
1271 1614 1396 1645 propter
1406 1603 1560 1636 defectum
1573 1602 1768 1636 Sacramenti
1780 1624 1789 1638 ,
1809 1599 1930 1631 scilicet
1940 1597 2013 1630 illos
2023 1620 2034 1634 ,
2043 1597 2100 1638 qui
2110 1598 2155 1629 se-

1160 1659 1198 1680 cu
1204 1651 1242 1680 nd
1249 1659 1299 1681 am
1311 1658 1440 1681 uxorem
1450 1650 1616 1683 duxerunt,
1627 1656 1680 1679 aut
1690 1646 1818 1678 viduam
1828 1666 1838 1680 ‚
1848 1643 1894 1674 vel
1906 1650 2099 1682 corruptam,
2110 1650 2146 1672 ut

1160 1692 1314 1723 ostensum
1327 1692 1367 1724 est
1378 1692 1461 1734 supra
1471 1704 1518 1724 nu.
1532 1704 1547 1723 2
1555 1702 1581 1732 3.
1602 1701 1659 1723 nec
1673 1691 1778 1722 locum
1797 1688 1890 1720 habet
1911 1685 1945 1718 in
1963 1685 2154 1731 contraben-

1161 1735 1245 1767 tibus
1256 1737 1292 1767 de
1302 1735 1383 1767 facto
1394 1759 1403 1769 ,
1423 1737 1477 1776 qui
1489 1746 1554 1767 non
1565 1735 1634 1766 sunt
1646 1733 1763 1774 bigami
1774 1731 1832 1764 nisi
1842 1728 1911 1763 ficte
1923 1752 1933 1767 ‚
1945 1739 2070 1771 propter
2080 1729 2157 1760 afle-

1161 1779 1245 1810 &um
1258 1780 1448 1811 intentionis
1459 1790 1532 1811 cum
1543 1789 1634 1819 opere
1647 1776 1843 1817 subsequuto,
1855 1784 1889 1806 ut
1902 1774 1952 1805 hic
1963 1773 2096 1809 dicitur,
2113 1769 2151 1803 ὠ·

1161 1825 1193 1853 in
1203 1822 1412 1864 c.Nuperfhp.
1424 1822 1485 1854 eod.
1495 1833 1559 1861 arg.
1570 1823 1676 1862 cap.Si
1687 1830 1769 1857 quem
1780 1817 1864 1860 infra'
1873 1816 1910 1849 de
1913 1816 1993 1858 sent.
2004 1825 2150 1848 excomm.

1162 1865 1199 1898 δ’
1209 1877 1233 1898 c.
1241 1865 1415 1906 Susceptum
1426 1889 1436 1903 ‚
1445 1865 1480 1897 de
1489 1863 1668 1905 rescr.lib.6.
1686 1867 1717 1896 ὃ(
1729 1865 1774 1894 ita
1782 1862 1966 1902 intelligunt
1977 1858 2006 1892 d.
2018 1871 2092 1891 aun.
2104 1859 2151 1900 Jo.

1165 1909 1315 1941 Monach.
1328 1909 1422 1941 Arch.
1432 1909 1505 1941 Gul.
1527 1911 1565 1940 de
1577 1908 1694 1939 Monte
1703 1906 1800 1938 Laud.
1811 1907 1843 1937 ὃ(
1853 1914 1963 1936 omnes
1973 1903 2145 1945 glossantes

1166 1954 1252 1984 illam
1261 1954 1454 1984 decretalem
1465 1975 1474 1988 ‚
1494 1962 1528 1983 ut
1542 1952 1646 1992 inquit
1658 1950 1788 1992 Capella
1797 1947 1925 1979 Tholos.
1946 1951 1978 1979 in
1997 1946 2143 1988 praalleg.

1165 1995 1246 2028 dem
1255 2006 1304 2035 34.
1314 1996 1495 2028 Secundum
1505 1995 1579 2027 fund
1586 2004 1746 2029 amentum
1757 1991 1888 2033 est,quia
1898 1990 1960 2022 haec
1971 1989 2154 2026 decretalis,

1165 2037 1202 2071 6²·
1212 2051 1236 2071 c.
1244 2038 1482 2080 Nupersispaeod.
1492 2038 1643 2071 decidunt
1656 2036 1695 2068 sic
1707 2036 1932 2068 contrahentes
1941 2036 1979 2065 de
1991 2032 2074 2064 facto
2083 2043 2152 2065 non

1166 2083 1223 2113 eise
1235 2083 1375 2121 bigamos
1387 2105 1396 2118 ,
1415 2083 1462 2114 sed
1474 2079 1696 2114 tantummodi>
1709 2079 1856 2119 bigamiae
1867 2087 1992 2118 poenam
2013 2077 2153 2109 incurre-

1167 2136 1198 2157 re
1208 2135 1364 2166 quantum
1376 2127 1411 2157 ad
1425 2127 1525 2166 legem
1545 2124 1756 2165 promotionis
1768 2146 1775 2153 .
1799 2122 1898 2162 Igitur
1910 2120 1972 2152 haec
1993 2130 2086 2161 poena
2105 2129 2156 2152 ex-

1167 2169 1255 2200 tendi
1267 2179 1332 2201 non
1341 2170 1434 2201 debet
1448 2172 1483 2200 ad
1497 2167 1707 2209 privationem
1718 2164 1894 2198 clericalis
1905 2164 2083 2204 privilegii,
2115 2173 2148 2193 ut

1166 2211 1299 2252 c.2.Ji‹p.
1308 2211 1528 2243 eod.Tertium
1540 2233 1550 2247 ‚
1569 2212 1601 2242 &
1614 2209 1694 2241 sorte
1705 2208 1838 2241 validius
1851 2207 2091 2239 fundamentum
2102 2206 2156 2243 est,

1166 2255 1241 2296 quia
1250 2255 1416 2286 decretalis
1427 2257 1503 2286 imic.
1515 2256 1551 2286 de
1558 2253 1670 2292 bigam.
1683 2251 1735 2285 lib.
1748 2258 1777 2284 6.
1791 2254 1896 2283 locum
1908 2252 1998 2282 habet
2011 2260 2153 2281 tantum-

1167 2297 1264 2329 modo
1275 2299 1308 2330 in
1320 2297 1457 2330 Clericis
1466 2298 1628 2329 minorum
1639 2296 1799 2327 Ordinum
1812 2318 1820 2331 ,
1841 2305 1898 2326 nec
1921 2294 2102 2325 extenditur
2113 2295 2152 2324 ad

1167 2341 1357 2373 constitutos
1370 2342 1401 2372 in
1413 2341 1505 2373 sacris
1518 2363 1526 2377 ‚
1537 2350 1570 2372 ut
1582 2340 1688 2372 dicam
1700 2337 1787 2380 pleni·
1797 2337 1950 2378 inq.scc1-1.
1963 2338 2074 2377 ‘in-39·
2085 2336 2146 2377 usil.

1167 2387 1199 2416 in
1214 2383 1266 2425 fin.
1279 2383 1442 2426 questionis
1453 2407 1460 2415 .

1209 2428 1356 2460 Secundo
1366 2426 1548 2469 QUAERO
1559 2449 1568 2462 ,
1590 2427 1640 2457 An
1663 2425 1884 2457 Subdiaconus
1899 2423 1916 2455 a
1927 2424 2058 2456 Summo
2078 2423 2157 2456 Pon-

1168 2472 1254 2503 tifice
1264 2471 1453 2512 dispensatus
1462 2473 1498 2502 ad
1510 2469 1751 2501 matrimonium
1763 2469 2025 2502 contrahendum,
2035 2467 2089 2507 qui
2101 2478 2156 2506 po-

1170 2514 1229 2547 stea
1239 2525 1312 2546 cum
1324 2515 1418 2546 vidua
1429 2513 1601 2549 contraxit,
1611 2514 1643 2545 &
1655 2510 1886 2544 consummavit
1898 2533 1906 2547 ‚
1918 2510 1978 2541 fori
1990 2510 2158 2551 privilegio

1169 2559 1303 2597 gaudeat
1319 2580 1329 2593 ‚
1348 2563 1466 2588 necne?

1212 2600 1342 2633 Praesens
1351 2599 1478 2642 quaestio
1489 2602 1565 2631 duas
1575 2599 1665 2630 habet
1677 2597 1876 2633 difficultates
1888 2628 1895 2634 ,
1921 2598 2027 2628 Altera
2035 2597 2076 2628 est
2085 2619 2096 2633 ‚
2116 2607 2157 2628 an

1169 2644 1408 2676 matrimonium
1419 2642 1516 2674 obstet
1528 2642 1733 2673 Subdiacono
1742 2664 1751 2677 ‚
1771 2652 1835 2681 quo
1845 2642 1950 2672 minus
1960 2641 2020 2671 hoc
2030 2640 2157 2680 privile-

1169 2688 1224 2728 gio
1235 2687 1281 2719 uti
1291 2686 1381 2727 point
1394 2709 1401 2717 .
1418 2686 1526 2718 Altera
1537 2696 1577 2717 an
1589 2685 1618 2717 ei
1635 2685 1734 2716 obstet
1749 2684 1888 2725 bigamia
1899 2707 1908 2721 ‚
1927 2695 1966 2716 eo
1985 2683 2070 2726 quod
2081 2694 2158 2716 con-

1168 2731 1297 2763 traxerit
1309 2739 1382 2761 cum
1395 2730 1490 2761 vidua
1499 2752 1508 2760 .

1209 2773 1326 2814 Qioad
1348 2773 1478 2813 primam
1500 2781 1660 2812 receptum
1669 2771 1710 2803 est
1722 2771 1842 2802 sacrum
1863 2771 2009 2803 ordinem
2025 2781 2090 2805 non
2110 2782 2161 2812 op-

1169 2819 1245 2858 poni
1255 2816 1463 2848 matrimonio
1473 2815 1613 2847 essential
1621 2815 1680 2847 iter
1693 2837 1702 2850 ‚
1721 2815 1797 2854 quia
1808 2825 1873 2846 non
1884 2815 1975 2847 habet
1986 2814 2157 2847 intrinsece

1170 2870 1328 2892 annexum
1340 2869 1450 2890 votum
1463 2858 1701 2899 continentiae,
1723 2858 1770 2889 sed
1784 2858 1849 2898 lege
1869 2858 2000 2898 positiva
2010 2856 2135 2889 tantum
2149 2882 2159 2893 ,

1171 2913 1205 2934 ut
1213 2906 1307 2934 docet
1319 2901 1360 2933 Ι).
1369 2901 1509 2933 Thomas
1518 2904 1551 2932 in
1561 2911 1670 2938 z.2.qu.
1683 2905 1734 2931 88.
1745 2910 1823 2932 arm
1835 2911 1861 2932 1.
1873 2901 1926 2932 ubi
1938 2903 2098 2943 propterea
2111 2902 2155 2933 as—

1171 2946 1242 2977 serit
1254 2944 1423 2976 Ecclesiam
1434 2945 1514 2985 posse
1524 2943 1692 2984 dispensare
1709 2944 1740 2974 in
1753 2954 1830 2975 voto
1848 2944 2056 2977 continentiae
2077 2944 2153 2976 sole·
2176 2954 2188 2964 ··

1171 2989 1314 3020 mnizato
1326 2998 1377 3029 per
1388 2987 1613 3028 susceptionem
1626 2987 1748 3018 ordinis
1759 2987 1847 3019 sacri:
1858 2998 1953 3028 quam
1965 2988 2154 3020 sententiam

1171 3032 1343 3071 sequuntur
1355 3041 1391 3063 ex
1403 3030 1585 3062 Canonistis
1596 3031 1642 3070 lo.
1655 3031 1751 3061 Andr.
1772 3033 1805 3061 in
1822 3032 1913 3070 regul.
1926 3029 2021 3071 semel
2041 3033 2105 3063 Dco
2125 3034 2158 3062 in

1172 3075 1359 3107 Mercurial.
1374 3074 1536 3105 Bellaiu.1'n
1545 3077 1650 3105 ικὸἰιηι
1661 3073 1784 3110 quidam
1794 3083 1842 3112 25.
1855 3085 1883 3112 q.
1900 3085 1924 3106 1.
1936 3077 1968 3106 in
1982 3084 2056 3115 gam.
2067 3075 2108 3110 gl.
2119 3076 2153 3105 δε

1172 3118 1326 3149 Hostiens.
1340 3120 1372 3148 in
1381 3126 1445 3158 cap.
1458 3114 1580 3156 Rursus,
1590 3119 1641 3153 qui
1649 3120 1676 3149 C
1677 3117 1731 3148 ter.
1743 3118 1795 3148 vel
1804 3129 1913 3150 voven.
1924 3118 2113 3158 Joan-Andr.
2123 3118 2158 3148 Sc

1173 3161 1316 3193 Anch.in
1332 3163 1442 3192 nimico
1450 3160 1486 3190 de
1494 3169 1564 3191 voto
1573 3159 1642 3191 libr.
1655 3165 1684 3192 6.
1695 3161 1727 3192 &
1738 3159 1779 3192 est
1790 3162 1968 3192 communis
1979 3160 2089 3201 opinio
2101 3183 2110 3196 ‚
2122 3170 2156 3191 ut

1172 3206 1301 3235 testatur
1311 3203 1414 3243 Steph.
1424 3208 1462 3234 de
1473 3203 1575 3234 Ga'et.
1586 3205 1618 3234 in
1628 3213 1786 3244 repencap.
1798 3203 1855 3236 Ad
1865 3206 1973 3236 limina
1988 3213 2014 3244 3.
2026 3213 2070 3239 qu.
2087 3213 2111 3234 1.
2123 3206 2156 3233 in

1172 3258 1218 3285 qu.
1233 3257 1302 3286 ¹94·
1312 3257 1359 3277 nu.
1371 3251 1444 3285 464.
1456 3214 1578 3286 ΘᾸΉ.
1589 3256 1685 3287 quam
1696 3246 1756 3278 late
1769 3257 1874 3278 tuctur
1885 3246 1918 3278 N
1921 3245 2096 3285 avarr.c0nſs
2104 3255 2152 3285 37.

1174 3290 1325 3330 incipien.
1338 3291 1410 3320 Peto
1426 3299 1450 3320 1.
1462 3300 1542 3320 num.
1553 3294 1583 3320 6.
1602 3289 1640 3321 de
1648 3299 1718 3322 voto
1729 3313 1736 3320 .
1761 3290 1895 3330 ideoque
1904 3289 1985 3320 olim
2002 3288 2157 3321 Sacerdo—

1173 3344 1219 3365 tes
1230 3333 1345 3364 veteris
1357 3331 1536 3364 testamenti
1548 3333 1777 3365 contrahebant
1790 3355 1798 3368 ,
1821 3342 1885 3371 cap.
1906 3333 2024 3363 Tenere
2037 3342 2050 3373 3
2061 3343 2085 3363 t.
2104 3330 2154 3364 di-

1166 3375 1241 3419 stin.
1260 3377 1292 3407 ὃς
1302 3375 1395 3406 'nodie
1405 3376 1508 3407 Gtaeci
1518 3387 1586 3407 non
1598 3386 1746 3408 tenentur
1757 3376 1922 3406 continere
1931 3396 1941 3408 ‚
1961 3375 2036 3416 quia
2048 3377 2150 3415 legem

1173 3418 1373 3452 Canonicam
1384 3419 1440 3450 hac
1452 3419 1485 3450 in
1495 3429 1580 3460 parte
1590 3429 1655 3450 non
1666 3418 2155 3462 suscepei⁴unr‚c‚Nicaena,c.Qo-

1173 3473 1258 3495 naam
1267 3483 1278 3497 ,
1288 3468 1322 3494 U·
1331 3472 1354 3492 c.
1362 3463 1468 3493 Aliter
1480 3462 1547 3494 ead.
1556 3460 1731 3502 dist-ccism
1744 3460 1815 3507 olim¹
1825 3459 1860 3491 de
1870 3461 1952 3492 Cler.
1962 3461 2108 3501 conjugat.
2120 3463 2154 3493 δε

1774 3504 1786 3534 l
1808 3515 1819 3535 ι
1863 3514 1884 3543 4
2054 3516 2112 3537 no-

2182 2780 2222 2814 30
