2397 3664
921 11 1008 67 De
1045 9 1211 67 Elea.

198 100 523 150 Gardinaliinprima
545 108 756 150 oppositione.
778 107 865 139 Idem
883 103 1012 136 Petr.de
1034 102 1143 134 Bisixio
1161 110 1196 131 in

165 164 167 166 -
203 146 323 179 Daren.
334 151 414 183 elefb.
425 162 494 194 par.
507 164 535 185 1.
546 163 581 184 ca
583 161 612 194 p.
629 163 675 184 10.
685 163 765 184 num.
770 160 797 190 5.
807 152 840 182 &
850 147 1044 181 recentiores
1054 155 1195 178 commu-

200 189 304 228 niter,
331 194 447 228 &cum
456 197 565 233 dicant
575 205 686 228 omnes
704 194 893 227 elefflonein
911 191 972 224 eise
983 200 1035 231 per
1046 189 1172 221 abusum
1183 210 1194 225 ‚

200 237 330 275 quando
340 238 415 270 laici
425 239 632 272 electionibus
641 237 798 270 intersunt
807 258 817 272 ‚
836 236 948 277 utique
957 234 1129 266 excludunt
1139 242 1192 264 eos

201 287 269 310 non
278 279 406 314 tantum
415 282 432 313 a
441 283 630 324 coeligendo
640 291 653 316 ,·
671 281 720 313 sed
733 281 831 312 etiam
841 280 879 310 ab
890 277 1071 312 assistendo,
1093 277 1128 308 δι
1146 276 1192 307 in-

136 327 178 360 37
197 325 408 357 tetveniendo
416 335 490 357 cum
500 325 693 366 eligentibus
713 324 747 355 in
766 324 839 354 loco
847 320 1012 362 Capituli.
1031 319 1090 350 Sed
1109 329 1193 359 aper-

130 854 171 886 39

198 363 264 398 tius
274 367 334 399 lioc
351 369 455 401 firmat
464 369 506 410 gi.
519 380 547 399 z.
566 366 617 398 liic
627 369 704 399 dum
714 363 759 398 air
767 388 777 402 ‚
797 364 904 396 cleerio
913 362 954 404 est
962 362 1047 395 nulla
1058 384 1068 399 ‚
1086 360 1192 403 quaefis

195 420 301 442 contra
310 410 483 444 libertatem
495 413 524 442 Ε
525 410 632 451 cclestae
641 432 652 446 ,
672 411 705 441 δε
717 409 760 440 ita
772 407 846 440 laici
855 406 991 440 omnino
1002 405 1191 438 excludendi

197 452 269 486 sunt
278 454 295 485 ὰ
305 454 494 495 Collegiatis
504 453 649 485 Ecclesiis
661 476 669 484 .
690 451 832 485 Pondera
840 473 851 487 ‚
870 451 948 492 quia
958 459 1024 481 non
1034 449 1116 480 dixit
1137 459 1190 480 ex-

198 497 348 529 cludendi
355 498 424 529 sunt
437 497 474 528 ab
484 496 638 528 eiefflone
649 518 658 531 ,
679 495 728 527 sed
741 497 758 527 a
769 495 843 526 ioco
851 515 862 531 ,
873 496 906 526 &
916 494 955 525 ab
966 492 1104 525 Ecclesia
1114 515 1123 528 ‚
1133 491 1187 523 ubi

197 541 373 576 celebratur
381 539 510 576 elec‘iiti,
519 541 552 571 &
564 539 703 580 sequitur
711 537 848 570 Bumhic
856 549 888 568 n.
895 536 1003 571 10.ibi,
1016 538 1048 567 &
1060 535 1100 567 sic
1113 535 1189 567 laici

193 582 332 616 omnino
341 583 409 614 sunt
420 583 595 624 expellendi
603 581 838 622 decoiiegiatis
847 578 995 613 Ecclesiis
1003 601 1014 615 ,
1033 580 1066 610 δὲ
1086 579 1190 610 novis-

195 627 272 660 fimf:
284 626 371 657 Rota
380 626 414 657 in
434 627 528 658 cansa
546 623 716 657 Treverer'i.
733 623 876 657 Abbariae
894 621 992 656 saniffi
1009 622 1188 654 Maximini

195 670 337 710 impressa
347 671 425 709 apud
435 669 599 701 Castellin.
607 671 641 700 in
651 669 742 700 transl.
754 666 883 700 deeleez.
894 677 952 707 ⁶4
961 663 1091 707 fhl.101.
1101 675 1185 706 n.13.

194 712 274 754 verfi
285 713 403 758 2.Qia
413 711 536 754 fuerunt
547 735 558 750 ,
577 711 670 745 &nm
686 714 732 743 18.
751 710 805 743 ubi
815 709 990 742 declaravit
997 710 1117 741 nullam
1127 709 1188 740 ele-

193 757 332 789 &ionem
341 766 378 788 ex
387 766 453 796 quo
463 757 546 788 ultra
554 756 666 788 solitos
673 755 861 787 scrutatores
879 751 972 785 eiecti
983 751 1112 784 fuerunt
1131 752 1187 784 alii

192 809 255 832 tres
267 799 359 831 laici:
377 809 509 840 eamque
520 800 679 831 rationem
689 796 817 830 adducit
828 820 838 834 ‚
856 796 1017 839 quialaici
1027 796 1097 828 sunt
1115 806 1186 826 otn—

191 843 272 876 nino
284 842 412 875 arcendi
422 843 460 874 ab
470 843 647 884 hujusmodi
657 841 864 873 electionibus
873 865 883 872 .
893 839 1047 872 Simililer
1058 839 1184 872 Bellarn.

192 884 241 919 hic
248 898 297 918 nn.
313 897 337 918 i.
348 887 427 925 vers.
439 886 560 928 Qarto
569 908 579 922 ,
608 885 690 917 dicit
701 884 854 916 adversari
865 882 1085 915 Ecclesiasticae
1095 882 1187 914 liber-

192 931 271 966 tati,
282 940 315 961 ut
329 929 404 960 laici
413 930 451 960 de
464 929 666 961 Praelatorurn
678 927 966 959 Ecciefiasticotum
977 925 1186 959 eieffionibus

190 973 220 1006 se
232 972 468 1004 intromittant:
490 972 567 1004 &in
583 970 845 1012 sextaquaestione
864 970 928 1006 ait,
960 970 1115 1001 laicorum
1133 970 1187 1000 ad—

1236 28 1281 65 c.
1311 8 1480 66 Nihil.
2065 26 2168 76 ²95

1237 101 1352 134 inserat
1363 103 1515 137 electioni
1523 126 1533 142 ‚
1544 106 1629 146 quod
1641 107 1758 139 nudam
1769 101 2018 138 intereiremiam
2030 101 2181 141 importat
2192 122 2199 130 .

1278 144 1317 177 Et
1330 146 1376 178 ita
1385 147 1419 178 in
1429 147 1694 189 congregatione
1703 148 1810 181 habita
1829 147 1909 189 juisu
1920 146 1951 179 S.
1962 145 2004 176 D.
2015 144 2060 176 N.
2071 145 2231 175 Innoeen-
2253 153 2294 183 40

1236 188 1277 220 tii
1288 189 1329 220 X.
1341 187 1393 221 die
1405 199 1433 229 5.
1446 193 1573 232 Aprilis
1585 196 1675 232 1646.
1690 203 1797 224 coram
1810 188 2066 223 Eminentiffimo
2075 187 2233 219 Cardina-

1233 231 1255 262 li
1267 230 1422 279 Paiieqto,
1435 235 1489 265 cui
1497 234 1710 268 interfuerunt
1722 234 1958 268 DD.Farnesius
1970 229 2228 271 Archiepiscopus

1231 273 1393 306 patracen.
1405 276 1569 309 Maraldus
1580 300 1590 314 ‚
1601 278 1764 319 Pagi-ianus
1774 301 1784 315 ‚
1793 277 1938 309 Albicius
1947 298 1958 313 ,
1977 273 2204 308 Mascabrunus
2215 294 2226 308 ‚

1232 318 1264 349 &
1275 316 1492 351 confessarius
1502 320 1692 352 San<ffiffimi
1703 344 1712 358 ‚
1738 332 1775 353 ex
1785 319 1950 353 communi
1975 316 2132 350 sententia
2150 315 2230 347 reso-

1232 360 1335 392 lutum
1343 361 1386 393 est
1395 361 1582 402 Capitulum
1606 363 1781 396 Provinciae
1799 364 1934 396 Bethicae
1954 360 2088 394 Ordinis
2107 358 2228 391 Eremi-

1233 413 1336 436 tarum
1348 404 1378 436 S.
1390 405 1557 445 Augustini
1568 407 1761 439 celebratum
1771 408 1806 439 in
1823 407 1955 439 civitate
1963 401 2138 437 Granatefi.
2148 411 2223 434 cum

1233 446 1402 479 assistentia
1411 470 1420 484 ,
1432 448 1658 481 &interventu
1669 450 1835 489 Auditoris
1849 451 1956 491 Regia:
1967 448 2109 481 Camerae
2121 446 2155 477 in
2170 455 2226 477 au-

1231 491 1261 521 la
1269 489 1448 530 Capitulari
1458 513 1468 527 ‚
1488 491 1576 525 fuiffe
1589 493 1710 524 nullum
1721 493 1763 524 ob
1773 495 1860 525 laicae
1879 492 2038 534 potestatis
2060 489 2188 522 abusum
2199 511 2206 518 .

1273 532 1485 566 Non'obstant
1497 535 1652 566 Authores
1662 557 1671 571 ‚
1690 546 1746 576 qui
1756 536 1869 568 dicunt
1882 537 1979 567 laicos
1990 535 2074 576 posse
2084 530 2226 565 interesse
2247 538 2285 570 41

1232 579 1269 609 ad
1279 579 1508 618 protegendum
1518 577 1667 610 elessores
1677 600 1684 608 .
1708 578 1875 620 Qioniam
1887 577 2024 619 intelligi
2035 578 2149 609 debent
2159 584 2227 607 non

1230 623 1267 652 de
1281 621 1494 652 intereisentia
1505 621 1627 664 physica
1637 643 1648 657 ‚
1659 624 1693 652 &
1703 622 1861 661 corporali
1874 621 1983 661 inipso
2001 619 2070 652 actu
2079 642 2090 656 ,
2109 623 2139 650 ἀ·
2153 619 2226 650 loco

1229 663 1392 696 eiefflonis
1405 676 1412 700 3
1425 664 1473 696 sed
1485 667 1523 696 de
1532 665 1649 696 interes
1647 664 1749 696 sentia
1759 665 1887 700 moram,-
1898 661 2040 704 congrue
2049 663 2136 694 enim
2145 662 2195 693 dic
2201 660 2226 692 i-

1229 718 1281 739 tur
1291 707 1440 738 elec'iioni
1450 710 1551 740 adeise
1561 731 1570 745 ‚
1590 708 1646 749 qui
1656 717 1818 748 tamquam
1840 707 2003 739 brachium
2022 706 2228 737 miliare-ex-

1228 761 1277 782 tra
1288 752 1390 782 auiam
1401 750 1544 791 Capituli
1557 750 1725 782 violentias
1737 751 1892 791 propulsat
1903 773 1913 786 ‚
1933 752 1966 782 δε
1987 747 2222 789 eligentium-ii-

1228 795 1381 830 bertarcm
1393 804 1500 826 tuetur
1511 818 1518 824 .
1539 794 1630 826 Sicut
1641 794 1717 834 praes
1714 805 1768 825 ens
1787 795 1977 835 quandoque
1997 791 2115 823 dicitnr
2139 791 2224 822 intra

1228 847 1336 868 muros
1346 860 1356 874 ‚
1376 846 1441 877 cap.
1452 837 1532 870 Ciam
1543 840 1615 869 oiim
1627 841 1659 869 in
1670 836 1722 877 fin.
1734 835 1821 877 infra'
1832 836 1869 868 de
1878 847 1910 868 re
1919 833 2012 875 judic.
2021 834 2110 875 Joan.
2123 833 2225 865 Andr.

1228 892 1263 912 ca
1266 890 1294 920 p.
1307 879 1364 913 Ubi
1375 882 1536 920 pericnlum
1543 893 1591 912 nu.
1605 891 1630 919 5.
1642 880 1679 911 cle
1690 881 1773 912 eleei.
1785 879 1837 912 lib.
1850 884 1878 911 6.
1891 879 2096 922 Qandoque
2106 876 2225 907 dicitur

1230 921 1374 964 praesens,
1385 924 1475 965 cujus
1486 935 1547 955 vox
1560 925 1661 955 audiri
1673 924 1769 964 potest
1780 946 1789 960 ‚
1800 925 1821 955 l.
1835 934 1859 954 1.
1865 921 1956 964 ffiDe
1968 919 2082 954 verbor.
2094 918 2218 957 obligat.

1230 967 1436 1007 Qianioqiie
1446 968 1566 999 dicitur
1577 967 1715 1008 prxsens,
1727 969 1758 998 &
1767 967 1824 1008 qui
1836 966 1870 998 in
1882 966 1980 998 hortis
1991 963 2044 1000 est,
2054 961 2220 1002 LPraesens,

192 1016 354 1049 missiones
365 1015 481 1047 suntin
493 1015 700 1047 electionibus
711 1014 874 1055 prohibita:
896 1022 1058 1053 tamquam
1079 1013 1188 1045 adver·
1222 1009 1258 1052 ffss
1273 1012 1319 1042 De
1330 1009 1666 1052 Procur.Qiandoque
1684 1010 1797 1047 latius,
1819 1010 1876 1051 qui
1888 1009 1929 1040 est
1942 1009 1975 1040 in
1997 1006 2184 1040 Provincia,
2203 1004 2225 1035 l·

192 1060 295 1092 santes
307 1057 526 1090 Ecclesiasticae
537 1058 678 1090 libertati
690 1069 701 1092 ,-
723 1060 756 1089 &
765 1059 877 1088 eodeni
895 1057 993 1096 inodo
1003 1055 1088 1087 Butr.
1100 1053 1149 1088 hic
1157 1067 1186 1087 n.

192 1111 221 1142 5.
241 1103 323 1134 dicit
335 1101 527 1148 elegtionern
538 1102 596 1133 effe
607 1111 660 1140 per
671 1101 798 1132 abusum
807 1122 817 1136 ‚
836 1101 946 1131 &non
967 1098 1069 1130 valere
1089 1110 1190 1140 quan-

190 1148 233 1178 do
244 1144 574 1181 &intervenientibus
583 1142 871 1185 secularibustem
882 1151 948 1173 non
958 1141 1088 1173 obscure
1099 1142 1190 1174 sensit

190 1187 279 1230 gloss.
291 1190 324 1218 in
333 1196 397 1227 cap.
408 1185 488 1218 Ciam
499 1197 581 1218 terra
585 1187 622 1227 fh
625 1196 653 1228 p.
666 1185 728 1218 eod.
739 1186 773 1218 in
783 1186 974 1226 figuratione
985 1184 1071 1217 casus
1084 1188 1121 1217 ad
1134 1187 1187 1218 fin.

190 1235 267 1264 dum
276 1230 320 1265 ait
330 1242 341 1260 .·
361 1229 441 1262 l'tein
454 1230 526 1261 laici
540 1241 604 1262 non
616 1230 903 1265 debentinteresse,
925 1238 982 1260 nec
1006 1239 1118 1261 vocem
1135 1229 1188 1261 ha-

190 1275 263 1307 bere
276 1274 309 1305 in
327 1272 483 1305 eletstionc
495 1273 636 1310 Praelati3
649 1276 681 1305 &
701 1273 741 1304 fic
752 1272 849 1313 glossa
859 1271 1001 1304 excludit
1013 1272 1111 1304 laicos
1122 1283 1187 1305 non

190 1316 319 1350 tantum
329 1317 347 1347 a
357 1327 435 1348 voce
448 1317 513 1353 ,sed
525 1318 624 1350 etiam
644 1317 681 1348 ab
693 1315 908 1348 interessentia
917 1338 927 1351 ,
938 1315 1165 1348 &interventu
1177 1340 1184 1347 .

191 1361 280 1393 Idem
299 1359 466 1401 Episcopus
480 1360 628 1392 Brixiens.
638 1362 672 1390 in
684 1359 739 1399 fico
759 1370 866 1397 magno
884 1367 1046 1399 repertorio
1067 1362 1098 1390 in
1117 1371 1182 1391 ver.

190 1407 306 1438 Laicus
315 1425 324 1440 ‚
344 1403 452 1435 dicens
464 1415 471 1434 :
485 1402 602 1436 Nullus
613 1403 709 1444 potest
719 1425 728 1439 ,
741 1412 794 1434 aut
805 1403 896 1434 debet
905 1402 1048 1434 intercise
1057 1404 1185 1435 elestio-

189 1447 226 1480 ni
237 1447 450 1483 Praelatorum,
462 1456 497 1478 ac
507 1448 545 1478 de
557 1446 612 1478 illa
622 1447 649 1478 se
661 1446 892 1481 intromittere;
903 1447 936 1477 δ(
947 1445 1054 1483 Franc.
1062 1447 1182 1478 Mai-ch.

188 1491 252 1524 dec.
266 1500 334 1522 102.
344 1501 423 1522 num.
434 1501 464 1521 2.
489 1489 631 1522 similiter
641 1489 781 1521 excludit
794 1490 891 1520 laicos
904 1489 941 1520 ab
952 1498 1097 1529 utroque,
1108 1491 1183 1522 duni

190 1533 381 1567 alternative
409 1533 517 1573 inquit
547 1544 612 1565 non
641 1534 741 1564 valere
769 1531 1029 1564 consuetudinem
1049 1555 1058 1568 ‚
1096 1533 1182 1575 quod

187 1577 274 1653 laica
293 1576 424 1618 potestas
441 1575 552 1608 habeat
574 1578 620 1619 jus
639 1576 798 1617 eligendi,
827 1584 881 1608 aut
900 1575 1104 1607 intereii'endi
1125 1577 1187 1608 ele-

223 1631 290 1652 ioni
300 1644 308 1651 .

233 1664 272 1695 Et
284 1663 433 1704 probatur
442 1663 502 1693 hoc
514 1662 587 1694 satis
597 1663 681 1694 clare
691 1665 724 1693 in
733 1674 757 1695 c.
773 1672 798 1694 1.
811 1666 861 1702 63.
879 1660 1012 1701 distineri.
1034 1662 1088 1694 ubi
1107 1662 1186 1694 dici-

190 1715 253 1739 tur:
268 1707 382 1737 Nullus
391 1707 536 1737 laicorum
549 1708 736 1746 Principum,
743 1707 790 1737 vel
801 1705 1058 1745 Potentnmsemet
1069 1705 1185 1745 inserat

187 1750 325 1782 elelliom'
335 1770 344 1783 ,
364 1759 401 1778 ne
409 1748 587 1780 inordinata
596 1748 665 1779 hinc
675 1771 684 1784 ‚
695 1755 731 1779 (y
741 1751 900 1787 incongrua
914 1748 968 1779 fat
981 1747 1119 1791 sonfiistO,
1131 1751 1184 1782 vel

189 1794 335 1825 contentio
345 1815 352 1822 .
375 1791 514 1823 Pondera
524 1813 534 1827 ‚
555 1792 631 1831 quia
650 1802 715 1822 non
736 1792 855 1823 dicitur
875 1793 970 1832 eligat
984 1805 994 1828 ;
1018 1793 1065 1824 sed
1087 1792 1180 1824 semet

1229 1054 1281 1085 ult.
1293 1053 1367 1085 Coa'.
1376 1054 1411 1083 de
1421 1054 1583 1094 praefiript.
1595 1055 1766 1094 longffiemp.
1778 1054 1819 1094 gl.
1830 1055 1863 1084 in
1873 1062 1940 1093 cap.
1952 1051 2033 1084 Ciam
2043 1048 2175 1084 inter,1'l
2184 1043 2230 1089 Je-

1229 1096 1320 1129 condo
1328 1099 1433 1128 inver.
1446 1100 1563 1130 Remota·
1568 1096 1654 1138 Jiapr.
1665 1096 1727 1128 eod.
1748 1099 1781 1128 ὃς
1803 1096 1943 1137 pluribus
1964 1094 2033 1126 aliis
2052 1092 2154 1127 modis
2171 1101 2227 1132 pro

1230 1139 1527 1181 subjestamateria,
1545 1151 1579 1173 ut
1591 1150 1681 1172 notar
1698 1141 1748 1181 Vgl.
1759 1142 1792 1172 in
1806 1138 1904 1171 Auth.
1917 1137 1952 1170 de
1965 1135 2096 1181 fideiuff.
2117 1138 2144 1178 ᾗ.
2158 1136 2229 1168 1-1‘72

1230 1195 1294 1215 ver.
1309 1182 1470 1223 Praesentes
1481 1207 1488 1214 .

1272 1226 1342 1258 Nec
1354 1226 1452 1258 obstat
1464 1235 1528 1267 cap.
1540 1226 1703 1259 Adrianus
1715 1230 1765 1266 63.
1777 1223 1846 1263 disr'.
1857 1227 1889 1257 &
1901 1225 1963 1256 alia
1973 1224 2042 1266 jura
2052 1221 2136 1263 supra
2148 1221 2228 1253 cita-

1229 1281 1351 1303 tanum.
1367 1280 1414 1310 32.
1439 1269 1608 1312 Qioniam
1619 1272 1795 1311 procedunt
1810 1270 1842 1299 in
1855 1268 2001 1300 terminis
2013 1265 2173 1306 privilegii
2184 1264 2226 1296 A-

1227 1313 1370 1355 postolici
1380 1336 1388 1347 ,
1401 1324 1434 1344 ur
1445 1312 1565 1345 ditium
1575 1313 1616 1345 est
1627 1312 1712 1353 supra
1723 1323 1801 1343 num.
1814 1318 1855 1345 ila.
1878 1313 1910 1343 δέ
1930 1311 2069 1342 declarat
2081 1310 2166 1340 Butt.
2188 1310 2221 1338 in

1225 1370 1260 1389 cx
1264 1367 1292 1398 p.
1306 1359 1368 1388 ,ΜΛ
1377 1356 1456 1388 'Tana
1466 1359 1500 1387 in
1512 1369 1541 1388 2.
1553 1366 1612 1388 not.
1624 1355 1709 1396 insi-d
1720 1357 1782 1386 eod.
1803 1357 1886 1395 quod
1909 1364 2015 1385 tamen
2024 1351 2226 1393 privilegium

1225 1401 1285 1433 fuit
1297 1400 1396 1440 postes
1407 1410 1590 1434 revocatum
1601 1422 1610 1436 ,
1621 1410 1655 1431 ut
1669 1400 1700 1430 in
1713 1402 1740 1433 ἡ.
1752 1398 1875 1433 Virum,
1885 1396 1922 1429 Εὐ·
1933 1400 1966 1427 in
1976 1391 2223 1441 c.leqq.e‚zd.dzst.

1225 1447 1257 1477 &
1268 1446 1305 1475 de
1318 1444 1510 1474 authoritate
1521 1444 1611 1482 hujus
1621 1454 1644 1473 c.
1660 1442 1819 1473 Adrianus
1831 1466 1838 1472 .
1861 1441 1942 1472 Vide
1952 1441 2039 1481 quod
2050 1437 2142 1480 plene
2152 1436 2224 1469 scri-

1224 1488 1264 1529 psi
1273 1490 1306 1518 in
1317 1497 1342 1517 c.
1356 1488 1537 1526 Accepi-'mus
1548 1498 1577 1517 n.
1589 1491 1640 1526 64.
1651 1484 1736 1525 infra?
1744 1484 1781 1516 de
1791 1485 1891 1526 pastis
1901 1507 1910 1515 .

1271 1529 1411 1562 Demsim
1421 1539 1487 1561 non
1497 1529 1597 1560 obstat
1607 1551 1616 1565 ‚
1636 1529 1720 1570 quod
1742 1528 1862 1560 dicium
1880 1528 1922 1560 est
1941 1529 1979 1559 de
2000 1525 2142 1558 Notario
2166 1523 2224 1556 lai-

1228 1585 1267 1605 co
1279 1597 1289 1610 ‚
1308 1572 1385 1614 quia
1397 1574 1456 1605 hoc
1469 1583 1534 1604 non
1547 1573 1685 1613 pertinet
1696 1574 1732 1604 ad
1754 1572 1901 1607 abusum3
1923 1570 1998 1602 cum
2007 1570 2096 1602 enim
2115 1567 2221 1600 Nota-

1227 1618 1292 1650 rius
1304 1617 1424 1648 nullam
1444 1618 1556 1648 habear
1576 1615 1824 1657 jurisdictionem
1846 1615 1878 1646 in
1901 1614 1971 1646 foro
1990 1610 2193 1645 contentioso
2214 1634 2226 1648 ,

1226 1661 1350 1693 nullum
1361 1659 1486 1691 inducit
1495 1670 1615 1691 metum
1629 1660 1661 1690 'in
1683 1658 1874 1698 eligentibus
1884 1680 1894 1694 ,
1916 1659 1948 1690 &
1958 1657 1997 1688 sic
2018 1655 2115 1688 cessat
2133 1654 2216 1686 ratio

1226 1704 1316 1745 liujus
1329 1703 1523 1734 mci-emus.
1545 1702 1839 1742 Prxterquamquod
1860 1701 1973 1741 opinio
1995 1700 2049 1730 illa
2067 1700 2106 1731 de
2117 1697 2219 1731 Nota-

1226 1748 1275 1779 rio
1293 1758 1358 1779 non
1379 1755 1464 1777 caret
1484 1744 1773 1778 contradidioribus
1782 1767 1794 1782 ,
1817 1754 1850 1777 ut
1870 1753 1955 1785 pater
1965 1754 2002 1775 ex
2021 1741 2113 1779 distis
2132 1741 2218 1783 supra.

1224 1802 1302 1822 num.
1320 1801 1365 1828 19.
1378 1788 1499 1830 &seqsp

532 1911 700 1967 DE
856 1907 1864 1972 ELECTIONE.

677 2009 788 2059 Idem
820 2009 1073 2060 Innocentius
1095 2016 1137 2059 in
1163 2010 1299 2060 eodem
1323 2007 1501 2058 Concilio
1527 2005 1720 2056 Generali
1741 2043 1752 2056 .

769 2116 1299 2174 CAPUT
1401 2116 1640 2173 XLIV.

187 2229 281 2313 N
296 2226 370 2282 Ihil
381 2226 543 2277 estquod
555 2228 727 2268 Ecclesiae
740 2229 815 2268 Dei
836 2230 954 2275 magis
964 2227 1104 2267 officiat
1116 2253 1130 2273 a
1155 2227 1266 2277 quain
1289 2227 1389 2277 quod
1402 2229 1544 2278 indigni
1564 2226 1791 2268 assumantur
1812 2225 1963 2267 Praelati
1982 2226 2029 2266 ad
2042 2226 2222 2275 ‘regimen

306 2289 517 2315 animarum
527 2302 536 2312 .
567 2278 746 2316 Volevites
758 2281 873 2325 igitur
889 2279 975 2315 huic
1001 2276 1134 2316 inorbo
1156 2276 1392 2316 necessariam
1417 2278 1594 2317 adhibere
1617 2276 1800 2316 medelam
1816 2301 1831 2323 ς
1860 2273 2106 2324 irrefragabili
2131 2288 2221 2313 con·

184 2325 381 2364 stitutione
402 2322 584 2377 sancimus
597 2350 610 2371 ‚
636 2336 818 2374 quatenus
828 2324 914 2365 cum
937 2323 1129 2374 quisquam
1149 2325 1194 2365 ad
1203 2329 1370 2373 regimen
1390 2330 1606 2366 animarum
1630 2324 1743 2364 fucrit
1763 2325 1908 2365 electus
1921 2349 1935 2368 a
1963 2327 1991 2362 is
2005 2348 2018 2369 ς,
2041 2322 2087 2362 ad
2104 2335 2217 2372 quem

184 2385 347 2425 pertinet
366 2381 471 2418 ipiius
481 2371 721 2413 confirmatio
731 2398 745 2419 ·‚
772 2373 970 2420 diligenter
980 2387 1170 2412 examinet
1181 2375 1220 2411 ἅτ
1240 2374 1438 2414 eletstionis
1450 2372 1653 2422 processum
1666 2374 1704 2411 &
1721 2372 1916 2421 personam
1929 2372 2042 2411 eleoii
2056 2389 2065 2409 z
2079 2384 2119 2409 ut
2129 2371 2218 2409 cum

185 2434 316 2460 omnia
327 2420 400 2458 rite
417 2424 696 2479 concurrerint,
724 2436 856 2461 munus
870 2425 904 2460 ei
916 2420 1213 2461 confirmationis
1228 2422 1443 2470 impendat:
1465 2426 1553 2473 quia
1571 2422 1596 2460 si
1619 2422 1717 2461 secus
1739 2419 1853 2460 fuerit
1878 2420 2028 2459 incaute
2048 2417 2218 2466 praesum-

185 2481 292 2516 ptum
303 2492 317 2513 ‚
344 2481 418 2505 non
430 2465 549 2507 solum
560 2470 783 2512 dejiciendus
805 2469 856 2508 est
866 2470 1017 2517 indigne
1034 2483 1228 2517 promotus
1239 2495 1253 2513 ι,
1290 2470 1419 2510 verum
1433 2475 1547 2511 etiam
1576 2468 1726 2517 indigni?²
1747 2482 1969 2516 promovens
1991 2481 2062 2514 pun
2070 2466 2215 2505 iendus.

185 2513 307 2574 Ipsum
317 2527 466 2570 quoque
485 2515 717 2556 decernimus
732 2518 801 2557 hac
814 2518 1130 2558 animadveriione
1142 2521 1288 2565 puniri,
1315 2532 1355 2557 ut
1368 2520 1453 2558 ci‘im
1466 2520 1510 2557 de
1520 2516 1626 2566 ipsius
1637 2517 1847 2556 constiterit
1860 2516 2090 2564 negligentia
2102 2540 2116 2560 ³
2139 2528 2219 2553 ina-

184 2578 290 2621 xime
304 2562 326 2601 si
340 2563 534 2616 hominem
549 2563 798 2619 insufficientis
808 2564 969 2606 scientiae
981 2590 993 2612 3
1014 2567 1073 2606 vel
1090 2566 1290 2606 inhonestae
1300 2580 1404 2612 vitaz,
1418 2567 1473 2606 vel
1483 2569 1603 2606 aetatis
1618 2565 1824 2612 illegitimae
1835 2564 2098 2612 approbaverit
2109 2587 2123 2607 ³
2137 2576 2214 2601 non

185 2611 305 2652 solum
317 2612 564 2669 confirmandi
574 2625 736 2666 primum
750 2611 986 2667 successorem
1000 2614 1097 2654 illius
1108 2628 1232 2654 careat
1243 2615 1424 2662 potestate
1436 2640 1450 2661 2
1471 2615 1598 2654 verum
1609 2617 1724 2654 etiam
1740 2617 1755 2661 (
1768 2628 1814 2652 ne
1823 2613 1952 2662 aliquo
1964 2609 2047 2651 casu
2059 2623 2213 2659 poenam

185 2659 341 2708 effugiat
353 2658 368 2703 )
380 2673 401 2698 a
414 2672 653 2715 perceptione
664 2674 801 2708 proprii
813 2661 984 2715 beneficii
995 2659 1255 2710 suspendatur,
1275 2662 1464 2713 quousque
1475 2667 1489 2709 (
1500 2662 1523 2701 ii
1535 2677 1563 2702 ae
1592 2676 1679 2702 uum
1695 2660 1836 2705 suerit)
1861 2659 2140 2709 indulgentiam
2151 2673 2215 2698 va-

183 2709 259 2749 leat
283 2720 487 2755 promereri
500 2735 508 2744 .
534 2708 574 2746 Si
599 2710 688 2747 vero
711 2709 908 2748 εοηνιᾶιιε
921 2707 1030 2749 fuerit
1044 2715 1079 2749 in
1093 2711 1166 2750 hoc
1177 2725 1241 2759 per
1254 2711 1438 2750 malitiam
1453 2725 1542 2750 exce
1571 2709 1653 2756 isse,
1676 2712 1842 2759 graviori
1855 2708 2040 2753 subjaceat
2050 2707 2189 2748 ultioni
2202 2734 2211 2743 .

184 2753 356 2811 Episcopi
368 2767 516 2805 quoque
525 2756 619 2795 tales
633 2757 678 2811 ad
691 2755 810 2796 sacros
821 2757 977 2811 Ordines
990 2782 1004 2803 a
1024 2759 1061 2796 δέ
1073 2759 1233 2798 Ecclesia
1240 2759 1343 2799 sticas
1354 2759 1554 2806 dignitates
1565 2772 1786 2807 promovere
1795 2769 1994 2805 procurent
2008 2783 2023 2804 2,
2035 2758 2100 2806 qui
2111 2769 2216 2795 com-

183 2805 333 2863 muium
346 2802 408 2859 sibi
425 2802 587 2843 officium
601 2804 713 2853 digne
730 2804 876 2858 valeant
894 2803 1108 2859 „adimplere
1122 2832 1135 2849 ·‚
1163 2806 1186 2846 si
1199 2809 1237 2846 &
1249 2807 1310 2854 ipsi
1321 2811 1543 2846 canonicam
1554 2810 1711 2854 cupiunt
1722 2805 1882 2854 effugere
1893 2806 2080 2845 ultionem
2095 2834 2104 2844 .
2129 2804 2212 2844 Cae·

183 2865 306 2908 terum
321 2865 383 2902 qui
393 2851 440 2890 ad
465 2853 677 2906 Romanum
690 2865 875 2900 pertinent
889 2854 1107 2893 immediate
1121 2855 1342 2894 Pontificem
1355 2880 1369 2901 ³
1388 2856 1435 2894 ad
1447 2855 1721 2903 percipiendam
1736 2853 1786 2894 sui
1797 2853 2124 2893 confirmationem
2136 2851 2215 2892 offi-

186 2913 235 2956 eii
245 2924 259 2945 a
272 2914 345 2943 eius
363 2903 397 2939 ie
408 2899 621 2947 conspec³ffli
636 2903 650 2946 (
664 2900 687 2938 fi
697 2899 898 2956 commode
908 2899 983 2939 fieri
997 2902 1139 2947 potest)
1152 2902 1394 2950 personaliter
1406 2902 1661 2950 repraesentent
1674 2928 1687 2948 ς.
1699 2915 1762 2942 aut
1775 2901 1945 2950 personas
1958 2899 2214 2941 transmittant

188 2947 338 3002 idoneas
349 2973 362 2992 ‚
389 2961 452 2994 per
460 2961 550 3003 quas
563 2948 719 2996 diligens
733 2947 923 2998 inquisitio
933 2947 1035 2995 super
1044 2950 1294 2991 cledtionibus
1313 2976 1327 2995 a
1337 2952 1376 2989 &
1385 2950 1516 2991 cleeris
1527 2951 1630 2999 possit
1645 2951 1773 2990 haberi
1788 2963 1850 2989 :ut
1862 2949 1909 2989 fic
1918 2951 2070 2990 demum
2088 2963 2149 2996 per
2162 2952 2213 2994 ip-

187 2993 257 3033 fius
267 2994 637 3051 circumspectionem
651 2996 793 3051 consilii
807 3021 821 3043 3
848 2995 901 3035 sui
912 2996 1181 3043 plenitudinem
1196 2997 1308 3038 officii
1320 2998 1553 3048 assequantur
1566 3025 1580 3045 a
1606 3000 1692 3039 ci‘iin
1703 3002 1755 3038 eis
1770 2998 1868 3038 nihil
1877 2998 2062 3038 obstiterit
2075 2998 2119 3035 de
2134 2997 2213 3035 Ca-

188 3056 333 3098 nonicis
348 3042 542 3096 institutis-e.
563 3057 614 3084 ita
652 3045 724 3083 uod
736 3047 885 3083 interim
901 3043 1009 3082 valde
1022 3049 1183 3091 remoti,
1210 3047 1385 3086 videlicet
1399 3047 1660 3086 ultraItaliain
1675 3047 1869 3086 constituti
1883 3046 1930 3092 ,si
1942 3048 2055 3086 eled’ti
2068 3044 2207 3083 fuerint

191 3105 227 3129 in
241 3091 445 3146 eoncordia
455 3116 469 3136 3
479 3142 484 3146 ἢ
496 3091 617 3145 disper]
637 3092 738 3132 ative
749 3105 899 3139 propter
907 3091 1132 3132 neceffitates
1145 3093 1390 3134 Ecclefiaruin
1401 3119 1414 3140 3
1427 3096 1464 3132 &
1479 3095 1661 3135 utilitates
1674 3098 1712 3134 in
1726 3092 1978 3142 spiritualibus
1990 3120 2003 3141 a
2014 3096 2051 3132 δε
2062 3107 2137 3131 tem
2142 3105 2207 3138 po—

186 3137 324 3192 ralibus
346 3138 599 3179 administrent
613 3152 624 3171 ··
637 3141 682 3180 fic
692 3153 817 3179 tamen
831 3153 870 3178 ut
880 3139 926 3179 de
937 3141 1042 3179 rebus
1054 3141 1315 3180 Ecclesiasticis
1326 3142 1422 3183 nihil
1431 3143 1578 3189 penitus
1594 3142 1780 3183 alienent-
1801 3144 1938 3182 Munus
1959 3143 2047 3183 vero
2060 3138 2206 3181 benedi-

186 3188 326 3226 &iouis
340 3210 355 3231 ³
379 3183 738 3233 seuconsectationis
748 3191 929 3236 recipiant
939 3212 953 3234 2
980 3186 1071 3228 ficut
1080 3189 1262 3230 haetenus
1272 3194 1436 3238 recipere
1448 3189 1721 3232 consueverunt
1735 3221 1744 3231 .

350 3277 374 3307 S
417 3275 450 3307 U
488 3278 538 3308 M
576 3280 626 3310 M
665 3280 702 3310 A
746 3281 772 3311 R
817 3280 840 3310 I
877 3278 909 3312 U
948 3280 1012 3309 M.
1335 3277 1435 3318 sorem
1446 3301 1456 3315 ‚
1477 3277 1515 3312 ἅ
1523 3279 1543 3311 αὶ
1553 3283 1738 3321 perceptione
1746 3283 1862 3322 proprii
1874 3278 2009 3320 beneficii
2013 3277 2208 3320 suspenditur

1341 3319 1382 3351 ad
1391 3319 1609 3362 beneplacitum
1619 3326 1793 3365 Superioris
1805 3347 1814 3361 ,
1824 3324 1856 3367 st
1872 3333 1922 3363 per
1941 3323 2155 3361 negligentiam
2175 3322 2208 3353 id

231 3371 243 3394 1
267 3358 518 3433 COnfi'rmam·
536 3361 656 3394 eleflum
675 3364 831 3403 indignum
847 3365 887 3394 ad
903 3365 1032 3401 regimen
1051 3365 1172 3395 ani‘mii-
1337 3363 1442 3404 fecerit
1452 3388 1461 3399 ,
1473 3367 1510 3396 ὅ]
1519 3377 1549 3396 n.
1563 3375 1592 3403 7.

349 3413 415 3434 rum
425 3402 524 3444 perdit
530 3403 703 3444 potestatem
713 3405 915 3439 confirmandi
924 3406 1171 3449 primumfiscces-
1296 3409 1332 3438 Si
1344 3407 1414 3438 vero
1422 3417 1475 3449 per
1485 3409 1642 3441 malin'am
1654 3412 1798 3450 ,gravius
1811 3410 1933 3456 pugu'tur
1947 3410 2117 3449 Superioris
2128 3407 2208 3438 arlia·-

266 3446 371 3488 l’rosp.
399 3449 540 3486 fagum.
561 3449 593 3478 in
613 3447 886 3482 LLib.Decrctal.
1831 3450 1851 3480 Ἰ
1904 3461 1925 3491 4
2095 3453 2153 3481 trio
