2397 3664
218 147 279 170 art.
293 148 303 168 i
314 147 338 177 3.
348 139 380 167 in
387 136 484 177 princ.
494 135 538 166 ait
554 145 561 164 x
584 135 768 179 Quicumque
776 133 940 163 committit
944 129 979 170 se
989 129 1161 169 discrimini
1171 130 1204 158 in

217 181 263 214 bis
273 201 283 216 ,
292 179 424 222 quaesunt
433 176 610 218 adfialutem
619 197 630 212 ,
643 183 747 216 peccat
759 176 809 210 ’,δι
818 170 949 212 quodlib.
960 183 988 208 9.
999 180 1059 202 art.
1076 179 1120 208 15.
1130 172 1163 201 in
1173 180 1203 210 4.

215 232 392 263 argumento
400 222 554 254 contrario
563 232 574 250 .·
582 220 767 266 Quicumque
773 238 784 252 ,
802 218 905 258 inquit
913 237 923 251 ,
931 216 1095 248 committit
1098 212 1135 254 se
1141 212 1206 255 dis-

215 268 342 301 crimini
351 287 362 302 ,
371 264 409 299 Φ·
417 264 530 305 pericul
534 275 549 294 o
553 263 670 304 peccati
677 261 818 292 mortalis
828 281 838 295 ‚
853 268 955 300 peccat
965 257 1141 290 mortaliter
1152 268 1160 293 ς
1170 257 1204 288 &

217 307 377 351 quodlib-3.
389 317 483 344 art.9.
493 306 535 338 ad
547 316 572 347 3.
585 306 768 350 Quicumque
777 315 837 335 non
844 312 935 335 cavet
941 301 1077 342 pericula
1087 320 1097 335 ‚
1117 298 1206 331 vide-

217 364 268 388 tur
277 361 465 388 contemnere
473 349 507 382 id
515 371 524 385 ,
541 349 622 387 cujus
629 347 847 380 detrimentum
852 346 985 386 pericula
995 342 1134 376 inducere
1141 342 1207 384 pos-

135 399 195 433 208
209 399 303 439 sunt.
324 395 362 428 Et
373 393 526 428 Scotusin
541 390 608 434 fine
621 390 761 432 fiecundae
772 388 936 431 questionis
950 389 1067 428 prologi
1082 386 1207 426 senten-

134 2001 194 2029 209

134 2087 195 2111 210

144 2430 200 2454 211

218 443 332 474 riarum
355 437 532 470 notabiliter
553 437 597 466 ait
620 444 628 464 ε
649 434 761 467 Multa
781 436 814 464 in
843 432 956 464 astibus
975 430 1114 463 humanis
1133 428 1208 470 sunt

217 482 329 517 dubia,
351 491 450 514 utrum
461 479 528 523 fine
535 486 659 518 peccata
674 477 839 511 mortalia,
859 478 954 508 etiam
964 473 1128 517 suppofitis
1146 482 1208 503 om-

217 524 305 561 nibus
315 524 459 557 dominis
466 522 649 556 Doctorum,
671 520 708 553 ὠ·
719 519 954 562 Expositorum3
974 527 1077 549 tamen
1099 527 1156 547 non
1166 513 1208 556 est

217 567 309 602 dubia
318 570 373 600 via
385 566 500 608 saluus
509 585 520 600 ,
541 567 611 603 quia
629 563 651 596 a*
659 561 769 596 talibus
778 572 931 601 tamquam
940 560 1071 601 periculo
1067 560 1113 602 fis
1123 556 1208 590 debet

216 609 366 653 homostbi
374 619 484 641 cavere
492 629 502 643 ,
523 607 597 650 &se
607 605 752 647 custodire
762 627 773 641 ,
790 617 827 637 ne
836 627 845 640 ‚
866 606 938 637 dum
948 606 1073 644 exponit
1083 601 1118 642 se
1127 603 1207 641 peri-

217 657 300 688 culo,
321 652 438 685 incidat
453 654 486 683 in
492 649 772 694 peccatum.‘Qod
788 650 820 692 fi
829 649 961 680 noluerit
981 656 1105 685 quaerere
1119 644 1206 686 salu-

217 707 299 732 tem,
314 693 594 738 sednoncurando,
615 697 739 733 exponit
754 692 949 734 sepericulo,
971 689 1019 722 ubi
1028 686 1115 732 forte
1125 687 1207 718 astus

219 742 256 773 de
271 750 378 779 genere
392 739 447 781 fiio
468 749 526 769 non
548 735 590 778 est
609 745 760 777 peccatum
780 735 929 770 mortale,
949 743 1052 766 tamen
1071 728 1206 772 peccabit

219 784 397 816 mortaliter
405 782 472 825 sese
479 780 612 822 periculo
631 777 821 819 exponendo.
844 778 924 810 Etin
933 788 962 818 4.
972 773 1042 816 dist.
1056 783 1102 812 17.
1112 769 1205 813 quaest.

222 829 299 859 unic.
311 826 388 858 dicit
405 836 412 855 :
434 822 493 859 Ubi
502 826 557 856 via
568 821 609 864 est
623 821 770 865 facilior,
791 819 895 861 idest,
916 822 1012 859 magis
1020 821 1053 849 in
1059 814 1208 865 potestate

218 870 351 904 hominis
359 889 369 903 ,
390 867 428 901 (θ’
437 869 549 900 certior
555 865 596 897 ad
603 867 738 905 gratiam
748 863 981 903 recuperandam
990 882 1000 896 ,
1015 869 1133 893 tenetur
1142 868 1208 896 qui-

222 912 298 947 libet
318 910 456 945 adiltam
478 912 583 944 viam,
604 911 652 939 ita
672 907 765 946 quod,
787 906 976 946 omiffailla,
996 915 1054 935 non
1075 911 1206 935 attentet

220 957 320 989 aliam
337 953 543 996 difficiliorem
561 972 572 987 ,
593 951 630 983 (5⁹
642 952 865 985 ‚incertiorem,
887 952 956 986 quia
985 957 1055 979 tunc
1063 946 1099 988 se
1117 953 1208 985 expo-

221 1009 306 1033 neret
312 997 444 1039 periculo
446 996 560 1038 stilutis
570 994 628 1034 suae
640 1014 650 1027 ,
672 992 709 1025 (μ’ω
718 993 878 1024 videretur
887 991 939 1030 effe
946 998 1129 1029 contemptor
1137 996 1207 1028 pro-

220 1042 412 1086 priaesklutis
422 1062 429 1070 .
451 1038 613 1071 Hactenus
623 1037 716 1067 verba
726 1036 812 1066 Scoti
822 1057 830 1066 .
853 1034 890 1065 Et
901 1035 980 1066 hanc
992 1033 1147 1065 rationem
1158 1041 1207 1072 pe-

219 1085 313 1118 riculi
329 1083 525 1116 considerant
533 1081 619 1111 Sacri
636 1077 785 1110 Canones
796 1080 828 1109 in
841 1087 993 1118 praecepto
1002 1078 1038 1108 de
1054 1075 1207 1108 electione

222 1130 317 1171 partis
327 1127 451 1157 tutioris
461 1144 471 1158 ,
491 1133 526 1154 ut
537 1131 619 1164 patet
629 1132 666 1153 ex
677 1121 778 1152 verbis
796 1120 871 1152 disti
880 1129 943 1161 cap.
952 1122 1043 1159 Signi
1049 1116 1144 1160 Hciisti
1152 1139 1162 1153 ,
1182 1118 1208 1149 il

222 1183 250 1204 2.
261 1171 297 1202 de
307 1168 410 1201 hotm’c.
421 1177 475 1209 pro
484 1176 523 1198 eo
533 1186 543 1201 ,
556 1164 641 1206 quod
652 1165 685 1196 in
694 1165 791 1195 altero
800 1164 918 1195 nullum
928 1184 939 1199 ,
961 1164 994 1195 in
1004 1164 1123 1202 reliquo
1133 1161 1208 1192 veri>

217 1221 370 1254 magnum
390 1210 561 1252 perieulum
577 1208 742 1244 timeatur,
762 1210 796 1239 &
818 1207 850 1239 in
861 1215 924 1247 cap.
936 1206 1150 1249 lnquisttioni,
1172 1204 1209 1235 de

214 1257 296 1301 sent.
307 1264 452 1288 excomm.
461 1254 504 1285 ibi
521 1264 528 1283 ε
548 1252 604 1283 Ne
613 1260 718 1283 contra
727 1250 870 1289 judicium
879 1250 1062 1290 conscientie
1071 1250 1208 1282 commit-

220 1309 269 1333 tat
276 1297 419 1342 offensam
428 1308 436 1332 3
445 1297 478 1329 δι
491 1298 523 1328 in
534 1294 633 1327 Clem.
650 1296 773 1328 Exivi,
784 1296 809 1330 §.
821 1295 897 1325 Item
907 1290 1069 1332 praeterca',
1091 1290 1127 1323 de
1137 1301 1208 1323 ver-

219 1338 484 1386 borumfignificat
494 1360 504 1374 ,
514 1340 573 1370 ibi:
585 1340 621 1371 In
631 1336 678 1370 his
687 1358 697 1371 ,
706 1348 762 1376 quae
772 1336 1013 1377 animaesalutem
1023 1333 1187 1373 respiciunt
1197 1354 1207 1368 ‚

218 1386 260 1419 ad
271 1382 433 1417 evitandos
449 1393 561 1421 graves
568 1381 713 1422 remorsus
728 1380 911 1420 conscientia
917 1388 990 1420 pars
1006 1381 1103 1409 tutior
1112 1375 1153 1419 est
1164 1387 1207 1407 te-

218 1430 334 1463 nenda.
357 1427 394 1459 Et
406 1427 469 1458 haec
486 1426 525 1457 est
535 1425 632 1459 ratio,
654 1434 710 1456 cur
732 1434 795 1455 non
808 1424 898 1454 liceat
919 1424 1038 1462 operari
1048 1432 1121 1453 cum
1131 1430 1207 1452 con-

219 1473 350 1505 scientia
364 1471 458 1502 dubia
469 1468 636 1500 secundum
658 1476 860 1499 communem
875 1467 1078 1506 opinionem,
1099 1466 1136 1495 de
1146 1473 1208 1504 qua

217 1517 304 1557 supra
313 1526 361 1545 nu.
376 1516 441 1545 182.
454 1514 494 1543 At
504 1521 614 1543 contra
625 1510 670 1550 jus
677 1512 824 1543 divinum
834 1529 845 1543 ,
867 1511 899 1541 &
911 1510 961 1540 ubi
973 1511 1075 1549 agitur
1094 1509 1131 1538 de
1141 1517 1208 1537 ma-

218 1561 295 1592 teria
308 1556 445 1599 peccati,
467 1564 586 1587 certum
595 1554 655 1589 est,
677 1554 795 1585 nullam
813 1552 1040 1594 postmortem,
1064 1550 1129 1582 imo
1140 1550 1208 1581 nul-

218 1603 279 1635 lam
291 1600 570 1642 praelcriptionem,
592 1606 645 1630 aut
654 1597 913 1629 consuetudinem
934 1594 1089 1635 suffragari
1109 1593 1186 1634 posse
1197 1613 1206 1627 ,

216 1657 241 1678 c.
252 1643 305 1685 fin.
316 1646 368 1676 ubi
378 1642 451 1674 DD.
461 1644 499 1673 de
507 1640 752 1673 consuetudine.
773 1639 811 1672 Et
823 1640 981 1678 propterea
999 1635 1168 1670 secundum
1176 1635 1206 1667 S.

205 1687 379 1730 ‚Thomam
387 1682 516 1725 quodlib.
525 1687 554 1715 8.
563 1693 615 1715 art
637 1693 648 1715 1
658 1693 682 1720 3.
693 1684 747 1724 qui
758 1682 883 1723 poffidet
894 1682 993 1722 plures
1013 1681 1187 1720 praebendas
1196 1699 1207 1713 ,

216 1734 248 1765 δε
260 1739 381 1773 propter
391 1729 644 1761 contrarietatem
661 1728 850 1768 opinionum
859 1727 890 1756 in
902 1724 1131 1756 dubitationem
1153 1724 1207 1753 ad-

216 1774 342 1807 ducitur
350 1793 358 1806 ,
369 1782 432 1803 non
445 1769 539 1812 potest
549 1790 559 1804 ,
569 1778 714 1801 manente
724 1769 777 1799 tali
790 1769 985 1799 dubitatione
996 1788 1005 1801 ,
1017 1767 1045 1797 se
1056 1769 1087 1798 in
1097 1776 1132 1797 ea
1143 1764 1208 1805 pos-

217 1817 340 1849 senione
349 1814 530 1846 conservare
541 1833 551 1847 ‚
560 1814 634 1855 quia
644 1810 818 1852 periculose
828 1812 1002 1842 committit
1011 1830 1022 1845 ‚
1042 1810 1076 1841 ὃ(
1087 1809 1126 1840 sic
1138 1818 1210 1848 pro-

217 1861 364 1893 culdubio
375 1866 502 1898 peccato
512 1877 522 1890 ,
538 1854 645 1897 utpote
653 1854 753 1895 magis
763 1864 871 1885 amans
891 1854 1077 1885 beneficium
1088 1861 1208 1891 tempo-

217 1905 298 1937 rale,
320 1911 413 1943 quam
434 1901 594 1940 propriam
608 1897 751 1929 salutem.
775 1896 857 1937 Ergo
879 1906 1038 1937 perperam
1059 1896 1209 1936 allegatur

218 1944 352 1989 poss’effio
367 1945 406 1975 ad
416 1943 580 1975 vitandum
599 1949 784 1981 praeceptum
794 1939 961 1971 Sacrorum
984 1938 1156 1971 Canonum
1170 1940 1208 1969 de

217 1989 326 2021 tutiori
337 1996 420 2028 parte
432 1989 465 2017 in
480 1986 575 2017 dubio
585 1985 744 2025 eligenda.
767 1982 879 2024 Neque
887 1983 972 2015 enim
983 1980 1186 2013 interdicitum
1197 2001 1206 2014 ³

216 2029 449 2073 Utipoffidetis,
465 2030 531 2060 dari
541 2026 680 2068 potestin
698 2028 826 2058 materia
836 2025 989 2058 nutritiva
1012 2024 1152 2067 peccati,
1174 2025 1207 2055 &

217 2075 383 2114 contraius
392 2073 537 2103 divinum
547 2090 557 2105 ,
568 2069 718 2102 Menoch.
729 2071 766 2101 de
775 2070 924 2102 retinend.
935 2078 1015 2109 424.
1024 2072 1128 2108 72-156.
1138 2066 1208 2100 Nec

217 2120 346 2160 quando
355 2117 401 2157 jus
410 2114 516 2146 resistit
525 2133 536 2148 2
552 2113 676 2154 Seraph.
687 2114 750 2144 dec.
763 2117 850 2152 1463.
859 2124 889 2143 n.
902 2124 928 2145 2.

262 2161 356 2192 Vides
365 2168 439 2199 ergo
456 2157 549 2199 quam
561 2157 663 2188 multae
680 2155 996 2196 sequanturineptiae,
1017 2155 1051 2186 &
1072 2152 1210 2184 absurdi-

219 2214 299 2237 tates
315 2212 352 2234 ex
362 2212 416 2234 tua
431 2201 614 2233 assertione,
634 2197 719 2241 quod
729 2199 825 2230 homo
844 2200 878 2229 in
889 2197 957 2230 soro
965 2196 1164 2229 conscientiae
1175 2196 1210 2227 sit

219 2246 470 2279 manutenendus
486 2246 519 2275 in
531 2241 706 2284 possessione
722 2241 780 2272 sua:
790 2242 942 2273 libertatis
964 2248 1075 2272 contra
1086 2238 1191 2269 Deum
1201 2257 1211 2272 ,

221 2293 254 2322 δ(
277 2293 395 2331 legem,
417 2286 496 2320 adeo
516 2295 552 2318 ut
572 2283 662 2319 valde
681 2286 860 2317 mirandum
880 2285 939 2319 sit,
959 2283 1046 2326 quod
1067 2281 1213 2314 nonnulli

221 2332 470 2366 Coni‘effores‘in
478 2329 549 2362 foro
566 2328 788 2361 Sacramentali
799 2328 894 2360 talem
909 2326 1084 2360 theoricam
1095 2327 1128 2356 in
1146 2333 1213 2365 pra-

221 2379 254 2408 xi
265 2376 402 2409 servare,
422 2375 457 2407 &
472 2374 583 2405 docere
593 2381 657 2403 non
674 2372 881 2403 vereanturin
904 2372 1074 2411 perniciem
1089 2370 1214 2401 anima-

226 2429 310 2451 tum.
332 2417 372 2450 Et
387 2416 598 2448 nihilominus
607 2414 728 2446 etiamsi
743 2416 984 2446 concederemus
1005 2415 1039 2444 in
1049 2410 1145 2444 dubio
1169 2409 1214 2451 iu-

224 2463 392 2495 dicandum
407 2460 463 2492 else
485 2467 541 2499 pto
555 2457 730 2498 possessore,
752 2466 817 2499 non
835 2456 934 2489 solum
955 2459 989 2490 in
1011 2457 1144 2488 materia
1164 2453 1215 2494 Ju-

225 2505 331 2538 stitiae,
352 2505 385 2535 &
403 2505 436 2534 in
447 2501 516 2533 soro
526 2500 686 2540 judiciali,
707 2498 756 2531 sed
775 2500 916 2532 etiamin
931 2498 1063 2532 materia
1083 2497 1216 2528 aliarum

225 2551 398 2580 virtutum,
417 2547 451 2579 δι
467 2544 503 2576 in
512 2543 581 2575 foro
601 2542 819 2578 conscientiae,
839 2544 923 2583 quod
941 2543 982 2574 est
1003 2540 1139 2573 omnino
1160 2538 1216 2571 fal-

229 2591 294 2622 sum
314 2601 321 2621 t
342 2598 447 2621 tamen
456 2587 682 2619 observandum
693 2585 753 2620 est,
775 2587 809 2616 in
821 2584 891 2618 foro
900 2588 1043 2619 interno,
1064 2585 1217 2617 &inma-

231 2635 309 2665 teria
319 2633 448 2665 aliarum
464 2630 620 2663 virtutum
629 2628 839 2670 poffeffionem
858 2638 922 2660 non
932 2629 1007 2660 stare
1030 2638 1085 2668 pro
1096 2628 1218 2657 liberta-

231 2685 262 2708 te
272 2676 423 2710 humana,
444 2672 493 2707 sed
504 2684 559 2716 pro
567 2672 679 2704 Deo&
689 2671 754 2712 lege
766 2672 1038 2711 :quandoquidem
1051 2673 1082 2702 in
1093 2668 1157 2710 ipso
1168 2671 1217 2699 in-

232 2719 342 2752 stanti,
363 2719 465 2758 inquo
475 2717 571 2749 homo
589 2714 704 2755 incipit
714 2714 824 2746 habere
842 2713 930 2746 usum
940 2715 1091 2746 tationis,
1112 2713 1146 2745 &
1162 2710 1218 2742 effe

233 2760 299 2793 doli
319 2770 435 2800 capax,
454 2760 604 2800 reperitur
621 2758 733 2799 ligatus
750 2766 832 2790 nexu
852 2757 1055 2797 obligationis
1078 2754 1219 2788 servandi

233 2804 606 2846 praeceptadivinaelegis,
626 2803 777 2834 &contra
786 2809 856 2832 eam
867 2810 930 2831 non
947 2800 1115 2840 peccandi,
1132 2807 1166 2829 ut
1177 2797 1218 2829 le-

234 2849 319 2889 gitur
328 2848 361 2877 &
371 2853 495 2876 notatur
503 2848 535 2877 ‘m
543 2853 606 2886 cap.
621 2854 646 2877 1.
656 2846 706 2877 De
715 2842 816 2875 delict.
823 2851 941 2883 pueror.
950 2844 983 2874 &
994 2841 1220 2881 consequenter

233 2899 300 2932 non
321 2888 496 2929 exponendi
516 2886 543 2919 se
554 2889 674 2929 peccati
696 2887 849 2929 periculo.
873 2885 935 2917 Lex
950 2894 1054 2917 autem
1076 2884 1221 2924 praecedit

238 2940 402 2975 peccatum
411 2950 421 2965 9
435 2930 509 2971 quia
518 2950 528 2964 ‚
549 2941 581 2962 ut
591 2931 707 2964 dicitur
715 2941 743 2962 2.
752 2931 791 2961 ad
802 2928 965 2961 Romanos
974 2928 1076 2972 8-fine
1085 2927 1147 2966 lege
1154 2934 1221 2966 pec-

236 2984 339 3010 catum
349 2980 498 3006 mortuum
518 2982 599 3004 erat.
621 2974 704 3015 Ergo
724 2972 860 3014 poffeffio
870 2970 987 3013 semper
1008 2969 1047 3002 est
1057 2980 1112 3011 pro
1131 2968 1221 3003 Deo,

238 3021 273 3051 &
298 3019 323 3049 le
347 3027 383 3051 e,
404 3026 469 3048 non
490 3024 595 3047 autem
615 3027 668 3057 pto
691 3017 830 3049 libertate
851 3015 1010 3050 hominis·‚
1031 3023 1067 3046 ac
1091 3013 1221 3054 proinde

239 3063 345 3103 inepte
363 3060 510 3101 allegatur
519 3068 557 3090 ex
579 3068 659 3098 parte
670 3059 828 3094 hominis,
847 3057 932 3100 quod
943 3057 1046 3099 potior
1066 3057 1103 3090 fit
1111 3056 1222 3088 condi-

240 3105 289 3138 tio
299 3101 496 3145 possidentis,
516 3103 591 3142 quia
605 3103 736 3143 possessio
746 3103 801 3134 stat
816 3101 931 3142 semper
953 3110 1010 3142 pro
1029 3099 1222 3141 obligatione

242 3147 413 3179 abstinendi
433 3144 570 3179 abactu,
591 3145 628 3176 de
648 3147 848 3184 quodubium
861 3145 902 3177 est
920 3154 961 3177 an
982 3143 1019 3175 stt
1029 3143 1153 3177 licitus,
1175 3141 1223 3172 vel

244 3191 391 3225 illicitus,
412 3198 447 3221 ut
455 3187 573 3230 optime
588 3188 713 3218 deducit
721 3187 884 3220 Candidus
898 3186 1131 3220 Philalethusin
1151 3193 1223 3226 pra-

243 3233 335 3271 alleg.
345 3233 433 3264 trast-
443 3230 481 3264 de
489 3232 658 3271 opinionum
672 3232 783 3269 praxi,
804 3229 896 3271 quast.
908 3239 937 3269 7.
948 3240 1015 3262 ver.
1025 3231 1105 3262 Dico
1122 3227 1224 3267 quinto

241 3284 309 3317 pag.
325 3278 391 3314 148.
412 3273 450 3308 ά
469 3272 550 3315 vers.
561 3274 653 3307 Dices
673 3274 706 3303 in
716 3276 844 3304 materia
856 3272 991 3316 Justitiae
1010 3280 1075 3313 pag.
1096 3281 1164 3311 149.
1187 3268 1225 3302 ω’·

245 3316 328 3358 verfi
345 3320 456 3350 Minor
474 3315 620 3359 probatur
636 3323 704 3357 pag.
718 3323 784 3354 151·
802 3314 1017 3358 Exemplificat
1038 3319 1071 3348 in
1092 3325 1150 3349 eo,
1169 3314 1225 3355 qui

244 3360 348 3394 emisit
358 3370 485 3395 votum,
504 3359 706 3394 &dubiusest
716 3367 756 3390 an
772 3358 849 3390 illud
858 3360 1089 3401 adimpleverit,
1109 3366 1224 3389 necne:

247 3402 384 3447 possessio
403 3406 487 3434 enim
501 3404 558 3435 stat
581 3412 637 3443 pto
652 3410 822 3443 praecepto,
842 3401 875 3433 &
897 3412 959 3433 non
981 3413 1036 3443 pto
1058 3403 1197 3434 libertate
1215 3419 1225 3434 ,

247 3446 320 3482 cum
337 3446 513 3489 praeceffetit
529 3447 694 3489 obligatio.
717 3443 756 3478 Et
772 3446 915 3487 quamvis
932 3444 1123 3478 contrarium
1140 3453 1225 3486 puter

557 47 739 120 Prosp.
758 46 991 119 Fagnan.
1011 45 1067 100 in
1089 43 1333 100 Primum
1350 39 1581 99 Librum
1604 37 1885 97 Decretal.

1244 128 1343 160 ineo,
1364 135 1419 165 qui
1440 123 1552 156 dubius
1561 123 1620 159 est,
1641 133 1681 155 an
1699 132 1809 154 votum
1831 121 1987 158 emiserit,
2007 125 2082 165 quia
2091 132 2167 156 tune
2189 124 2232 156 se-

1244 169 1384 202 cundum
1391 176 1465 199 eum
1475 166 1610 208 poiseffio
1618 166 1674 198 stat
1690 176 1745 208 pro
1755 167 1895 198 libertate
1904 184 1916 200 ,
1935 167 1969 198 &
1980 175 2044 198 non
2055 178 2111 209 pro
2121 178 2231 209 praece-

1246 221 1318 253 pto·,
1339 219 1446 242 tamen
1456 209 1516 242 hoc
1535 209 1610 242 stare
1620 219 1686 241 non
1707 209 1803 251 potest
1822 219 1832 239 :
1854 218 2006 251 ponamus
2023 212 2109 241 enim
2118 219 2150 242 re
2160 221 2232 243 veta

1246 255 1408 287 hominem
1429 252 1556 285 emisisse
1571 261 1702 287 votum,
1725 251 1775 284 sed
1795 251 1895 294 postea
1916 261 1980 283 non
1999 251 2075 283 bene
2090 256 2233 285 reeorda-

1245 299 1291 332 ti,
1311 297 1494 330 &dubitare
1502 306 1543 328 an
1554 296 1631 328 illud
1639 295 1795 330 emiserit,
1816 305 1873 327 nec
1883 304 1941 330 ne3
1963 293 2063 325 sanesi
2081 296 2166 328 dicat
2175 296 2232 329 ho-

1247 351 1318 375 mo,
1339 349 1399 381 ego
1420 338 1542 380 prorsus
1551 338 1617 370 sum
1637 339 1748 370 dubius
1765 348 1805 370 an
1827 347 1937 370 votum
1947 336 2122 372 emiserim,
2143 340 2176 370 δι
2198 341 2232 371 in

1247 384 1305 416 hoc
1316 383 1412 415 dubio
1421 382 1496 413 nolo
1503 391 1553 413 me
1563 381 1579 412 s
1576 382 1691 423 poliat-e
1700 380 1875 421 poffeffione
1885 391 1960 413 meae
1969 381 2117 412 libertatis
2125 400 2136 415 ,
2157 379 2232 414 cum

1247 427 1330 458 nulla
1342 427 1387 456 lex
1398 435 1447 456 me
1454 424 1673 456 constrinxerit
1681 425 1720 455 ad
1730 425 1909 455 vovendum
1917 444 1928 459 ,
1948 435 1972 457 c.
1983 425 2154 463 Integritas
2163 443 2173 458 ‚
2185 433 2231 464 32.

1247 468 1339 510 quaest.
1355 478 1380 500 ι.
1397 467 1490 508 Qua
1509 466 1671 499 Dominus
1690 467 1790 507 exigit
1811 467 1968 502 oblatum,
1991 466 2114 498 sednon
2134 468 2234 508 exigit

1246 512 1458 546 offerendum,
1479 521 1503 542 c.
1515 511 1725 550 Nuptiarum,
1746 511 1780 541 in
1794 506 1854 551 fin.
1874 518 1923 547 27.
1944 509 2038 551 quest.
2064 519 2088 542 1.
2110 507 2234 541 Contra

1248 556 1334 587 Deus
1345 554 1441 589 dicit,
1461 554 1484 587 fi
1502 563 1537 585 tu
1547 563 1578 586 es
1595 554 1725 587 dubius,
1746 562 1805 592 ego
1825 560 1926 583 certus
1947 552 2012 584 sum
2035 562 2066 585 te
2087 553 2201 584 vovisse
2221 572 2233 587 ‚

1247 600 1281 631 &
1299 597 1371 630 ideo
1381 598 1465 629 nulla
1485 597 1527 629 est
1537 596 1674 638 possessio
1693 604 1824 636 exparte
1846 603 1899 626 tua
1921 605 1928 626 ε
1950 596 2082 636 Sequere
2102 606 2177 638 ergo
2199 597 2234 627 in

1247 651 1303 673 tuo
1319 642 1416 673 dubio
1424 649 1541 681 partem
1555 642 1724 674 tutiorem,
1746 639 1779 669 δέ
1800 635 1893 669 redde
1900 638 2060 680 Altiffimo
2075 648 2151 671 vota
2160 647 2213 670 tua
2223 658 2234 672 .

1247 687 1322 716 utin
1341 683 1460 715 Psalmo
1468 693 1518 723 49.
1533 684 1621 723 14&
1633 684 1666 714 in
1683 689 1747 721 cap.
1757 683 1819 713 Per
1828 689 1916 715 tuas,
1938 679 1977 712 de
1993 691 2078 713 voto.
2101 681 2233 723 Qiodsi

1247 728 1347 758 adhuc
1370 726 1485 758 insistat
1506 726 1621 761 homo,
1643 727 1676 758 &
1699 726 1800 758 dicat,
1822 722 1902 754 forte
1917 733 1977 764 ego
1997 734 2062 756 non
2081 727 2179 759 vovi,
2199 725 2234 756 &

1248 770 1335 802 Deus
1353 769 1408 801 scit
1417 779 1464 800 me
1482 779 1546 800 non
1554 769 1688 803 vovisse,
1708 770 1742 801 δε
1763 764 1835 799 ideo
1846 766 1919 797 volo
1937 776 2061 807 pergere
2071 767 2105 799 in
2127 767 2234 808 potres-

1247 813 1592 845 sionelibertatismeae.
1613 810 1802 844 Contraest,
1821 811 1896 851 quia
1906 808 1986 841 forte
2003 818 2039 840 tu
2049 810 2177 844 vovisti,
2200 812 2235 842 &

1249 854 1334 888 Deus
1345 855 1400 887 scit
1408 865 1438 886 te
1450 855 1585 889 vovisse,
1606 855 1689 886 &sic
1708 857 1827 886 incerta
1836 852 1876 884 est
1885 861 1938 884 tua
1946 851 2097 893 poffemm
2116 855 2192 893 quia
2212 853 2234 884 si

1247 899 1360 932 vovisti
1370 919 1380 933 ,
1398 897 1534 939 potieffio
1544 898 1598 929 stat
1608 908 1664 938 pro
1673 897 1761 931 Deo,
1782 898 1815 928 &
1827 905 1996 936 praecepto,
2019 894 2188 927 secundum
2199 895 2236 926 il·

1249 944 1300 974 lud
1311 942 1418 973 Psalm.
1430 950 1478 980 75.
1493 951 1538 974 12·
1549 943 1683 975 Vovete,
1705 938 1743 973 ῥ’
1749 937 1884 971 reddite.
1899 938 1932 970 Si
1942 948 2006 970 non
2016 938 2148 972 vovisti,
2169 937 2236 978 pos-

1249 985 1332 1017 sessio
1341 985 1396 1016 stat
1405 995 1459 1026 pro
1469 995 1522 1016 tua
1532 984 1718 1016 libertatem
1727 984 1837 1015 dubius
1847 992 1878 1013 es
1887 984 1962 1023 quid
1971 984 2081 1023 egeris,
2089 983 2122 1013 &
2133 980 2237 1012 incer-

1249 1039 1297 1059 tus
1306 1029 1391 1060 esita
1399 1038 1437 1059 ne
1447 1028 1503 1062 sit,
1525 1029 1572 1058 vel
1585 1037 1667 1063 ηοω
1688 1027 1932 1067 quomodoergo
1941 1035 2027 1066 potes
2044 1023 2234 1065 perseverate

1249 1073 1282 1102 in
1293 1071 1469 1112 possessione
1478 1091 1489 1105 ,
1511 1070 1531 1102 s1
1543 1072 1664 1102 dubitas
1673 1079 1703 1102 te
1713 1069 1878 1110 possidere?
1900 1067 2014 1101 cum&
2024 1067 2236 1109 poffeffionem

1249 1115 1392 1148 amittat,
1415 1116 1468 1154 qui
1480 1114 1646 1155 suspicatur
1657 1118 1683 1144 le
1693 1112 1770 1154 poffe
1780 1112 1904 1152 repelli,
1924 1111 1946 1143 l.
1959 1121 1984 1152 3.
1997 1114 2023 1150 §.
2033 1113 2071 1144 Si
2088 1112 2237 1150 quismm-

1249 1160 1317 1191 tiet,
1327 1160 1359 1189 &
1372 1159 1414 1189 ibi
1424 1156 1536 1198 glos-in
1545 1155 1628 1189 verb.
1636 1159 1700 1188 ami
1703 1157 1730 1196 fi
1730 1153 1766 1195 ffe
1775 1176 1785 1190 ,
1794 1157 1826 1187 &
1840 1156 1902 1187 l.Si
1912 1155 1946 1186 id
1955 1175 1965 1190 ,
1974 1153 2050 1194 quod
2056 1156 2090 1186 in
2098 1153 2237 1194 prino&

1250 1204 1276 1239 ς’.
1280 1198 1340 1242 fin.
1341 1198 1381 1243 ff
1391 1200 1428 1232 de
1434 1198 1607 1239 acquirend.
1613 1196 1722 1240 poffe'ſj.
1732 1200 1754 1231 l.
1762 1197 2000 1242 1.§.fiveautem
2009 1195 2099 1240 ‚ff.de
2109 1199 2146 1229 vi
2156 1194 2193 1229 ὠ·
2201 1199 2237 1228 vi

1248 1253 1388 1276 armata.
1411 1242 1523 1283 Quare
1541 1243 1606 1275 situ
1623 1242 1836 1276 facisastum,
1859 1243 1897 1273 de
1914 1252 1977 1283 quo
1986 1243 2128 1283 dubitas,
2148 1250 2189 1271 an
2200 1240 2236 1271 sit

1248 1296 1357 1320 contra
1366 1294 1496 1321 votum,
1518 1297 1645 1321 necne,
1667 1288 1775 1327 utique
1784 1287 1913 1327 exponis
1923 1294 1953 1317 te
1975 1284 2237 1326 periculomorta—

1250 1330 1286 1362 lis
1298 1329 1417 1370 peccati
1428 1340 1436 1366 ·‚
1446 1331 1478 1362 &
1489 1329 1560 1362 ideo
1570 1331 1742 1361 mortaliter
1752 1339 1860 1370 peccas
1870 1349 1880 1363 ,
1902 1330 1997 1360 etiam
2007 1328 2027 1360 si
2038 1326 2125 1359 astus
2134 1336 2172 1358 ex
2183 1325 2238 1357 suo

1248 1383 1359 1414 genere
1369 1383 1432 1405 non
1442 1373 1478 1404 sit
1490 1374 1588 1404 malus
1598 1393 1607 1407 ,
1632 1372 1799 1404 secundum
1810 1367 1850 1403 D»
1861 1371 2021 1404 Thomam
2030 1391 2039 1405 ,
2061 1372 2094 1402 ὃς
2106 1370 2237 1402 Scotum

1249 1415 1390 1457 proxime
1400 1417 1531 1451 citatos;
1552 1425 1610 1447 nec
1622 1417 1678 1448 tibi
1689 1415 1846 1454 suffragari
1868 1415 1962 1456 potest
1973 1413 2117 1455 praetcnsa
2129 1411 2238 1454 poffes-

1248 1459 1292 1490 iio
1304 1460 1451 1491 libertatis
1461 1479 1471 1493 ‚
1479 1459 1554 1491 cum
1563 1469 1681 1490 incerta
1690 1460 1726 1490 sit
1735 1479 1745 1493 ,
1761 1461 1795 1491 &
1805 1461 1933 1491 dubium
1944 1469 2008 1490 non
2017 1458 2104 1489 tollat
2115 1478 2123 1486 .
2134 1455 2238 1499 (Quod

1248 1511 1354 1533 tamen
1368 1503 1584 1534 exabundanti
1605 1502 1726 1534 dictum
1736 1502 1791 1536 sit,
1812 1505 1887 1543 quia
1909 1512 1940 1533 re
1951 1512 2023 1533 vera
2047 1499 2237 1540 ineptissima

1247 1546 1288 1577 est
1300 1546 1362 1577 haec
1371 1548 1567 1586 contemptio
1574 1547 1610 1576 de
1628 1546 1810 1586 potioritate
1821 1544 2006 1586 poisessionis
2018 1547 2099 1576 inter
2112 1542 2216 1573 Deum
2226 1562 2239 1576 ‚

1247 1590 1280 1622 &
1293 1588 1471 1623 hominem,
1493 1592 1525 1621 ἃ·
1537 1588 1608 1620 ideo
1620 1589 1697 1621 nihil
1720 1588 1816 1621 obstat
1826 1589 1939 1629 tegulae
1954 1589 2122 1620 Sacrorum
2130 1583 2241 1617 Cano-

1249 1642 1325 1663 num
1339 1633 1377 1664 de
1397 1634 1527 1673 optione
1537 1642 1630 1672 partis
1647 1635 1771 1664 tutioris
1782 1654 1790 1663 .

1290 1674 1458 1715 Objiciunt
1481 1674 1614 1707 secundo
1632 1695 1643 1710 ,
1670 1675 1755 1716 quod
1779 1674 1922 1715 praedicka
1942 1675 2048 1716 regula
2070 1674 2108 1704 de
2129 1671 2240 1704 tutiori

1250 1721 1376 1758 partein
1385 1719 1479 1750 dubio
1488 1719 1631 1759 eligenda
1640 1722 1787 1759 procedat
1808 1720 2078 1749 tantutnindubio
2089 1714 2181 1749 facti,
2203 1716 2238 1746 in

1248 1761 1360 1814 quibus
1371 1763 1514 1792 terminis
1524 1761 1692 1801 loquuntur
1703 1781 1712 1796 ‚
1721 1772 1745 1792 c.
1754 1761 1814 1793 Ad
1822 1761 2011 1793 audientiam
2020 1781 2030 1795 ‚
2039 1771 2063 1791 c.
2073 1756 2242 1800 Significa-

1242 1806 1307 1845 sti,
1329 1804 1355 1835 tl
1367 1803 1440 1836 a&
1453 1806 1599 1844 c.penult.
1610 1804 1647 1835 de
1667 1804 1772 1837 homic.
1782 1815 1845 1836 non
1869 1814 1974 1835 autem
1986 1807 2017 1834 in
2039 1801 2239 1842 dubiojuris.

1249 1847 1348 1889 Qiod
1358 1857 1466 1880 tenent
1475 1847 1589 1879 Suarez
1598 1857 1672 1879 tom.
1683 1856 1709 1887 5.
1721 1848 1758 1878 de
1774 1846 1935 1888 consecr-,zt-
1948 1846 2057 1887 disput.
2068 1845 2196 1887 iisset?-
2207 1851 2235 1883 5-

1249 1892 1280 1922 ὅς
1292 1890 1431 1922 Sanchez
1441 1890 1474 1921 in
1487 1891 1674 1922 Decaltom.
1690 1888 1780 1923 1-lib.
1796 1900 1819 1922 1.
1830 1902 1854 1922 c.
1873 1900 1918 1923 10.
1929 1900 2009 1922 num.
2022 1887 2241 1930 37.C.etetum

1249 1933 1366 1964 nullam
1383 1935 1538 1965 rationem
1548 1933 1734 1965 divetfitatis
1754 1933 1928 1975 assignant,
1950 1935 1983 1965 &
2002 1935 2036 1965 in
2044 1930 2244 1964 contrarium

1250 1976 1289 2007 est
1300 1985 1401 2007 teXtus
1422 1976 1488 2008 inc.
1499 1977 1583 2008 Illud
1591 1978 1628 2008 de
1637 1978 1721 2009 Cler.
1731 1987 1880 2009 excomm.
1888 1974 2019 2017 ministr.
2029 1975 2083 2007 ubi
2104 1974 2244 2005 indubio

1248 2019 1342 2063 jutis,
1363 2029 1403 2050 an
1420 2018 1573 2051 sententia
1588 2021 1930 2052 excommunicationis
1953 2021 2014 2051 lata
2031 2020 2048 2050 a
2068 2017 2242 2059 Delegam,

1250 2073 1315 2093 non
1325 2062 1470 2102 praemiffa
1480 2062 1659 2095 monitione
1667 2083 1677 2099 ,
1693 2065 1726 2097 δέ
1735 2073 1807 2096 ante
1819 2064 2056 2095 intimationem
2068 2064 2142 2102 liget
2151 2081 2161 2094 ,
2185 2069 2244 2091 nec

1251 2115 1289 2136 ne
1301 2125 1309 2139 ,
1319 2105 1475 2137 deciditur
1485 2107 1636 2138 tutiorem
1646 2116 1764 2147 partem
1775 2106 1832 2139 ess'e
1841 2107 2019 2148 eligendam
2029 2128 2037 2136 .
2051 2105 2120 2137 Nec
2132 2103 2224 2137 refert
2233 2123 2244 2140 ,

1250 2147 1337 2188 quod
1347 2148 1396 2178 ille
1406 2157 1509 2179 textus
1520 2151 1665 2188 procedat
1674 2151 1705 2179 in
1716 2151 1814 2180 dubio
1824 2149 1900 2189 juris
1908 2150 2052 2189 personae,
2062 2149 2093 2182 id
2105 2149 2157 2181 eii,
2169 2148 2243 2181 cum

1253 2190 1298 2230 jus
1308 2189 1350 2220 est
1369 2191 1496 2230 quidem
1507 2200 1627 2221 certum
1647 2190 1681 2222 in
1691 2191 1804 2232 seipso,
1827 2191 1877 2223 sed
1900 2193 1970 2231 quis
1982 2200 2068 2232 putat
2091 2193 2165 2222 illud
2186 2191 2244 2223 effe

1251 2233 1383 2264 dubium
1394 2253 1404 2267 ,
1422 2234 1455 2265 &
1465 2232 1556 2265 habet
1565 2231 1790 2266 conscientiam
1799 2242 1980 2267 erroneam,
2001 2243 2035 2265 ut
2047 2235 2168 2264 videtur
2178 2232 2244 2265 sen-

1252 2278 1311 2310 tire
1327 2275 1371 2307 ibi
1379 2275 1472 2316 glossa
1487 2278 1521 2307 in
1532 2275 1585 2308 fin.
1597 2285 1662 2306 non
1685 2277 1831 2307 antemio
1843 2277 1938 2307 dubio
1949 2278 2023 2316 lutis
2031 2276 2170 2307 absoluto
2179 2296 2189 2310 ,
2211 2284 2246 2309 ut

1252 2318 1415 2360 distinguit
1424 2318 1538 2351 Suarez
1547 2316 1577 2350 d.
1588 2315 1681 2359 quaest.
1695 2326 1721 2358 5.
1731 2318 1811 2360 verſs
1820 2317 1959 2353 Ulterius
1974 2318 2140 2351 advertere
2159 2328 2247 2359 opor-

1253 2370 1318 2396 tet,
1338 2364 1372 2394 δι
1383 2361 1525 2395 Sanchez
1533 2359 1581 2393 ubi
1593 2360 1689 2402 fhprd
1699 2383 1708 2391 .
1729 2361 1892 2403 Siquidem
1902 2372 2002 2403 neque
2012 2364 2093 2394 inter
2103 2362 2158 2394 hos
2168 2365 2246 2396 duos

1254 2404 1491 2445 casusaffignari
1502 2404 1597 2448 potest
1607 2406 1668 2437 ulla
1690 2404 2122 2440 sufficiensratiodifferentiae
2142 2416 2150 2437 ε
2172 2415 2247 2437 nam

1254 2447 1330 2480 cum
1349 2448 1398 2489 jus
1411 2447 1453 2479 est
1472 2446 1610 2480 absolute
1632 2448 1780 2483 dubium,
1803 2457 1857 2481 aut
1879 2451 1949 2490 quis
1971 2451 2069 2483 credit
2091 2450 2167 2483 illud
2187 2450 2246 2481 esse

1255 2500 1397 2525 certum,
1417 2500 1472 2522 aut
1492 2492 1592 2524 credit
1611 2491 1669 2522 effe
1689 2492 1820 2524 dubium
1844 2503 1851 2522 ε
1872 2492 1893 2523 si
1913 2495 2010 2525 credit
2031 2493 2086 2525 effe
2101 2501 2244 2527 certum,

1256 2543 1332 2566 tunc
1354 2543 1401 2565 res
1411 2533 1452 2567 est
1473 2543 1559 2565 extra
1568 2535 1720 2565 terminos
1744 2535 1896 2576 praesentis
1913 2536 2151 2570 controversiae,
2173 2537 2249 2577 quia

1257 2579 1284 2609 is
1300 2586 1365 2608 non
1375 2576 1511 2610 versatur
1531 2577 1566 2609 in
1576 2578 1689 2611 dubio,
1712 2578 1744 2610 δε
1756 2577 1828 2610 ideo
1850 2579 1945 2619 potest
1968 2579 2050 2621 sequi
2060 2582 2248 2620 opinionem

1257 2620 1362 2652 minus
1380 2629 1499 2654 tutam,
1520 2622 1618 2653 etiam
1639 2620 1724 2653 stilla
1746 2621 1881 2656 fitfalsa‚
1903 2625 1977 2665 quia
1996 2621 2156 2655 excusatur
2178 2631 2248 2662 pto-

1258 2673 1326 2705 pter
1345 2664 1559 2704 ignorantiam
1578 2664 1654 2705 juris
1674 2663 1822 2699 obscuri,
1843 2666 1877 2697 ὃς
1898 2667 2055 2698 intricati,
2078 2665 2247 2696 secundum

1257 2708 1483 2740 Innocentium
1503 2709 1536 2737 in
1553 2715 1616 2747 cap.
1627 2709 1689 2740 Per
1706 2715 1794 2741 tuas,
1816 2709 1842 2739 il
1866 2719 1893 2739 2.
1901 2706 1938 2739 de
1953 2710 2069 2740 Simon.
2080 2718 2133 2740 aut
2147 2709 2246 2740 credit

1259 2749 1335 2782 illud
1352 2749 1408 2780 esse
1418 2749 1465 2790 jus
1482 2750 1612 2781 dubium
1621 2749 1710 2782 sicuti
1728 2751 1788 2784 est,
1808 2752 1843 2783 &
1859 2759 1935 2782 tunc
1944 2751 2073 2782 dubium
2095 2751 2172 2793 juris
2194 2751 2248 2782 ab·

1260 2792 1395 2826 solutum
1408 2794 1649 2826 concurritcum
1669 2794 1764 2825 dubio
1771 2793 1924 2834 personae,
1946 2803 2020 2825 cum
2039 2804 2104 2836 quo
2124 2794 2247 2836 operari

1261 2846 1326 2867 non
1349 2835 1420 2868 licet
1437 2835 1548 2877 absque
1572 2845 1719 2877 peccato,
1740 2845 1774 2868 ut
1795 2835 1931 2869 fatentur
1940 2837 2036 2868 iidem
2058 2837 2190 2871 Suatez,
2213 2837 2247 2868 &

1260 2878 1419 2911 Sanchez.
1443 2878 1512 2911 Imo
1528 2879 1647 2912 etiamsi
1657 2879 1706 2921 jus
1730 2879 1912 2915 succuum,
1933 2881 1967 2913 δέ
1981 2880 2118 2915 clarum,
2138 2881 2251 2920 &quis

1260 2931 1403 2963 operetur
1420 2919 1589 2954 secundum
1600 2923 1675 2953 illud
1696 2932 1703 2954 :
1725 2931 1831 2954 tamen
1842 2924 1863 2956 si
1873 2924 2019 2964 opinetur
2033 2924 2092 2955 effe
2100 2923 2228 2958 dubium
2238 2943 2248 2957 ,

1262 2974 1369 3007 peccat
1388 2975 1513 3006 propter
1521 2964 1747 2997 conscientiam
1764 2975 1947 3001 erroneam,
1970 2968 2003 2998 δε
2023 2965 2248 3008 scrupulosam,

1262 3019 1296 3040 ut
1306 3008 1346 3040 est
1356 3017 1458 3040 textus
1475 3007 1645 3040 secundum
1655 3018 1765 3040 verum
1775 3028 1785 3044 ,
1800 3011 1832 3041 &
1844 3019 2045 3041 communem
2055 3008 2248 3042 intellectum

1263 3051 1297 3084 in
1306 3051 1429 3083 d.c.Per
1436 3060 1515 3085 tuas,
1524 3061 1560 3082 ex
1569 3061 1633 3093 quo
1644 3051 1727 3083 Butr.
1739 3052 1859 3093 colligit
1868 3054 1901 3084 in
1915 3061 2005 3092 3.not.
2018 3063 2143 3094 peccare
2155 3062 2249 3093 agen-

1263 3103 1328 3127 tem
1348 3103 1459 3126 contra
1481 3094 1707 3127 conscientiam
1727 3094 1931 3137 scrupulosam
1947 3098 2043 3128 etiam
2062 3098 2249 3127 erroneitate

1264 3137 1355 3180 jutis.
1377 3137 1460 3178 Ergo
1481 3137 1690 3179 multomagis
1711 3148 1836 3179 peccat,
1858 3139 1879 3170 st
1896 3148 1960 3170 non
1971 3139 2068 3171 solum
2089 3139 2249 3171 conscien-

1265 3183 1326 3215 tia,
1349 3179 1397 3213 sed
1418 3181 1571 3222 etiamjus
1592 3181 1692 3222 ipsum
1702 3181 1738 3213 sit
1759 3181 1907 3217 dubium,
1927 3184 2002 3224 quia
2018 3185 2050 3214 in
2062 3185 2163 3224 primo
2178 3182 2250 3215 casu

1265 3225 1330 3265 agit
1348 3233 1459 3255 contra
1479 3223 1723 3259 conscientiam,
1745 3234 1813 3266 quae
1832 3225 1925 3257 dubia
1940 3226 2000 3261 est,
2022 3225 2070 3258 sed
2087 3235 2151 3258 non
2171 3235 2247 3257 con-

1265 3276 1314 3299 tta
1337 3267 1456 3307 legem,
1477 3277 1545 3309 quae
1565 3267 1600 3300 in
1621 3267 1648 3299 se
1669 3268 1710 3299 est
1730 3269 1812 3300 clara
1827 3290 1834 3298 .
1856 3268 1900 3301 At
1920 3268 1954 3300 in
1978 3280 2004 3301 2.
2028 3268 2100 3301 cum
2120 3268 2248 3301 dubium

1267 3310 1367 3351 surgat
1377 3319 1413 3340 ex
1426 3320 1556 3352 utroque
1565 3313 1666 3351 capite
1675 3330 1686 3345 ,
1709 3311 1774 3351 agit
1784 3321 1848 3343 non
1859 3310 1957 3344 solum
1970 3322 2079 3346 contra
2088 3310 2249 3344 conscien-

1267 3355 1362 3387 tiam,
1387 3355 1434 3385 led
1456 3356 1552 3385 etiam
1571 3363 1682 3386 contra
1702 3355 1801 3396 legem
1818 3375 1828 3390 ,
1849 3364 1883 3386 ut
1903 3356 2035 3388 declarat
2056 3355 2086 3387 S.
2109 3353 2250 3387 Thomas

1267 3395 1396 3434 quodlib.
1410 3395 1536 3438 3.quaest.
1551 3405 1664 3428 12.art.
1680 3399 1767 3435 ηαδ(
1779 3396 1908 3436 quodlib.
1918 3402 1946 3431 8.
1955 3408 2015 3430 art.
2032 3396 2249 3439 13.Qamob-

1268 3450 1332 3473 rem
1349 3439 1454 3473 Petrus
1471 3441 1508 3474 de
1524 3439 1624 3473 Lorca
1641 3442 1672 3472 in
1700 3451 1723 3473 ι.
1749 3454 1775 3475 :-
1798 3440 1905 3484 disput.
1919 3446 1964 3484 38.
1987 3441 2111 3474 mcmbr.
2125 3451 2150 3471 2.
2172 3442 2249 3472 dicit

2127 3483 2207 3516 hanc

2262 1679 2323 1702 21²

2273 2890 2330 2922 213
