2397 3664
216 86 319 140 5²4

140 154 192 187 fed
211 154 334 186 tantum
349 149 435 185 asuis
450 149 665 191 Superioribus
683 144 910 186 RegularibuS.
933 142 972 177 Et
989 144 1023 173 in
1040 141 1130 174 causa

139 198 308 229 Hieracen.
318 195 368 228 die
383 205 429 234 ¹4·
440 191 623 225 Decembris
635 191 724 228 1613.
735 186 855 221 censuit
864 187 897 217 in
907 185 1052 220 Ecclesiis
1059 183 1130 218 suo-

139 251 209 272 rum
219 239 378 272 Ordinuni
393 237 610 269 Praedicatores
618 231 727 264 debete
747 228 831 271 prius
841 228 870 261 se
885 228 1039 274 Episcopo
1055 237 1131 269 prae-

139 283 277 318 sentare,
298 283 335 314 ab
345 290 443 323 eoque
462 286 562 320 petere
583 272 839 307 benedictionem
855 283 862 303 ε
880 271 901 304 fi
921 269 997 303 vero
1005 271 1041 303 in
1061 271 1130 302 aliis

139 325 286 358 Ecclesi‘is
297 325 459 366 praedicare
467 319 635 353 voluerint,
645 320 743 352 etiam
751 317 912 349 licentiam
922 315 1033 348 habere
1043 323 1131 347 tene-

141 372 184 401 ri.
207 368 417 401 Nulloautem
435 364 530 395 modo
539 361 693 403 Episcopo
713 359 950 392 contradicente
968 358 1130 399 praedicare

141 414 251 445 debere
270 434 278 444 .
299 406 458 443 caeterum
480 416 545 437 non
567 404 648 446 poffe
668 405 706 439 ab
726 402 879 446 Episcopo
900 401 1058 443 prohiberi
1080 409 1132 440 per

138 455 303 489 censui-as,
324 450 500 492 atquealias
518 457 642 490 poenas,
663 443 953 493 quemadmodum,
976 443 1133 476 sicontra-

139 498 288 532 fecerint,
311 494 376 527 non
386 495 424 525 ab
432 492 601 537 Episcopo,
623 490 672 526 sed
689 489 778 523 asuis
791 489 1006 533 Superioribus
1025 486 1133 528 Regu-

141 542 256 576 laribus
277 539 332 573 effe
341 538 535 583 puniendos.

183 582 405 624 Qiamobrem
419 582 452 616 in
470 581 538 612 vim
558 577 703 612 Concilii
722 577 907 610 Tridentini
924 572 1057 607 minime
1080 584 1134 615 po-

140 625 242 660 tuillet
260 624 449 658 Ordinarius
466 623 748 665 Angelopolitanus
765 619 927 663 prohibere
938 618 990 650 sub
1008 626 1135 649 excom-

138 669 369 704 municationis
377 669 445 700 latae
455 667 613 699 sententiae
624 676 716 710 poena
726 662 894 705 Religiosis
915 659 1136 702 SocietatisJe-

140 714 173 748 su
194 734 204 748 ,
232 713 287 754 qui
307 721 372 744 non
395 714 569 744 docuerunt
592 709 620 741 se
650 707 825 750 hujusmodi
847 706 1105 747 approbationem
1125 722 1136 738 ,

141 768 177 789 ac
187 757 351 789 licentiam
359 754 543 789 obtinuisse,
564 763 599 785 ut
615 750 884 785 aconseslionibus
899 749 1082 781 audiendis,
1103 747 1137 778 &

142 800 364 842 praedicatione
383 798 470 832 verbi
488 797 553 833 Dei
567 796 770 831 abstinerent3
791 794 871 825 &ab
892 792 950 823 hac
974 789 1136 822 manifesta

142 844 278 886 injuria,
300 842 497 877 &violentia
515 840 647 872 licuisset
656 840 701 871 eis
719 839 757 868 ad
768 834 944 869 remedium
961 832 1138 866 Conserva-

140 896 247 920 torum
263 885 433 927 confugere
444 906 453 919 ,
475 894 507 915 ut
525 891 590 924 cap.
605 892 630 914 1.
641 880 678 914 (ῥ’
692 879 748 922 fin.
759 879 796 911 de
815 879 905 921 Offic.
918 878 1027 915 Deleg.
1043 874 1097 908 lib.
1107 879 1137 907 6.

146 930 308 964 Dicuntur
317 932 403 963 enim
413 927 657 960 conservatores
667 933 778 956 contra
788 924 928 955 notorias
938 920 1069 960 iniurias
1081 918 1140 950 ser-

143 984 289 1008 vatores,
311 982 345 1005 ut
360 973 465 1014 inquit
481 969 610 1002 Atcliid.
626 970 660 1000 in
675 966 741 1000 d-c.
756 975 782 999 ι.
800 975 882 997 num.
897 973 922 997 1.
944 963 1090 996 Tabiena
1105 964 1139 995 in

145 1028 213 1050 ver.
223 1020 250 1050 C
252 1015 433 1057 onservator
441 1017 474 1046 in
483 1015 582 1054 princ.

183 1060 244 1093 Sed
252 1059 351 1101 postea
371 1056 548 1099 supervenit
565 1054 762 1088 Constitutio
771 1052 918 1094 Gregorii
940 1051 1012 1083 XV.
1023 1049 1141 1091 Inseru-

144 1104 236 1136 tabili
249 1104 310 1135 Dei
318 1100 516 1141 providentia
525 1120 535 1134 ‚
556 1099 726 1139 compilata
736 1098 771 1129 in
780 1096 872 1129 Sacra
881 1093 1139 1136 congregatione

144 1146 290 1180 Concilii
300 1166 311 1180 ,
331 1155 398 1186 qus:
409 1144 519 1176 tribuit
529 1141 712 1175 facultatem
722 1140 876 1181 Episcopo
890 1147 1042 1179 tanquam
1053 1136 1142 1168 Sedis

143 1189 327 1231 Apostolicae
338 1188 492 1230 Delegato
500 1186 685 1219 coercendi,
693 1195 728 1216 ac
741 1184 894 1225 puniendi
903 1183 999 1213 etiam
1008 1190 1060 1222 per
1069 1189 1143 1211 cen—

144 1234 226 1266 suras
236 1231 461 1265 Ecclesiasticas
473 1229 644 1271 Regulares
666 1228 883 1268 delinquentes
895 1227 928 1256 in
947 1223 1143 1256 administra-

143 1278 232 1310 tione
252 1275 385 1315 alicujus
408 1274 622 1307 Sacramenti,
644 1273 678 1304 δι’.
700 1272 829 1303 verbum
839 1269 903 1301 Dei
921 1269 1142 1310 praedicantes,

144 1330 211 1353 non
222 1321 319 1362 petita
328 1339 339 1354 ,
349 1318 397 1350 vel
410 1318 516 1350 habita
526 1315 669 1358 Episcopi
679 1312 900 1347 benedieiione
909 1333 918 1347 ,
929 1321 981 1343 aut
994 1310 1058 1351 ipso
1066 1319 1143 1341 con-

146 1365 322 1397 tradicente
340 1373 348 1393 ι
366 1362 555 1403 &quamvis
573 1360 637 1391 haec
647 1356 973 1391 Constitutiodicatui·
990 1353 1076 1385 fuisse
1086 1351 1145 1384 sus-

144 1406 239 1450 pensa
250 1407 284 1438 in
294 1405 447 1447 Hispania
457 1414 507 1446 pet
518 1403 615 1435 Breve
627 1398 949 1434 sandk.mcm.Urbani
958 1394 1144 1428 VIII-trans-

146 1451 272 1482 missum
290 1451 328 1481 ad
349 1449 389 1480 D.
407 1446 614 1480 Cardinalem
636 1445 818 1477 Sachettum
832 1453 907 1474 tunc
929 1439 1080 1482 temporis
1102 1439 1146 1470 ibi

143 1493 344 1528 NuntiumA
368 1492 553 1527 ostollcum3
574 1491 611 1521 de
625 1489 684 1520 hoc
706 1497 814 1519 tamen
827 1496 891 1517 non
908 1485 1003 1525 liquet
1013 1483 1145 1514 authen-

146 1537 258 1572 tice,&
267 1535 341 1568 Con
368 1537 463 1567 itutio
472 1533 747 1575 Gregoriidicitiit
758 1539 881 1571 recepta
893 1531 925 1560 in
937 1526 1146 1561 Indiis‚etiam

144 1591 183 1613 ex
194 1582 305 1612 ordine
324 1579 446 1620 Regio.
468 1576 567 1609 Unde
586 1585 652 1607 non
663 1575 787 1606 videtur
805 1572 1047 1613 ambigendum,
1067 1568 1147 1610 quin

149 1623 321 1666 Episcopus
337 1621 619 1664 Angelopolitanus
641 1620 675 1651 in
697 1619 764 1649 vim
787 1616 878 1656 hujus
899 1613 1147 1647 Constitutionis

145 1669 284 1711 potuerit
295 1666 345 1698 sub
354 1664 491 1698 censuris
502 1663 664 1705 prohibere
676 1660 818 1694 Patribus
829 1659 995 1691 Societatis
1005 1677 1014 1692 ,
1023 1666 1063 1688 ne
1071 1665 1148 1687 con-

145 1711 288 1743 fessiones
299 1709 490 1742 saeciilarium
498 1708 653 1741 audirent,
665 1714 719 1737 aut
730 1704 860 1738 verbum
870 1701 933 1733 Dei
945 1701 1148 1743 praedicatent

147 1754 203 1789 abs
223 1764 259 1786 ue
270 1753 320 1785 sua
329 1753 573 1794 approbatione,
595 1750 788 1782 aclicentia.

186 1765 298 1839 lgeque
310 1796 409 1828 obstat
421 1816 431 1830 ,
451 1795 538 1837 quod
550 1804 586 1825 ex
597 1795 722 1825 decreto
743 1789 1051 1832 S-Congtegationis
1063 1785 1148 1828 Epis-

145 1851 317 1883 coporum,
339 1842 372 1873 &
392 1839 599 1881 Regularium
609 1839 697 1869 edito
719 1836 769 1867 die
782 1846 831 1867 20.
844 1833 1038 1865 Novembris
1060 1835 1149 1868 1615.

147 1885 317 1927 Episcopus
339 1894 404 1915 non
428 1882 564 1924 potuerit
585 1881 707 1913 duobus
729 1880 861 1920 integris
883 1875 1038 1916 Collegiis
1059 1872 1148 1906 simul

147 1929 284 1962 adimere
301 1927 482 1959 facultatem
501 1922 852 1957 audiendisaeculatium
872 1915 1152 1957 confemonesipsa

84 1983 124 2012 29
146 1972 406 2013 congregatione
417 1967 908 2001 inconsulta:etenimdecretum
930 1962 991 1994 hoc
1000 1962 1153 1993 exinten-

149 2017 248 2048 tionis
259 2013 384 2046 defectu
399 2023 463 2045 non
473 2013 597 2044 videtur
614 2011 742 2042 extendi
753 2010 791 2040 ad
811 2005 1030 2039 remotissimas
1047 2004 1153 2035 India-

79 890 118 921 26

79 1069 118 1100 ²7

80 1802 120 1834 28

149 2069 221 2092 rum
232 2067 333 2100 partes
343 2078 353 2091 ‚
377 2058 415 2088 ad
425 2065 545 2088 textum
553 2057 586 2086 in
603 2062 668 2094 cap.
679 2050 759 2086 Cion
774 2050 918 2091 longb63.
929 2046 999 2090 dist.
1012 2048 1058 2080 Ac
1079 2056 1154 2089 prae-

149 2101 234 2135 terea
243 2102 301 2133 hoc
315 2100 386 2132 casu
395 2099 584 2131 Ordinarius
593 2108 659 2129 non
669 2097 786 2128 ademit
809 2094 991 2126 facultatem
1004 2089 1154 2123 audiendi

150 2143 375 2180 confessiones,
400 2142 449 2175 sed
460 2141 584 2175 tantum
594 2139 773 2182 prohibuit,
795 2148 834 2169 ne
847 2137 914 2169 illas
934 2136 1078 2167 audirent
1091 2133 1154 2165 Re-

153 2188 274 2231 ligiosi,
295 2189 351 2230 qui
369 2185 629 2228 approbationem
652 2193 717 2215 non
739 2181 961 2215 obtinuissent3
984 2177 1123 2218 jussitque
1144 2196 1154 2211 ,

151 2244 189 2266 ut
212 2234 259 2263 vel
269 2232 487 2264 ostenderent,
509 2229 556 2260 vel
580 2236 718 2269 peterent
733 2226 897 2258 licentias,
919 2232 996 2264 quas
1014 2218 1154 2262 prompte

87 2287 127 2321 30
148 2277 176 2310 sc
195 2279 343 2308 daturum
363 2274 479 2306 obtulit
497 2293 507 2308 ,
528 2281 563 2304 ut
584 2273 617 2303 in
640 2269 778 2312 processu
796 2290 803 2298 .
826 2267 865 2299 Et
886 2276 924 2297 ex
947 2265 1007 2296 lioc
1029 2264 1152 2295 tollitur

154 2323 251 2352 etiam
268 2320 351 2350 aliud
369 2315 530 2357 objeolmtn
543 2335 554 2350 2
573 2312 660 2356 quod
678 2311 848 2354 Episcopus
869 2320 906 2340 ex
915 2311 1043 2340 decreto
1064 2305 1157 2348 ipsius

154 2363 425 2404 Congtcgationis
448 2369 514 2393 non
536 2359 673 2401 poruetit
708 2354 887 2396 suspendere
909 2350 1120 2384 Confessar'ios
1141 2349 1159 2379 a

159 2408 186 2439 se
210 2406 302 2438 libere
324 2405 510 2446 approbatos
532 2402 595 2434 sine
617 2409 702 2432 nova
722 2397 813 2430 causa
828 2417 838 2431 ‚
860 2404 956 2437 eaque
979 2395 1019 2425 ad
1040 2391 1159 2426 confes-

158 2451 258 2484 siones
281 2451 456 2491 pertinente
474 2468 481 2476 .
512 2444 683 2487 Qioniam
706 2442 897 2475 Ordinatius
919 2439 979 2470 hoc
1001 2435 1073 2469 casu
1094 2445 1163 2466 non

163 2494 316 2535 suspendit
337 2490 549 2523 Confeffarios
566 2488 630 2531 jam
640 2486 846 2529 approbatos,
868 2483 918 2514 sed
937 2482 1061 2513 tantum
1077 2478 1161 2510 inlii-

98 2548 133 2580 31
159 2538 245 2571 buit,
270 2545 308 2567 ne
327 2533 533 2568 consessiones
543 2531 687 2564 audirent
706 2539 771 2561 non
790 2527 972 2569 approbati.
995 2524 1099 2564 Atque
1117 2523 1162 2569 ita

164 2582 286 2612 videtur
306 2578 403 2610 solum
421 2576 604 2609 executioni
621 2572 818 2606 demandasse
840 2572 1001 2602 decretum
1019 2565 1164 2599 Concilii

165 2627 198 2656 in
209 2626 275 2655 vim
288 2622 444 2654 facultatis
456 2620 511 2653 sibi
522 2619 678 2651 attributae
698 2619 732 2648 in
744 2615 904 2658 ptaecitata
920 2611 1008 2644 Bulla
1015 2609 1163 2650 Gregorii

165 2667 236 2698 XV.
248 2670 279 2699 &
290 2666 347 2698 lioc
358 2664 457 2706 posito
467 2663 585 2695 nullam
594 2661 669 2693 fecit
680 2659 847 2701 injuriam,
869 2656 945 2698 quia
962 2664 989 2687 is
1000 2675 1010 2689 ,
1031 2653 1086 2694 qui
1100 2660 1164 2691 lure

169 2711 293 2752 publico
303 2712 401 2741 utitur
412 2728 423 2743 ,
445 2717 511 2739 non
521 2703 767 2746 diciturinjutiae
785 2701 935 2734 saciendae
943 2697 1034 2731 causa
1051 2697 1110 2727 hoc
1121 2693 1166 2726 fe-

168 2754 257 2788 c'ifl'e3
281 2752 354 2794 1uris
363 2753 449 2782 enim
467 2749 612 2782 executio
621 2757 686 2780 non
704 2746 796 2778 habet
808 2745 956 2786 injuriam
969 2762 979 2776 ‚
1000 2741 1079 2772 dicit
1100 2747 1166 2770 tex-

171 2807 220 2829 tus
232 2799 262 2826 in
273 2796 483 2833 l.l›11uriarum
494 2814 505 2829 ,
514 2789 708 2834 laprima,ffi
719 2791 770 2822 De
779 2787 903 2826 injuriis
914 2797 923 2824 ·,
934 2788 965 2818 &
976 2782 1167 2824 consequen-

170 2850 218 2873 ter
230 2849 293 2870 non
303 2840 423 2869 videtur
438 2837 554 2870 licuisse
566 2835 707 2868 Patribus
729 2831 895 2865 Societatis
907 2831 948 2862 ob
965 2838 1035 2860 eam
1045 2824 1169 2859 causam

173 2883 259 2926 quasi
270 2893 286 2912 a
297 2880 464 2912 manifestis
475 2880 600 2923 injuriis
612 2877 859 2911 conservatores
869 2874 998 2915 eligere.

215 2924 344 2970 (Quibus
365 2926 504 2958 accedit,
525 2923 608 2964 quod
626 2932 662 2954 ex
672 2921 791 2953 duobus
807 2914 1088 2950 Conservatoribus
1109 2912 1170 2944 ele-

177 2969 320 3002 &isalter
333 2965 391 2998 fuit
401 2965 685 2997 PriorConventus
704 2964 733 2996 S.
746 2962 915 2995 Dominici
935 2971 942 2990 :
961 2968 1037 2990 nam
1051 2955 1105 2988 etsi
1117 2955 1171 2987 ubi

178 3024 243 3046 non
251 3011 321 3044 sunt
334 3010 449 3049 judices
460 3009 623 3053 Synodales
634 3029 644 3043 ‚
661 3010 737 3040 utin
748 3004 871 3038 dioecesi
890 3001 1171 3044 Angelopolitana,

178 3056 289 3100 possint
300 3055 376 3094 eligi
393 3050 794 3083 Conservatoresliabentes
818 3048 1006 3090 dignitatem
1019 3047 1051 3075 in
1067 3042 1172 3074 Colle-

180 3104 264 3142 giata
275 3095 411 3130 Ecclesia
421 3116 431 3130 ‚
440 3097 478 3126 ad
489 3095 697 3135 praesct'iptum
707 3092 736 3125 d.
746 3090 926 3135 cap-finalis
936 3088 973 3120 de
983 3085 1172 3129 offic-Deleg-

177 3144 260 3177 Μία).
273 3152 306 3173 ut
317 3141 384 3171 Sac.
393 3137 514 3179 Congr.
525 3135 665 3168 Concilii
676 3137 863 3172 declaravit,
877 3135 910 3166 &
922 3132 1009 3165 Prior
1021 3128 1174 3161 Conven-

184 3188 276 3220 tualis
292 3186 415 3216 dicatur
431 3181 542 3213 habere
564 3181 751 3220 dignitatem
770 3182 802 3210 ‘in
820 3177 954 3210 Ecclesia
975 3172 1174 3214 Collegiata3

185 3233 315 3270 ideoque
327 3225 414 3268 possit
425 3225 481 3256 esse
491 3234 554 3255 non
565 3222 660 3254 modo
670 3222 758 3264 judex
771 3221 958 3261 Delegatus,
970 3227 1002 3250 iit
1013 3217 1054 3248 esi
1064 3216 1175 3261 text-in

188 3273 290 3305 Clcm.
304 3271 375 3302 2.de
393 3267 531 3309 rescript.
543 3268 574 3298 δέ
594 3274 682 3296 notat
701 3265 794 3295 Felin.
807 3265 868 3304 post
879 3263 957 3295 alios
978 3264 1011 3293 in
1022 3267 1085 3300 cap.
1097 3261 1176 3291 Cum

189 3318 263 3348 olim
274 3325 353 3345 num.
361 3323 386 3345 1.
395 3311 431 3344 de
440 3310 549 3349 major.
559 3310 595 3343 Φ
606 3306 685 3341 obed.
698 3307 745 3337 sed
755 3308 850 3337 ctiam
861 3305 1071 3337 Conservator
1079 3323 1088 3337 ,
1099 3311 1132 3333 ut
1143 3301 1176 3332 in

190 3362 220 3391 d.
230 3357 332 3390 Clem.
341 3368 365 3387 2.
379 3357 503 3387 firmant
513 3353 607 3396 glossa
616 3354 648 3383 in
659 3361 724 3382 ver.
738 3349 903 3387 Delegatus
914 3369 922 3383 ,
932 3348 1021 3379 lniol.
1032 3355 1133 3385 ›tu-30.
1142 3346 1175 3376 ὅ(

191 3403 287 3433 Vital.
299 3412 346 3431 nu.
360 3409 404 3439 37.
416 3398 556 3430 Tabiena
566 3399 599 3428 in
619 3405 684 3427 ver.
696 3391 904 3432 Conservator
921 3394 946 3427 §.
959 3403 985 3421 2.
996 3399 1102 3421 tamen
1113 3397 1178 3419 non

192 3445 300 3478 desunt
310 3445 362 3484 qui
373 3442 546 3482 oppositum
566 3440 718 3471 sentiant,
741 3445 774 3467 ut
786 3435 942 3466 Antonius
959 3436 995 3464 de
1008 3433 1090 3465 Butr.
1101 3432 1179 3463 rela-

193 3499 244 3523 tus
261 3486 409 3529 perimol.
421 3486 480 3518 loco
495 3487 608 3521 timeo,
629 3483 662 3517 &c
682 3476 845 3515 novissime
863 3476 1004 3511 Thomas
1022 3475 1179 3512 §ancli-in

112 2940 149 2972 32-

117 3157 154 3190 33

508 61 690 136 Prosp.
702 60 938 132 Fagnan.
947 59 1005 115 in
1015 57 1263 114 Primum
1278 54 1509 114 Librum
1522 14 1803 114 Decretal.

1167 142 1354 181 Dec-zlogum
1362 149 1466 172 tom-2.
1475 137 1560 172 lib.6.
1568 150 1592 171 c.
1606 148 1617 170 1
1625 149 1651 180 3.
1662 149 1765 177 nu.79.
1777 141 1856 171 Item
1864 149 2019 180 quaetente
2027 141 2160 176 Archie-

1168 184 1294 228 piscopo
1303 182 1497 217 Turritano,
1516 192 1557 215 an
1565 181 1738 224 Regulares
1753 182 1846 216 unius
1853 180 2060 220 Conventus,
2080 186 2157 219 Mo-

1169 228 1291 259 nastetii
1301 246 1310 259 ‚
1319 226 1370 257 vel
1381 225 1506 257 Domus
1514 245 1525 261 ,
1536 226 1674 267 aliquem
1681 225 1820 258 Priorem
1829 246 1840 261 ,
1862 225 1914 258 seu
1923 225 2137 261 Guardianum
2146 249 2157 264 ,

1169 270 1218 302 vel
1228 270 1372 311 quemvis
1383 269 1482 301 alium
1490 268 1602 309 quavis
1612 268 1768 310 dignitate
1780 268 1930 310 Regulari
1942 267 2114 310 fulgentem
2125 274 2159 303 in

1171 313 1260 345 suum
1267 310 1531 360 Conservatorem
1546 311 1679 354 eligere,
1699 312 1747 344 vel
1757 313 1904 354 deputare
1914 311 2025 353 poffint
2044 322 2052 343 :
2068 312 2160 346 Sacra

1170 355 1388 397 congregatio
1395 353 1616 387 Cardinalium
1624 357 1760 397 negotiis
1768 354 1976 396 Regularium
1985 354 2161 396 praeposito-

1171 409 1241 431 turn
1249 408 1316 431 non
1327 398 1408 439 poss’e
1425 397 1583 438 respondit
1593 418 1603 433 ,
1621 397 1733 431 Romae
1742 402 1772 430 6.
1783 397 1932 431 OStobris
1945 402 2034 436 1617.

1214 442 1273 474 Sed
1282 442 1435 483 quidquid
1451 440 1534 472 sitde
1556 439 1679 476 Priore,
1700 441 1777 473 alter
1786 441 1902 473 eleetus
1912 441 1946 473 in
1954 440 2165 473 Conservato-

1173 496 1239 517 rem
1255 485 1314 517 fuit
1323 483 1476 516 diffinitor
1485 482 1658 516 Provinciae
1668 484 1803 526 ejusdem
1813 484 1945 516 Ordinis
1966 484 1995 516 S.
2010 483 2161 516 Domini-

1174 532 1203 560 ei
1223 539 1278 569 pro
1295 526 1446 569 Capitulo
1463 527 1630 563 Generali,
1651 529 1706 568 qui
1722 529 1842 560 nullam
1863 527 1954 560 habet
1975 528 2164 568 dignitatem

1174 571 1436 606 Ecclesiasticam,
1456 570 1579 613 ejusque
1596 571 1770 603 authoritas
1793 572 1873 603 ultra
1888 572 1995 603 decem
2012 572 2078 602 dies
2099 580 2165 602 non

1174 616 1371 648 extenditur,
1394 624 1428 646 ut
1436 615 1470 646 in
1491 613 1780 646 Constitutionibus
1790 614 1921 646 Ordinis
1935 612 2004 654 dist.
2016 625 2042 645 2.
2059 621 2123 654 cap.
2135 623 2165 651 9.

1174 660 1283 708 littera
1293 659 1332 689 G.
1343 654 1381 690 (ῥ’
1390 660 1416 695 §.
1426 666 1455 696 7.
1468 658 1603 698 Ideoque
1623 660 1655 690 in
1665 656 1928 690 conservatorem
1943 658 2017 698 eligi
2028 667 2093 689 non
2111 656 2167 698 po'·

1175 711 1254 752 tuit,
1275 710 1308 733 ut
1316 703 1349 750 ira
1365 700 1437 732 dist.
1449 708 1513 741 cap.
1523 699 1584 742 fin.
1593 700 1630 732 de
1650 701 1741 742 Offic.
1754 702 1862 740 Deleg.
1873 698 1927 733 lib.
1938 706 1967 732 6.
1980 699 2068 732 Licet
2085 700 2168 742 gesta

1177 745 1256 776 forte
1271 743 1415 792 *sustineri
1425 744 1542 784 possent
1559 755 1595 775 ex
1605 744 1732 785 persona
1748 745 1875 776 alterius
1885 744 2020 785 legitimi
2028 742 2166 775 Conser-

1177 798 1294 820 vatoris
1304 807 1315 822 ,
1340 786 1361 818 si
1372 788 1466 818 ambo
1474 785 1596 819 fuissent
1605 788 1745 828 deputati
1755 789 1789 819 in
1803 787 1934 820 solidum
1942 807 1953 822 ,
1973 795 2005 818 ut
2014 793 2077 826 cap.
2087 785 2168 819 ciam

1176 833 1277 873 plures
1287 828 1389 877 eodem
1396 832 1448 862 tit.
1459 828 1497 862 ό·
1505 828 1558 862 lib.
1568 831 1615 861 vel
1628 840 1702 862 cum
1713 830 1846 862 clausula
1854 850 1864 865 ,
1884 828 1977 875 Qod
1991 829 2090 873 sinon
2107 840 2169 860 om·

1178 887 1249 910 nes,
1271 879 1335 906 &c-
1344 882 1376 905 ut
1391 880 1455 913 cap.
1465 872 1638 914 Suscitatus
1653 875 1691 905 de
1707 873 1844 915 rescript.
1855 873 1929 905 licet
1947 872 1983 904 sit
2005 881 2169 914 argumen-

1178 928 1247 951 tum
1258 927 1368 950 contra
1377 918 1411 948 in
1421 924 1484 956 cap.
1496 914 1746 958 Maffimaficpra'
1753 916 1791 948 de
1800 916 1884 948 eleis.

1221 959 1366 1002 Amplius
1382 970 1419 991 ex
1438 959 1675 991 Constitutione
1697 959 1854 992 Bonifacii
1871 959 1957 991 V111.
1968 961 2002 991 in
2020 959 2178 1001 praecitato
2201 966 2234 999 33

1179 1013 1243 1045 cap.
1246 1003 1306 1047 fin.
1317 1004 1464 1036 statutum
1474 1003 1515 1035 est
1524 1024 1534 1038 ‚
1558 1013 1592 1035 ut
1602 1002 1847 1035 Conservatores
1857 1003 1937 1035 ultra
1949 1012 2045 1035 unam
2055 1003 2173 1035 dietam

1179 1049 1300 1090 aliquos
1317 1046 1406 1079 asine
1423 1046 1605 1078 dioecesium
1622 1056 1731 1078 eorum
1752 1047 1873 1079 trahere
1889 1057 1954 1079 non
1972 1045 2173 1088 praesumant.

1181 1092 1232 1124 Isti
1241 1100 1347 1123 autem
1358 1089 1604 1122 Conservatores
1616 1091 1822 1131 processerunt
1840 1092 1874 1123 in
1883 1092 2013 1123 civitate
2031 1089 2176 1121 Mexica-

1181 1145 1223 1168 na
1232 1144 1343 1167 contra
1355 1133 1542 1174 Episcopum
1553 1133 1853 1175 Angelopolitanum
1862 1154 1872 1168 ,
1893 1134 1982 1175 cujus
1991 1131 2174 1165 dioecesisfi-

1181 1188 1236 1209 nes
1245 1177 1353 1210 distare
1362 1177 1511 1209 dicuntur
1527 1177 1543 1208 a
1553 1177 1684 1209 Mexico
1702 1187 1754 1218 per
1762 1178 1929 1209 duodecim
1948 1178 2069 1211 leucas,
2090 1177 2123 1208 &
2132 1174 2174 1207 sic

1183 1222 1263 1253 ultra
1272 1231 1368 1269 unam
1377 1222 1511 1253 dietam.
1534 1220 1573 1252 Et
1583 1222 1728 1262 quamvis
1750 1221 1783 1252 in
1794 1219 1848 1252 suo
1867 1219 2128 1254 edietoafferant‚
2149 1217 2177 1250 se
2202 1221 2238 1259 36

1183 1265 1244 1296 hoc
1254 1263 1355 1296 fecisse
1366 1263 1399 1296 in
1410 1265 1477 1296 vim
1488 1262 1741 1308 'Constitutionis
1749 1263 1843 1305 Greg.
1853 1263 1941 1297 XIII.
1951 1273 2019 1305 quae
2034 1263 2175 1295 extendit

1184 1307 1366 1355 facultatem
1375 1305 1641 1339 Conservatoriim
1653 1309 1691 1339 ad
1700 1317 1762 1339 tres
1771 1308 1870 1339 dietas
1881 1318 1888 1338 ι
1899 1316 2004 1339 tamen
2014 1306 2079 1338 haec
2088 1304 2178 1338 Con-

1184 1351 1305 1383 stitutio
1315 1349 1431 1382 sublata
1441 1350 1480 1381 est
1492 1360 1543 1391 pet
1553 1350 1674 1382 Bullam
1685 1351 1883 1392 posteriorem
1903 1350 2051 1391 Gregorii
2060 1349 2132 1380 XV.
2142 1347 2180 1379 de

1184 1391 1459 1444 Conservatorc'bus
1477 1394 1503 1430 §.
1518 1403 1565 1425 11.
1584 1394 1635 1425 ubi
1653 1395 1825 1436 Gregorius
1847 1396 1980 1426 innovat
2001 1390 2189 1434 praedidkam'

1185 1436 1457 1470 Constitutionem
1468 1435 1624 1469 Bonifacii
1634 1437 1757 1469 VlII.in
1768 1439 1916 1470 omnibus
1924 1457 1934 1472 ,
1943 1446 2011 1478 quae
2022 1435 2079 1468 suae
2090 1433 2182 1467 Con-

1186 1481 1342 1514 stitutioni
1351 1479 1674 1514 non—adversantur&
1683 1483 1849 1513 contrariis
1858 1479 2031 1522 privilegiis
2041 1480 2180 1519 derogat.

1229 1524 1278 1557 Ad
1299 1533 1475 1555 extremum
1496 1543 1507 1558 ,
1534 1524 1724 1556 excesserunt
1746 1523 1794 1556 isti
1823 1523 2069 1556 conservatores
2089 1523 2188 1553 etiarn
2209 1527 2249 1562 37

1189 1570 1222 1600 in
1243 1569 1355 1600 ordlne
1374 1568 1581 1609 procedendi3
1600 1567 1675 1609 quia
1696 1566 1750 1600 etsi
1771 1567 1957 1609 generaliter
1972 1565 2185 1598 Conservato-

1187 1621 1235 1644 res
1248 1610 1455 1652 Regularium
1466 1609 1577 1651 possint
1585 1612 1631 1642 uti
1642 1610 1777 1642 censuris
1787 1631 1797 1645 ,
1818 1612 1915 1642 etiam
1924 1619 2034 1642 contra
2057 1608 2183 1650 Episco-

1189 1665 1244 1697 pos
1253 1674 1263 1689 ,
1285 1663 1352 1686 tam
1361 1655 1399 1685 de
1411 1654 1475 1694 jure
1485 1655 1670 1688 communi,
1691 1663 1727 1686 ut
1737 1653 1779 1685 est
1799 1663 1902 1686 textus
1911 1655 1946 1686 in
1955 1661 2018 1694 cap.
2030 1664 2057 1685 2.
2067 1652 2105 1684 de
2124 1648 2186 1691 Of-

1181 1696 1237 1742 fic.
1247 1698 1357 1737 Deleg.
1369 1695 1421 1729 lib.
1433 1701 1462 1729 6.
1472 1697 1567 1739 quim
1577 1697 1636 1730 hoc
1646 1697 1718 1730 casu
1727 1718 1736 1732 ,
1747 1708 1784 1729 ex
1793 1696 1976 1730 memoratis
1985 1697 2097 1728 litteris
2106 1695 2186 1727 Gre-

1188 1743 1275 1789 gorii
1284 1740 1372 1772 XIII.
1384 1742 1418 1772 in
1428 1743 1453 1778 §.
1465 1750 1491 1780 3.
1500 1743 1534 1773 &
1543 1740 1636 1773 Sacra
1655 1739 1872 1782 Congregatio
1881 1740 2024 1772 Concilii
2044 1742 2077 1771 iti
2087 1737 2186 1771 Com-

1190 1786 1341 1829 pilatione
1353 1784 1446 1815 Bullae
1464 1784 1611 1825 Gregorii
1623 1785 1740 1818 XV.de
1761 1782 2045 1816 Conservatoribus
2056 1782 2190 1813 noluerit
2214 1789 2226 1799 ⁴

1190 1831 1235 1861 eis
1255 1827 1336 1860 hanc
1357 1827 1538 1860 facultatem
1560 1829 1712 1864 adimere,
1734 1836 1842 1859 tamen
1862 1829 1896 1859 in
1916 1826 1965 1859 his
1983 1825 2188 1857 deferendum

1191 1872 1232 1904 est
1249 1871 1398 1913 dignitati
1409 1870 1603 1906 Pontificali,
1628 1872 1662 1903 &
1678 1870 1929 1902 servandusordo
1945 1870 2134 1911 praescriptus
2152 1869 2186 1898 in

1191 1914 1222 1948 d.
1233 1926 1257 1947 c.
1269 1914 1365 1956 2.1pfi
1376 1924 1482 1946 autem
1498 1916 1537 1946 ab
1547 1916 1644 1946 initio
1659 1913 1976 1946 excommunicatum
1987 1911 2175 1953 Episcopum
2185 1931 2192 1940 .

1192 1959 1392 2007 Eequarnvis
1402 1958 1696 1990 excommunicatio
1713 1967 1749 1988 ex
1760 1957 1820 1989 hoc
1838 1956 1941 1998 capite
1951 1965 2016 1987 non
2037 1954 2073 1986 sit
2084 1954 2186 1988 nulla,

1192 2012 1268 2044 quia
1277 2002 1328 2033 ille
1337 2010 1439 2034 textus
1450 2002 1588 2042 procedit
1596 2002 1633 2032 de
1643 2000 1819 2038 honestate;
1840 2009 1948 2033 tamen
1959 2008 1993 2032 ut
2003 1998 2048 2031 ibi
2058 1999 2102 2031 ait
2110 1996 2191 2040 glos-

1195 2046 1225 2078 sa
1237 2066 1247 2081 ,
1268 2044 1323 2086 ipsi
1335 2054 1401 2077 non
1411 2043 1640 2077 benefecerunt
1650 2066 1657 2074 .

1237 2088 1376 2121 Placeret
1385 2097 1493 2120 tamen
1501 2088 1627 2129 aliquod
1637 2096 1921 2128 temperamentum
1936 2088 1974 2120 ad
1988 2096 2096 2129 pacem
2105 2095 2193 2118 com-

1196 2133 1391 2180 ponendam,
1411 2131 1552 2172 &posset
1571 2133 1694 2163 moneri
1704 2130 1894 2173 Episcopus,
1916 2141 1950 2163 ut
1961 2141 2034 2173 erga
2054 2129 2194 2162 Societa-

1196 2186 1281 2211 tem,
1302 2185 1413 2216 quaein
1432 2173 1569 2206 Ecclefia
1580 2174 1641 2206 Dei
1658 2173 1777 2206 fru6tus
1786 2184 1851 2206 tam
1870 2176 2021 2207 uberesin
2038 2175 2104 2205 dies
2124 2182 2195 2214 pro-

1197 2219 1276 2253 fert,
1299 2228 1430 2260 paterno
1439 2217 1467 2249 se
1481 2227 1570 2258 gerat
1579 2216 1712 2252 affeetu,
1732 2227 1864 2259 eamque
1883 2218 1940 2250 suae
1952 2217 2085 2260 pristinae
2102 2216 2196 2247 bene-

1197 2263 1344 2295 volentia:
1353 2261 1492 2293 restituat
1502 2283 1510 2291 .
1520 2260 1558 2293 Et
1567 2260 1655 2292 Pater
1664 2260 1827 2292 Generalis
1837 2261 1976 2292 fimiliter
1986 2260 2080 2301 poffet
2088 2259 2194 2298 injun-

1198 2313 1270 2347 gere
1282 2304 1539 2346 Religiosisillis‚
1561 2313 1596 2335 ut
1606 2303 1634 2334 se
1653 2303 1826 2335 humilient
1837 2303 2009 2344 Episcopo,
2031 2304 2140 2344 eique,
2162 2310 2197 2333 ut

1202 2359 1257 2391 pat
1265 2348 1307 2382 est
1315 2368 1326 2383 ‚
1348 2347 1503 2380 honorem
1511 2356 1548 2378 ac
1559 2348 1767 2382 reverentiam
1776 2346 1943 2377 exhibeant
1953 2367 1962 2375 .

1243 2391 1281 2423 In
1298 2390 1392 2438 Sacra
1407 2389 1665 2430 Congregatione
1681 2388 1767 2430 super
1786 2389 1834 2420 his
1853 2388 2074 2421 controversiis
2089 2386 2199 2421 semel,

1199 2444 1294 2476 atque
1315 2435 1431 2465 iterum
1452 2432 1579 2466 habita,
1601 2430 1711 2472 nempe
1728 2434 1780 2463 die
1801 2435 1830 2464 6.
1852 2434 1886 2464 &
1910 2435 1957 2463 16.
1979 2432 2096 2472 Aprilis
2113 2441 2199 2462 anno

1205 2479 1296 2518 1648.
1306 2478 1359 2524 cui
1368 2474 1576 2507 interfuerunt
1586 2474 1615 2507 S.
1627 2474 1704 2506 R-E.
1715 2473 1900 2506 Cardinales
1911 2474 2011 2516 spada
2019 2494 2030 2508 ,
2051 2474 2126 2506 Sacc
2132 2474 2200 2505 het-

1203 2531 1275 2555 tus,
1296 2519 1465 2553 Ginettus,
1486 2516 1663 2559 Carpiiieus
1680 2538 1690 2552 ‚
1713 2518 1930 2552 franciottus,
1950 2519 1984 2550 &
2005 2527 2042 2550 ex
2064 2515 2200 2549 Praelatis

1205 2562 1362 2596 Farnesius
1372 2560 1630 2603 Archiepiscopus
1646 2559 1804 2593 Patracefi.
1817 2561 1978 2592 Maraldus
1987 2581 1998 2596 ,
2021 2560 2201 2595 Paulatim,

1205 2609 1239 2639 &
1261 2606 1329 2647 Ego
1346 2625 1356 2640 ,
1384 2607 1477 2637 editae
1498 2604 1623 2636 fuerunt
1651 2605 1851 2645 quamplures
1874 2603 2077 2636 resolutiones
2099 2602 2200 2645 postea

1205 2649 1398 2682 confirmatae
1415 2647 1432 2680 a
1451 2647 1648 2680 SanCltiffimo
1669 2647 1811 2680 Domino
1829 2647 1945 2680 Nostro
1963 2658 2015 2689 per
2031 2648 2150 2679 litteras
2168 2648 2202 2677 in

1206 2693 1309 2726 forma
1327 2692 1453 2726 Brevis,
1474 2701 1608 2733 quarum
1626 2701 1768 2722 tenorem
1786 2690 1837 2723 hic
1854 2691 2051 2722 inserendum
2067 2691 2142 2722 duxi
2160 2691 2199 2721 ad

1208 2745 1412 2769 communem
1421 2735 1609 2770 utilitatem,
1630 2734 1707 2767 cum
1716 2734 1775 2767 sint
1794 2735 1931 2768 derebus
1947 2731 2118 2767 admodum
2126 2741 2199 2774 gra-

1208 2780 1319 2815 vibus,
1340 2781 1373 2811 &
1388 2779 1632 2820 exemplaribus.

1286 2863 1687 2899 INNOCENTIUS
1716 2864 1844 2898 PAPA
1874 2861 2130 2896 DECIMUS

1452 2909 1503 2941 Ad
1524 2908 1663 2941 futuram
1683 2911 1730 2941 rei
1750 2910 1937 2941 memoriam
1952 2929 1960 2939 .

2217 1918 2254 1951 39

2221 2398 2262 2427 40

1293 2996 1367 3031 Um,
1368 2996 1450 3039 ficut
1459 2998 1624 3036 accepimus
1633 3016 1643 3031 ,
1652 2994 1881 3039 aliquaefuerint
1891 3003 1960 3026 ortae
1970 2991 2147 3037 differentiae
2157 2994 2205 3025 in·
2226 3001 2265 3033 41

1308 3050 1356 3072 ter
1372 3037 1517 3072 Venerab.
1527 3042 1554 3072 F
1555 3049 1633 3071 ratr.
1639 3040 1666 3082 J
1670 3049 1796 3071 oannem
1806 3038 1984 3079 Episcopum
2004 3037 2205 3077 Angelopoli-

1215 3093 1320 3115 tanum
1332 3104 1341 3118 ,
1357 3084 1429 3127 five
1439 3084 1548 3122 Populi
1563 3086 1588 3115 S
1589 3084 1744 3114 anctorum
1754 3083 1944 3121 Angelorum
1966 3084 1998 3113 in
2008 3082 2106 3114 lndiis
2115 3082 2205 3113 Occi-

1215 3124 1387 3159 dentalibus
1397 3137 1437 3158 ex
1447 3126 1558 3161 unas&
1566 3126 1689 3158 dileflos
1696 3124 1778 3167 filios
1787 3126 1922 3158 Clericos
1932 3127 2095 3165 Regulares
2103 3127 2128 3156 S
2130 3126 2206 3155 ocie-

1216 3172 1293 3202 tatis
1291 3170 1320 3213 J
1323 3170 1370 3210 efia
1382 3173 1414 3202 in
1425 3172 1465 3201 iis
1471 3170 1612 3209 partibus
1620 3180 1660 3200 ex
1667 3172 1779 3203 altera,
1787 3169 1823 3200 de
1832 3168 1963 3209 &staper
1972 3165 2207 3208 munerepraedi-

1216 3215 1346 3245 cationis
1356 3211 1446 3246 Verbi
1457 3213 1520 3244 Dei
1535 3215 1568 3243 in
1576 3214 1709 3251 propriis
1726 3212 1895 3243 eorumdem
1915 3213 2063 3245 Clericor.
2078 3211 2207 3249 Regula-

1217 3259 1296 3287 rium
1307 3277 1316 3292 ,
1323 3259 1421 3296 petita
1427 3255 1533 3297 filiam
1542 3254 1689 3301 'Episcopi
1698 3253 1899 3288 benedietione
1911 3253 1946 3270 '¹'
1955 3256 2043 3293 :Ji-uim
2053 3257 2085 3286 in
2096 3255 2208 3286 alienis

1219 3302 1249 3331 E
1252 3301 1368 3343 cclefiis
1383 3301 1481 3341 petita
1491 3319 1500 3333 ,
1521 3304 1558 3331 <9⁸
1574 3296 1695 3330 obtenta
1705 3297 1743 3331 ab
1758 3298 1861 3330 eodem
1882 3300 2028 3341 Episcopo
2044 3297 2208 3338 dioeceszno

1220 3344 1347 3374 licentia
1356 3341 1534 3376 exercendi,
1552 3353 1664 3373 necnon
1673 3344 1709 3383 [ιλ
1709 3351 1764 3383 per
1772 3341 1993 3386 confeffionibus
2003 3343 2148 3374 laicorum
2156 3351 2209 3370 au-

1221 3384 1341 3417 diendis
1349 3394 1406 3426 prae
1413 3387 1461 3417 vio
1469 3387 1623 3419 examine,
1624 3385 1696 3427 five
1705 3384 1920 3426 approbatione
1929 3384 2060 3428 ejusdem
2071 3383 2209 3423 Epiflopi

1222 3427 1383 3470 dioecesani
1392 3450 1401 3463 ,
1423 3439 1479 3467 quae
1496 3427 1570 3460 dish
1579 3429 1694 3460 Clerici
1710 3431 1874 3469 Regulam
1889 3432 1924 3462 in
1944 3432 2011 3463 vim
2026 3430 2076 3468 pri
2081 3426 2126 3458 vil
2130 3427 2176 3463 egi
2179 3435 2208 3453 ⁰·

1223 3483 1288 3506 rum
1304 3472 1444 3513 predia«
1450 3473 1601 3508 societati
1618 3470 1799 3515 Apostolica
1812 3472 1996 3512 authoritate
2017 3466 2210 3510 concvffffl'um

2109 3508 2170 3553 snut
