2397 3664
747 35 834 91 De
845 34 1011 93 officio
1027 35 1270 93 Ordinar.
1283 56 1328 92 c.
1342 38 1548 106 Quanto
1558 76 1570 90 .

202 136 221 165 7
239 126 330 169 Qud
344 129 376 160 in
388 127 551 163 ecclesiis,
572 124 1010 165 seuCapellisGrvanciaruim
1032 124 1065 155 in
1079 124 1150 164 qui-

155 171 211 202 bus
231 174 335 203 nullus
355 172 443 213 degit
461 169 660 206 Conversus,
682 178 721 201 an
733 168 874 203 similiter
893 167 1006 200 subsint
1026 167 1149 208 Episco-

157 213 188 255 pi
210 213 402 247 visitationi.

199 260 219 288 8
240 257 289 289 An
302 258 393 291 liccat
406 258 555 299 Episcopo
566 255 689 290 visitare
699 254 887 288 Conventus
896 264 961 286 tarn
973 253 1147 294 suppressos,

156 300 188 332 ὃ(
200 301 299 340 pout-:1
311 302 488 337 restitutos,
509 299 603 342 quam
622 309 686 331 non
698 299 863 339 suppressos
880 300 916 329 ad
938 296 1148 329 111εᾶ111110-

156 344 347 383 gummari,
371 355 410 376 an
432 344 577 375 inillisre
599 342 659 382 ipsa
675 341 854 375 alantursex
869 340 1040 380 Religion.

195 397 214 423 9
236 389 286 418 An
305 387 470 428 Episcopus
487 386 614 418 visitans
636 385 811 426 liujusmodi
831 383 1018 417 Conventus
1038 383 1147 424 11111111-

155 429 329 462 111111ά110111
349 429 536 470 suppositos,
558 439 610 460 aut
633 427 776 469 personas
798 428 829 460 in
851 427 895 460 eis
915 429 1064 467 degentes
1082 427 1148 466 pos-

154 472 190 504 sit
211 474 227 503 ei
247 472 376 506 vilitatis
396 471 651 513 procurationem
670 471 792 511 exigere
815 472 848 502 in
870 470 1055 502 victualibus
1068 493 1078 510 ‚
1099 470 1146 500 vel

159 515 192 547 in
211 516 362 556 pecunia.

203 568 239 590 10
260 559 310 591 An
327 557 501 599 jurisdiffio
519 557 698 590 Ordinariis
716 558 859 588 locorum
879 566 1040 597 tamquam
1059 555 1146 587 Sedis

156 600 339 641 Apostolica:
351 600 512 641 Delegatis
523 601 676 635 attributa
686 600 901 640 1111111113111610
911 599 1050 631 Decreto
1061 609 1147 629 com-

153 653 237 684 petat
248 642 383 676 Vicariis
395 645 602 679 Generalibus
615 643 851 684 Episcoporum,
873 653 998 674 necnon
1019 641 1148 673 Abbati-

151 688 230 719 bus.
251 686 366 718 &aliis
378 686 582 719 inferioribus
601 686 739 718 Prxlatis
749 687 909 727 proprium
930 685 1147 721 territorium,

155 740 190 764 :ic
216 729 462 769 jurisdictionem
482 727 567 771 qiiasi
581 729 792 771 Episcopaleni
812 729 1016 762 habentibus.

202 782 235 804 ¹1
258 773 308 805 An
339 772 551 807 provinciales
571 796 580 810 ,
609 774 644 805 &
674 773 728 804 alii
757 772 936 813 Superiores
974 771 1146 811 Regulares

153 815 268 855 poslint
281 817 433 858 ejusmodi
443 816 633 849 Conventus
646 815 851 857 jurisdictioni
863 815 1031 847 Ordinarii
1052 815 1147 856 subje-

137 857 239 894 -flos,
261 859 484 901 &Religiolos
506 860 612 892 inillis
634 863 783 900 degentes
804 859 947 895 visitare,
969 858 1146 898 corrigere,

153 904 186 934 &
216 904 346 942 punire,
367 914 558 945 omnemque
577 902 826 945 jurisdiciionem
855 902 888 934 in
908 903 953 934 cis
972 911 1115 935 exercere
1137 923 1147 937 ,

158 945 238 978 sicut
259 957 404 986 poterant
425 958 497 979 anre
515 946 634 981 dietum
652 946 843 979 Decretum.
1048 963 1051 967 ·

198 999 232 1020 12
258 990 292 1021 Si
311 990 458 1031 Superior
481 990 648 1030 Regularis
669 990 703 1020 in
725 988 815 1022 causa
833 988 1013 1029 praevenerit
1035 997 1148 1018 eontra

156 1031 313 1064 subditum
343 1034 510 1074 degentem
540 1033 575 1064 in
596 1033 704 1073 aliquo
725 1042 760 1065 ex
790 1031 904 1064 eisdem
926 1030 1148 1063 Conventibus

150 1074 327 1108 Ordinatio
345 1074 487 1119 subjectis
507 1075 692 1111 fabricando
712 1075 902 1116 processum,
925 1075 971 1105 vel
995 1085 1065 1107 eum
1079 1084 1147 1105 car-

152 1119 218 1150 ceri
239 1119 468 1160 mancipando,
498 1129 538 1151 an
559 1118 725 1160 Episcopus
758 1117 847 1159 possir
877 1117 1053 1161 hujusmodi
1076 1127 1147 1148 cau-

150 1162 214 1195 sam
235 1162 436 1198 reassumere,
458 1173 493 1195 ac
514 1162 664 1203 superiori
680 1162 840 1196 inhibere.

198 1215 232 1243 13
255 1205 288 1238 Si
309 1206 324 1237 ἐ
346 1206 498 1237 converso
518 1205 683 1246 Episcopus
706 1205 739 1236 in
757 1203 847 1235 causa
867 1203 1048 1244 praevenerit
1073 1214 1149 1236 con-

149 1258 197 1280 tra
219 1247 461 1289 Religiosumin
481 1249 539 1281 tali
557 1248 729 1281 Conventu
747 1257 1019 1283 commorantem,
1043 1247 1148 1278 1111811-

153 1291 270 1331 periori
300 1291 454 1333 Regulari
483 1303 523 1324 eo
541 1292 613 1324 casu
632 1291 727 1325 liceat
747 1291 839 1322 illurn
867 1301 1030 1326 amovere,
1060 1293 1092 1322 ἃ
1114 1290 1148 1322 111

153 1335 217 1366 alio
235 1333 411 1368 Conventu
422 1336 598 1368 collocare:
621 1336 654 1368 &
673 1332 837 1367 sidefaero
858 1333 1085 1370 collocaverit,
1108 1345 1148 1365 an

152 1378 364 1410 nihilominus
392 1378 558 1420 Episcopus
577 1377 671 1418 poffit
691 1377 815 1411 causam
844 1377 1006 1417 prosequi,
1026 1388 1062 1408 ac
1084 1375 1149 1408 Re-

155 1421 301 1461 ligiosum
322 1421 360 1453 fic
381 1431 523 1453 amotum
544 1431 693 1453 revocare
716 1422 753 1452 ad
768 1420 903 1460 primum
923 1420 1147 1453 Conventum.

200 1474 237 1504 14
258 1464 291 1496 Si
312 1464 546 1500 l'rovincialis,
570 1465 615 1496 vel
636 1464 783 1503 Superior
806 1463 916 1496 localis
938 1464 1072 1496 voluerit
1093 1463 1150 1496 ali-

153 1517 249 1548 quem
267 1519 303 1539 ex
323 1508 479 1541 Fratribus
495 1509 512 1539 a
532 1507 591 1540 tali
609 1506 784 1540 Conventa
813 1517 996 1543 removere,
1018 1517 1058 1538 an
1079 1506 1163 1549 Epi-3

156 1550 264 1591 scopus
285 1552 448 1592 prohibere
469 1551 578 1592 poffit.
1160 1588 1163 1592 ,

197 1602 231 1633 15
253 1594 288 1626 Si
307 1594 325 1626 ἐι
344 1594 517 1630 Conventu
538 1595 672 1635 primum
683 1593 833 1635 suppresso
847 1616 856 1630 ,
877 1604 913 1625 ac
933 1592 1048 1625 deinde
1062 1592 1164 1630 Reli—i

149 1637 240 1678 gioni
260 1638 402 1671 restituto
422 1638 520 1673 absint
542 1648 579 1669 ex
601 1637 707 1678 aliqua
726 1637 907 1669 rationabili
926 1636 1036 1673 causa,
1058 1639 1090 1668 &
1112 1638 1149 1668 ad

150 1681 243 1714 breve
263 1691 384 1722 tempus
404 1691 506 1718 unus,
537 1683 584 1712 vel
607 1682 707 1721 plures
729 1691 764 1712 ex
785 1691 919 1712 numero
939 1681 987 1712 sex
1009 1679 1152 1720 Religio-

150 1723 255 1758 sorum
275 1724 319 1756 ibi
339 1725 541 1765 degentium,
566 1735 605 1756 an
625 1725 729 1764 gratia
751 1724 961 1756 restitutionis
985 1723 1020 1756 fit
1042 1725 1150 1760 nulla,

149 1768 184 1798 &
203 1766 392 1800 Conventus
412 1777 572 1799 remaneat
595 1767 779 1808 suppressus,
805 1776 838 1798 ut
858 1767 962 1808 prius.

173 1814 231 1849 Ι16
255 1808 344 1851 Quid
375 1811 396 1842 si
425 1809 443 1841 :i
472 1810 646 1843 Conventu
674 1820 740 1843 non
769 1810 920 1851 suppress’o
948 1810 1088 1842 fimiliter
1114 1821 1150 1841 ex

151 1853 244 1886 causa
263 1854 467 1890 rationabili,
490 1856 522 1885 &
543 1856 580 1885 ad
607 1854 770 1885 modicum
791 1863 912 1894 tempus
944 1854 1019 1887 absit
1041 1854 1152 1894 aliquis

154 1895 171 1927 ὲ
195 1896 243 1928 sex
262 1895 429 1937 Religiosis
449 1897 494 1928 ibi
513 1896 733 1933 existentibus,
755 1907 793 1928 an
812 1898 944 1929 durante
966 1898 1024 1929 tali
1046 1898 1152 1929 absen-

151 1940 213 1975 tia,
234 1938 422 1971 Conventus
442 1939 599 1982 subjaceat
618 1939 827 1982 jurisdictioni
846 1940 1028 1972 Ordinarii.

201 1992 237 2020 17
257 1983 309 2014 An
330 1982 493 2023 Religioso
511 1983 567 2014 illo
587 1985 757 2019 redeunte,
785 1984 833 2015 vel
852 1984 925 2015 alias
945 1984 1075 2025 impleto
1097 1994 1151 2015 nu-

151 2036 240 2058 mero
266 2025 315 2059 sex
338 2025 570 2067 Religiosorum
596 2025 784 2059 Conventus
813 2037 972 2067 recuperet
996 2027 1153 2068 pristinam

152 2069 385 2108 exemptionem
397 2093 404 2102 .

201 2114 237 2144 18
258 2111 290 2144 Si
313 2113 416 2152 gratia
442 2112 647 2145 restitutionis
676 2111 865 2144 Conventus
884 2113 1026 2154 suppressi
1047 2115 1154 2147 redda-

157 2165 210 2187 tur
232 2156 318 2187 nulla
339 2167 374 2186 ex
395 2167 453 2193 eo,
480 2158 564 2196 quod
585 2156 618 2189 in
646 2155 702 2187 illo
722 2159 759 2190 ad
779 2155 912 2188 formam
930 2157 1057 2188 'decreti
1080 2167 1153 2188 cum

153 2197 265 2231 effectu
285 2209 350 2230 non
372 2202 495 2231 alantur
514 2199 562 2230 sex
590 2199 763 2239 Religion,
784 2201 816 2231 &
834 2199 933 2240 postea
955 2201 1122 2240 contingat
1142 2223 1153 2236 ‚

152 2252 188 2272 ut
208 2241 360 2283 ejusmodi
379 2252 528 2283 ntunerus
547 2243 734 2284 impleatur,
755 2253 795 2276 an
824 2243 927 2283 gratia
946 2243 1152 2277 restitmionis

155 2284 345 2321 Conventus
365 2285 548 2318 reviviscat.

201 2338 236 2365 19
257 2327 305 2359 Ad
327 2329 386 2360 boc
410 2338 444 2360 ut
474 2329 576 2369 gratia
597 2328 805 2360 restitutionis
831 2329 866 2360 sit
888 2331 994 2366 nulla,
1014 2332 1046 2361 &e
1063 2329 1153 2361 Con-

151 2381 262 2402 ventus
281 2370 557 2405 denubremaneat
580 2372 744 2413 suppressus
757 2394 767 2408 ,
788 2373 945 2412 propterca
963 2373 1046 2413 quod
1070 2374 1103 2406 in
1116 2385 1153 2404 eo

156 2423 223 2446 non
240 2413 449 2449 sustententur
469 2415 516 2446 sex
530 2414 684 2455 Religiofi
697 2438 706 2451 ,
730 2426 769 2446 an
784 2416 894 2447 debeat
913 2418 1082 2456 pra-cedere
1104 2419 1153 2449 de—

156 2457 327 2490 claratoria
348 2457 491 2497 Episcopi
508 2457 688 2498 superfaero
700 2459 812 2499 proevia
832 2459 927 2490 causae
947 2459 1151 2499 cognitione.

194 2511 236 2531 20
256 2500 306 2530 An
327 2500 364 2530 ab
393 2499 570 2542 hujusmodi
598 2502 807 2533 declaratoria
827 2502 920 2534 liceat
941 2501 1152 2542 Regularibus

158 2545 194 2574 ad
214 2542 324 2574 Sedena
336 2541 550 2582 Apostolicam
569 2544 719 2584 appellare
729 2547 766 2576 ad
785 2544 929 2578 effessum
941 2555 1005 2579 tam
1026 2549 1153 2581 devolu-

158 2587 279 2622 tivum,
301 2588 396 2624 quam
415 2584 619 2625 suspensivum
633 2609 642 2621 .
732 2625 734 2627 ‚

197 2639 233 2660 21
259 2627 347 2662 Cum
365 2639 402 2661 ex
423 2627 555 2660 Decrcti
574 2629 749 2670 praescripto
758 2639 895 2671 quatuor
913 2631 1097 2664 Sacerdotes
1118 2633 1153 2665 in

154 2671 203 2705 his
219 2671 441 2704 Conventibus
468 2675 617 2712 degentes
634 2673 768 2704 debeant
794 2673 852 2704 effe
875 2684 1002 2705 matur-:e
1022 2677 1123 2709 :etatis
1143 2699 1152 2713 ,

158 2725 302 2757 quaenain
322 2715 449 2749 dicatur
469 2719 505 2749 ad
524 2715 606 2747 liunc
629 2716 774 2749 enectum
792 2726 865 2748 aetas
885 2727 1024 2749 matura.

151 2805 249 2834 Sacra
259 2803 457 2841 Congregatio
471 2799 647 2842 fiaeperstatu
659 2803 851 2840 Regularinm
869 2801 910 2833 ad
923 2804 1043 2846 singula
1062 2804 1156 2839 dubiis

190 2844 331 2888 superias
340 2845 488 2891 prqposita
507 2844 581 2878 hunc
590 2848 622 2877 in
632 2846 747 2877 modum
755 2844 905 2886 respondit
916 2869 926 2883 ,
946 2849 1091 2879 videlicet
1101 2871 1111 2885 ,

159 2931 206 2964 Ad
232 2941 257 2963 1.
279 2929 357 2964 Non
377 2932 477 2973 posse.

156 2974 204 3009 Ad
226 2985 254 3005 2.
276 2974 360 3006 Posse
389 2986 426 3007 ex
448 2975 633 3007 rationabili
664 2974 754 3007 causa
774 2997 783 3011 ,
819 2976 1019 3009 commonito
1048 2987 1154 3009 tamen

199 3018 282 3057 prius
292 3018 446 3058 superiore
459 3017 631 3059 Regulari,
653 3021 792 3058 adquem
804 3019 958 3059 pertinet,
980 3029 1014 3052 ut
1026 3020 1148 3054 cosdem

201 3059 382 3100 Religiosos
393 3061 523 3102 affignet
535 3061 569 3093 in
580 3062 648 3094 aliis
656 3061 879 3095 Conveutibus
890 3084 898 3093 .

158 3103 209 3136 Ad
232 3113 260 3143 3.
286 3103 373 3136 Posse
394 3104 561 3147 compelli.

157 3146 207 3180 Ad
228 3156 258 3185 4.
281 3145 384 3179 Posse.

155 3188 206 3223 Ad
228 3198 255 3228 5.
275 3188 380 3220 Posse.

155 3232 202 3264 Ad
225 3237 253 3263 6.
274 3231 416 3264 Subeffe.

155 3276 205 3307 Ad
227 3284 256 3313 7.
278 3275 394 3306 Itidem
415 3275 527 3308 subesse
540 3300 547 3309 .

156 3319 205 3351 Ad
227 3321 256 3350 8.
277 3316 418 3350 Minime
440 3318 532 3351 licere
545 3329 715 3361 antequam
735 3319 861 3353 aliunde
883 3319 1003 3352 constet
1022 3320 1152 3362 dedsun-

199 3365 350 3393 damento
377 3361 566 3396 intentionis
597 3364 742 3405 Episcopi
761 3364 794 3395 in
825 3364 1008 3396 deficientia
1028 3365 1152 3399 numeri

197 3405 390 3436 constituto.

155 3446 203 3483 Ad
223 3458 253 3486 9.
276 3446 427 3487 Expedite
458 3455 492 3480 ut
521 3446 734 3481 Sanffiffimus
765 3449 924 3482 Dominus
950 3448 1062 3482 Noster
1099 3452 1152 3483 de-

234 3491 338 3532 Prosp.
348 3492 376 3523 F
376 3500 487 3530 agnam.
497 3492 529 3522 in
539 3492 566 3523 I.
577 3490 647 3524 Lib.
659 3493 818 3525 Decretal.

1231 134 1339 156 cernat
1350 147 1359 160 ,
1371 128 1401 155 51·
1413 128 1550 158 declaret
1563 135 1627 157 non
1641 126 1732 157 licere
1745 124 1895 166 Episcopo
1906 127 1983 159 tales
1993 126 2182 161 Conventus

1231 167 1372 199 visitanti
1382 168 1553 209 quicquain
1574 170 1714 210 accipere
1724 169 1955 210 procurationis
1967 171 2100 203 nomine
2111 195 2119 203 .

1189 209 1235 240 Ad
1262 220 1308 242 10.
1331 210 1537 252 Corripere-re.

1188 254 1236 284 Ad
1263 263 1307 284 11.
1330 253 1414 286 Posse
1436 255 1513 286 sicut
1534 255 1640 295 prius,
1661 266 1726 288 non
1750 266 1857 289 tamen
1879 256 2032 296 privative
2055 260 2091 290 ad
2116 258 2185 299 Epi-

1230 295 1373 336 scopum.

1187 339 1235 370 Ad
1264 349 1317 370 12.›
1333 339 1410 370 Non
1433 342 1534 381 polsc,
1557 341 1611 372 nisi
1625 352 1660 373 ex
1681 341 1856 383 justacausa
1869 366 1878 379 ,
1898 344 1998 376 veluti
2016 343 2091 376 cum
2102 345 2186 376 videt

1228 382 1426 422 Superiorem
1440 382 1629 423 Regularcni
1648 386 1790 421 exodio,
1816 387 1860 418 vcl
1883 397 2008 423 amore,
2030 388 2185 428 cupidita-

1231 435 1278 461 te,
1307 427 1352 457 vel
1368 437 1470 463 uictu,
1492 438 1543 458 aut
1556 439 1591 460 ex
1606 428 1705 460 nimia
1716 429 1900 467 severitate,
1920 432 1965 463 vel
1987 431 2187 472 indulgentia

1228 468 1303 509 quid
1316 470 1422 500 durius
1433 492 1441 505 ,
1464 480 1516 502 aut
1528 471 1680 502 rcmissius
1697 473 1885 504 constituere
1897 496 1906 509 ,
1925 474 2019 513 quzim
2033 473 2124 506 causa
2132 479 2186 506 de-

1230 511 1326 551 poscit
1340 535 1348 548 ‚
1373 513 1404 543 in
1417 523 1480 552 quo
1492 513 1582 553 ipsius
1593 514 1733 554 Episcopi
1746 515 1941 548 conscientia
1951 527 2117 549 oneratur.

1188 554 1234 586 Ad
1262 565 1306 594 13.
1328 554 1404 586 Non
1419 556 1512 588 licere
1523 556 1683 596 Superiori
1697 557 1848 597 Regulari
1862 558 2057 600 Religiosum
2068 562 2106 592 ab
2116 560 2188 601 Epi-

1229 597 1321 638 scopo
1334 598 1542 639 inquisitum-'2
1563 602 1635 631 loco
1657 611 1821 637 amovere,
1844 602 1908 633 &si
1929 614 2051 635 amotus
2072 603 2187 641 fucrit,

1229 641 1310 681 posse
1324 641 1508 682 Episcopum
1519 643 1643 675 causam
1653 643 1795 683 prosequi
1806 666 1816 679 ,
1837 646 1870 676 δε
1882 645 1972 678 11111111
1982 647 2183 687 quibuscum-

1227 686 1444 724 quercmcdiis
1455 696 1621 722 revocare,
1643 686 1901 719 etiaminvocato
1921 689 2038 721 auxilio
2048 689 2187 723 Ordina-

1229 728 1286 763 rii,
1306 732 1338 759 &⁷
1360 729 1487 760 brachio
1507 729 1665 765 smenlari,
1689 729 1795 770 siopus
1817 729 1932 768 fuerit,
1963 733 2186 775 cujuscumque

1229 771 1312 807 loci,
1333 772 1366 803 in
1377 782 1442 812 quo
1457 771 1635 814 Religiosus
1650 774 1701 804 illc
1709 772 1879 813 reperiatur
1892 786 1899 805 :

1187 811 1233 845 Ad
1262 824 1299 854 14
1317 813 1397 846 Non
1418 817 1519 856 posse.
1549 816 1551 819 ’

1186 856 1232 888 Ad
1260 866 1305 897 15.
1325 859 1467 891 Gratiam
1488 861 1529 890 ob
1561 859 1591 890 id
1612 870 1677 891 non
1699 860 1757 892 else
1781 860 1919 896 nullam,
1939 861 2074 894 cessante
2094 863 2185 895 omni

1230 900 1356 937 fraude,
1379 913 1436 934 nec
1460 901 1668 937 Conventrun
1688 913 1848 936 remanere
1860 904 2062 945 suppressum.

1185 943 1232 974 Ad
1261 949 1306 977 16.
1328 945 1494 988 subjacere
1514 948 1647 982 durante
1667 946 1823 979 absentia.

1186 987 1232 1018 Ad
1261 997 1309 1024 17.
1331 987 1548 1030 Recuperare.

1186 1029 1233 1063 Ad
1260 1033 1305 1062 18.
1327 1030 1404 1063 Non
1425 1033 1628 1067 reviviscere.

1187 1074 1233 1105 Α11
1259 1083 1303 1110 19.
1327 1074 1448 1107 Debere
1460 1076 1503 1108 ita
1517 1079 1705 1117 procedere,
1727 1087 1785 1108 nec
1805 1087 1877 1108 ante
1893 1077 2186 1110 declaratoriamli—

1229 1128 1298 1149 cere
1320 1117 1468 1160 Episcopo
1487 1119 1674 1151 Conventus
1692 1120 1908 1160 poffeffionem
1937 1121 2186 1162 apprchendere,

1228 1170 1281 1191 aut
1302 1160 1479 1202 Religiosos
1490 1164 1563 1194 inde
1582 1164 1734 1203 expellere
1753 1186 1761 1194 .

1186 1202 1234 1234 Ad
1259 1214 1307 1235 20.
1332 1204 1437 1238 Licere
1449 1208 1483 1237 ad
1496 1205 1640 1239 caenum
1658 1207 1876 1239 devolutivum
1887 1207 2034 1244 tantum,
2055 1218 2120 1240 non
2132 1217 2187 1240 au-

1229 1255 1293 1278 tem
1313 1247 1517 1289 suspensivum
1530 1273 1538 1282 .

1187 1288 1233 1322 Ad
1258 1300 1307 1322 21.
1329 1291 1466 1324 AEtatem
1477 1303 1634 1325 maturam
1652 1293 1718 1325 dici
1730 1295 1765 1325 ad
1777 1293 1859 1325 hunc
1871 1293 2015 1327 effestum
2027 1296 2187 1335 completo

1230 1344 1315 1364 anno
1335 1336 1573 1377 quadragesimo
1585 1360 1592 1368 .

1229 1375 1473 1411 Declarationes
1489 1379 1703 1420 suprascriptas
1715 1379 1746 1413 S.
1761 1379 1804 1415 D.
1813 1379 1856 1411 N.
1869 1381 1907 1412 ad
1917 1380 1944 1413 se
1954 1381 2067 1412 relatas
2079 1391 2188 1420 appro-

1188 1420 1271 1451 bavit
1284 1443 1293 1456 ,
1313 1423 1345 1452 ὅ(
1357 1422 1393 1453 ab
1404 1423 1551 1454 omnibus
1563 1445 1573 1459 ,
1596 1426 1632 1454 ad
1644 1433 1722 1463 quos
1731 1423 1887 1464 pertinet,
1909 1423 2066 1456 observari
2078 1434 2187 1462 proece-

1187 1463 1252 1503 pit,
1273 1465 1444 1497 contrariis
1472 1465 1719 1507 quibuscumque
1738 1469 1806 1500 nori
1823 1465 2035 1499 obstantibus.
2065 1466 2187 1501 Datum

1189 1505 1299 1538 Roma:
1310 1507 1361 1540 die
1375 1518 1423 1543 27.
1445 1509 1520 1549 Julii
1536 1513 1624 1548 1655.

1232 1548 1380 1583 Ulterius
1390 1551 1590 1594 QUAERO,
1613 1553 1710 1585 stante
1729 1554 1840 1588 eodem
1859 1555 1988 1586 decreto
2006 1552 2190 1586 Innocentii
2209 1564 2249 1594 43

1188 1592 1228 1623 X.
1240 1604 1304 1634 quo
1313 1596 1398 1634 parvi
1413 1596 1604 1628 Conventus
1624 1606 1689 1628 non
1699 1596 1848 1629 habentes
1859 1607 2026 1630 numerum
2045 1597 2187 1637 Religio-

1188 1635 1290 1669 sorum
1305 1638 1346 1669 ibi
1358 1639 1565 1680 praescriptum
1583 1640 1776 1677 visitationi,
1797 1639 2008 1677 corrediioni,
2028 1642 2061 1673 &
2079 1641 2184 1672 omni-

1189 1682 1283 1721 mode
1293 1681 1501 1722 jurisdictioni
1513 1683 1684 1715 Ordinarii.
1692 1683 1757 1715 loci
1767 1693 1928 1724 tamquam
1940 1684 2025 1724 super
2036 1685 2096 1717 lioc
2107 1687 2123 1715 a
2133 1684 2189 1715 Se-

1189 1724 1227 1754 de
1238 1724 1417 1764 Apostolica
1429 1726 1564 1767 delegati
1576 1727 1665 1767 plene
1679 1727 1714 1758 in
1724 1727 1870 1759 omnibus
1881 1727 2093 1768 subjiciuntur
2105 1751 2112 1758 .
2136 1727 2189 1759 An

1190 1768 1345 1804 Abbates,
1369 1769 1509 1806 Priores,
1531 1770 1729 1806 Guarjiani,
1751 1771 1783 1802 &
1796 1770 1854 1805 alii,
1871 1770 2090 1810 praedirstorum
2100 1770 2189 1803 Con-

1190 1820 1342 1842 ventuum
1359 1812 1539 1852 Superiores
1560 1814 1597 1845 ab
1613 1813 1764 1854 Episcopo
1784 1814 1890 1845 vocati
1901 1815 1939 1846 ad
1963 1813 2188 1848 Dioecesanam

1190 1852 1351 1897 Synodum
1372 1858 1519 1888 accedere
1532 1867 1699 1889 teneantur
1712 1880 1719 1887 .

1231 1896 1278 1928 Ad
1299 1909 1418 1937 partem
1430 1901 1609 1939 negativam
1621 1901 1773 1941 allegatur
1791 1899 1891 1941 primo
1910 1899 2098 1933 Concilium
2119 1899 2186 1932 Tu-

1189 1942 1321 1972 ronense
1341 1951 1407 1982 cap.
1421 1954 1449 1973 2.
1463 1944 1515 1974 ubi
1527 1943 1565 1974 sic
1580 1944 1694 1984 legitur
1706 1942 1871 1984 Episcopus
1892 1954 1958 1975 non
1976 1945 2068 1976 debet
2088 1943 2193 1976 Abba-

1191 1993 1255 2015 tciu
1265 1994 1378 2024 cogere
1390 1988 1425 2016 ad
1438 1986 1599 2030 Synodum
1610 1987 1654 2019 ire
1665 2009 1674 2023 ,
1697 1986 1754 2018 nisi
1763 1987 1868 2028 aliqua
1878 1987 2081 2019 rationabilis
2092 1987 2186 2019 causa·

1191 2026 1320 2063 existar,
1344 2027 1539 2061 Referturin
1549 2042 1574 2062 c.
1586 2029 1767 2070 Episcopus,
1791 2030 1945 2071 ilsccondo
1958 2033 2004 2062 18.
2016 2028 2192 2070 distineri&

1190 2072 1222 2100 in
1244 2069 1367 2111 §.firmh
1383 2076 1430 2103 18.
1451 2072 1543 2114 quaest.
1557 2085 1585 2104 2.
1604 2073 1659 2105 Per
1668 2084 1736 2115 qux
1750 2073 1816 2114 jura
1825 2074 1913 2113 gloss.
1932 2076 1964 2104 in
1974 2083 2038 2114 cap.
2051 2071 2192 2105 Abbates

1190 2115 1223 2143 in
1233 2125 1298 2145 ver.
1311 2118 1466 2147 vacatione
1480 2121 1527 2148 18.
1547 2115 1640 2158 quest.
1653 2128 1689 2153 2.»
1704 2127 1860 2157 exponens
1873 2117 2012 2148 litteram
2024 2116 2088 2153 ibi,
2107 2128 2191 2149 acce-

1192 2166 1246 2196 pta
1267 2160 1424 2190 vocatione
1435 2162 1637 2192 conveniant:
1657 2160 1755 2196 dicit,
1777 2160 1796 2191 si
1809 2160 1972 2193 necessitas
1993 2170 2107 2201 magna
2123 2160 2191 2193 fue-

1191 2199 1251 2236 rit,
1273 2199 1347 2232 alias
1368 2201 1506 2234 Abbates
1518 2213 1584 2234 non
1605 2204 1720 2235 debent
1733 2204 1839 2235 vocari
1852 2205 1888 2235 ad
1906 2202 2066 2244 synodum
2078 2227 2086 2235 .
2110 2204 2191 2237 Item

1192 2243 1279 2283 gloss.
1295 2247 1361 2275 1.ιή
1371 2254 1436 2285 cap.
1458 2246 1569 2277 Nimis
1579 2254 1679 2286 prava
1697 2244 1843 2287 deexceffl
1858 2247 1980 2279 Praelat.
2000 2246 2097 2283 dicit:
2120 2257 2189 2278 om-

1192 2297 1246 2318 nes
1257 2287 1341 2319 enim
1362 2287 1536 2329 Religiosi,
1555 2290 1767 2330 quipopulum
1785 2300 1851 2325 11011
1871 2290 2003 2326 liabent,
2026 2292 2064 2321 ad
2087 2289 2187 2331 Syno—

1191 2330 1321 2362 dumire
1332 2341 1574 2369 nontenentur,
1597 2335 1628 2364 &
1649 2335 1822 2364 concordat
1838 2332 1926 2373 gloss,
1946 2336 2054 2373 incap.
2079 2333 2190 2364 Decer-

1191 2376 1288 2407 m'mus
1298 2376 1331 2405 in
1342 2386 1406 2406 ver.
1416 2374 1556 2408 Abbates
1570 2387 1580 2406 1
1588 2379 1616 2407 8.
1626 2375 1756 2417 dzstinH.
1768 2375 1847 2409 Item
1859 2375 1943 2415 gloss.
1953 2385 1977 2407 1.
1989 2378 2021 2406 in
2030 2374 2193 2419 caijod,

1184 2415 1276 2456 fizper
1288 2416 1335 2449 his
1351 2418 1435 2460 infra'
1446 2417 1482 2450 de
1493 2418 1599 2457 major.
1611 2425 1648 2451 &⁶
1657 2418 1736 2451 obed.
1748 2429 1816 2459 quae
1825 2419 1976 2464 ‚similiter
1989 2419 2031 2451 ait
2053 2420 2192 2451 Abbates

1192 2459 1417 2493 nonhabentes
1436 2463 1607 2502 populum,
1629 2472 1694 2494 non
1715 2462 1815 2493 teneri
1826 2464 1862 2493 ad
1874 2462 2035 2504 synodum
2058 2463 2188 2498 venire,

1191 2502 1249 2534 nisi
1258 2504 1349 2536 causa
1361 2504 1559 2537 rationabilis
1571 2504 1683 2541 subfit;
1705 2507 1737 2536 &
1756 2504 1828 2536 ideo
1840 2505 1976 2537 Abbates
1997 2505 2189 2537 Cistercien-

1192 2545 1234 2579 scs
1254 2557 1319 2578 non
1340 2548 1461 2584 teneri,
1483 2548 1625 2589 quamvis
1646 2558 1712 2580 non
1730 2548 1826 2580 essent
1848 2549 2004 2589 exempti,
2029 2548 2103 2579 cum
2123 2559 2190 2580 non

1191 2590 1326 2621 habeant
1337 2592 1485 2631 populum
1495 2614 1504 2628 ,
1525 2594 1557 2622 δέ
1569 2592 1708 2632 sequitur
1719 2591 1762 2626 ibi
1772 2592 1857 2623 Butr.
1867 2602 2029 2623 numenio.
2042 2590 2121 2631 vers.
2132 2592 2194 2630 Un-

1192 2631 1229 2663 ιιέ
1247 2632 1344 2668 dicit.
1364 2633 1446 2674 Ergo
1457 2644 1565 2675 parum
1578 2634 1692 2672 refert,
1712 2634 1797 2675 quod
1821 2635 1914 2666 bodie
1926 2645 1961 2665 ex
1982 2634 2127 2667 Decreto.
2142 2635 2193 2668 In-

1192 2677 1337 2709 nocentii
1355 2677 1395 2709 X.
1415 2678 1551 2710 Abbates
1565 2678 1678 2709 subsint
1701 2677 1904 2719 jurisdictioni
1931 2677 2096 2719 Episcopi,
2117 2676 2201 2714 cuius

1192 2719 1288 2750 eciam
1307 2720 1458 2760 supposita
1467 2721 1506 2752 1111
1510 2721 1645 2763 jusmodi
1664 2721 1854 2763 subjectione
1866 2743 1875 2757 ,
1897 2723 1933 2753 ad
1945 2721 2108 2765 Synodum
2121 2731 2187 2753 non

1193 2762 1251 2793 sint
1272 2763 1426 2795 vocandi.

1235 2805 1382 2840 Secundo
1394 2829 1406 2844 2
1424 2809 1459 2841 ad
1473 2807 1552 2853 lianc
1564 2818 1683 2848 partem
1694 2808 1854 2839 inducitur
1863 2817 1939 2840 text.
1950 2810 1983 2840 in
1994 2807 2093 2850 drap.
2105 2805 2195 2852 ngd
2214 2817 2256 2848 44

1186 2848 1275 2889 fiiper
1285 2847 1332 2880 his
1344 2848 1380 2880 de
1398 2849 1503 2888 major.
1524 2857 1560 2882 (9⁰
1570 2849 1650 2882 obed.
1663 2851 1715 2882 ubi
1738 2852 1945 2883 Innocentius
1955 2852 2013 2885 ΙΙΙ,
2033 2852 2169 2885 Abbates
2180 2874 2191 2888 ‚

1194 2892 1317 2933 inquit,
1341 2893 1571 2925 &Sacerdotes
1592 2894 1779 2927 Dioecesana
1801 2894 1858 2925 tibi
1872 2896 1937 2934 lege
1955 2895 2093 2927 subditos
2105 2917 2114 2930 ,
2134 2895 2190 2936 qui

1194 2937 1229 2966 ad
1242 2945 1328 2967 tuam
1338 2935 1498 2976 Synodum
1512 2938 1617 2968 venire
1629 2946 1860 2973 contemnunt,
1879 2939 1942 2971 &c.
1966 2949 2017 2978 per
2029 2938 2192 2970 censuram

1195 2978 1442 3012 Ecclesiasticam
1453 2982 1488 3011 ad
1509 2980 1671 3023 Synodum
1692 2980 1785 3020 ipsam
1808 2980 1914 3014 venire
1935 2982 2122 3021 compellas.
2146 2979 2190 3011 Ex

1192 3031 1256 3061 quo
1276 3030 1364 3053 textu
1376 3022 1516 3062 arguitur
1536 3023 1594 3054 sic:
1618 3023 1790 3063 Regularcs
1810 3024 1865 3064 qui
1887 3035 1953 3056 non
1974 3026 2097 3055 subsunt
2116 3022 2189 3062 Epi-

1193 3065 1286 3104 scopo
1300 3065 1366 3105 lege
1379 3065 1567 3101 Dioecesana
1576 3088 1585 3102 ‚
1597 3077 1660 3097 non
1672 3077 1819 3098 tenemur
1832 3068 1868 3098 ad
1880 3067 1962 3099 illius
1971 3067 2132 3109 Synodum
2144 3077 2194 3097 ac-

1192 3110 1302 3142 cedere
1314 3130 1323 3143 ,
1345 3118 1377 3139 ut
1391 3108 1432 3139 ibi
1443 3110 1591 3149 probatur
1602 3108 1617 3139 a
1629 3110 1794 3141 contrario
1813 3110 1917 3142 sensu:
1939 3111 1997 3143 Sed
2010 3110 2193 3149 Regulares

1193 3161 1258 3181 non
1271 3150 1395 3182 subsunt
1409 3151 1557 3192 Episcopo
1580 3152 1852 3192 lcgcdioecesana,
1874 3162 1936 3193 cap.
1954 3151 2127 3185 Elzttherius
2144 3155 2191 3184 18.

1194 3191 1289 3234 quaess‘.
1303 3205 1330 3224 2.
1340 3194 1427 3233 gloss.
1438 3197 1471 3225 in
1481 3205 1546 3235 cap.
1562 3205 1587 3231 ι.
1599 3198 1631 3226 in
1641 3195 1980 3237 ver.,Dcfi1'pl171ae1‘71jr.z'
1990 3194 2105 3235 destitt.
2118 3197 2193 3227 splo-

1192 3238 1280 3267 nach.
1291 3238 1322 3267 δε
1333 3247 1369 3266 ex
1381 3236 1521 3269 Decreto
1532 3238 1714 3270 Innocentii
1726 3240 1935 3281 subjiciuntur
1958 3237 2110 3278 Episcopo
2124 3239 2191 3278 lege

1194 3279 1413 3320 jurisdidstionis
1421 3282 1582 3313 dumtaxat
1593 3304 1603 3317 ,
1623 3291 1656 3314 ut
1669 3292 1752 3322 patet
1764 3293 1799 3314 ex·
1816 3283 1874 3312 illis
1887 3281 1986 3312 verbis
1999 3303 2009 3317 ,
2020 3282 2190 3313 omnimode

1194 3320 1392 3361 jurisdiffioni
1404 3325 1569 3355 Ordinarti
1579 3326 1636 3356 loci
1649 3325 1848 3365 subiicitmlttr
1859 3347 1865 3354 .
1889 3324 1972 3365 Ergo
1982 3327 2019 3356 ad
2040 3318 2125 3356 illiiJS
2135 3322 2190 3366 sy-

1194 3367 1311 3396 nodum
1324 3365 1368 3396 ire
1388 3376 1453 3397 non
1466 3377 1613 3399 tenentur
1624 3391 1632 3398 .

1236 3408 1273 3438 Et
1286 3408 1509 3446 confirmatur,
1529 3411 1661 3451 quialcx
1674 3409 1878 3444 Ditrccsaua,
1899 3412 1931 3441 ἃ
1944 3409 2191 3452 lcxjurisdirstio-

1194 3451 1244 3482 nis
1263 3450 1333 3483 sunt
1349 3451 1493 3489 divense,
1517 3458 1596 3486 unde
1625 3463 1675 3485 ies
1696 3453 1835 3494 judicata
1865 3454 1980 3495 inuna
2000 3464 2066 3484 non
2090 3453 2189 3483 obstat

1788 3495 1818 3527 N
1831 3506 1852 3527 n
1896 3507 1918 3537 4
2042 3495 2147 3536 agenti
