2397 3664
289 76 362 133 28
558 65 739 140 Prosp.
758 63 992 138 Fagnan.
1011 62 1068 117 in
1087 58 1586 118 PrimumsLibrum
1605 59 1884 120 Decretal.

198 162 258 191 262
278 152 460 196 Ignorantia
469 150 629 185 vincibilis
640 151 676 183 &¹
683 147 822 191 ifftetata
831 148 1030 184 aequiparatur
1035 148 1132 185 scient
1137 148 1179 179 εἰ,

196 206 254 242 263
277 201 500 238 Argumentum
517 196 536 227 ,ι’
545 195 738 228 communiter
755 186 957 222 accidentibus
974 188 1113 220 validum
1123 186 1164 229 ost
1172 209 1181 217 .

197 248 259 284 ²⁶4
278 239 406 288 Qaestio
415 241 511 271 omnis
521 259 530 273 ‚
542 240 575 269 in
584 247 639 275 qua
649 235 685 268 de
693 240 810 274 peccato
818 232 943 263 mortali
952 232 1092 269 quaritur
1101 251 1111 265 ,
1122 230 1184 273 m'fi

322 282 462 324 expresse
472 283 591 313 veritas
599 277 742 310 habeatur
751 295 761 309 ‚
769 272 933 314 periculos&
941 272 1164 305 determinatur
1173 295 1181 304 .

197 333 235 362 26
239 337 254 370 5
277 325 407 361 Roboam
422 322 649 364 reprehenditur
657 339 667 354 ,
688 315 764 356 quod
773 317 894 358 secutus
908 314 1009 359 fuerit
1026 327 1079 349 con
1074 317 1106 360 fi
1108 317 1182 348 lium

324 369 467 409 juvenum
476 387 486 402 ,
500 363 641 397 derelicta
650 360 932 404 confilioseniorum
941 381 949 391 .

148 447 149 450 ,
199 419 259 448 266
281 416 394 446 Senum
401 411 503 453 gloria
501 406 555 492 lest
563 406 690 438 canities
699 426 707 434 .

199 462 260 496 ²⁶7
282 457 352 490 Lex
374 463 507 486 naturae
554 447 701 490 impreffio
720 445 825 480 divini
835 447 961 480 luminis
979 447 1014 478 in
1033 446 1183 478 rationali

326 506 464 530 creatura
476 515 484 523 .

201 545 260 576 268
281 543 396 574 Lumen
405 535 545 570 naturale
561 534 731 567 intellettus
741 533 783 576 est
797 531 1004 575 manifestatio
1021 534 1183 566 veritatis.

201 591 239 620 26
243 595 262 623 9
284 585 376 625 Opim
382 590 464 612 onem
473 589 628 612 erroneam
630 577 758 619 sequens
767 577 892 616 alicuius
899 574 1054 618 Magistri
1062 587 1102 608 ex
1106 576 1184 619 fim-

323 625 481 665 plicitate‚
502 633 561 655 non
582 619 760 661 excusatur.

199 680 259 708 270
280 665 392 700 Dubiis
400 669 434 698 in
442 663 528 698 rebus
536 677 595 698 non
605 662 647 706 est
656 662 695 696 de
704 662 799 706 facili
807 660 988 705 praestandus
996 660 1123 704 affenfiu
1133 683 1140 691 .

198 721 237 752 27
244 722 255 744 1
279 711 394 744 DoHor
401 708 536 754 referens
543 709 645 749 plures
652 708 805 748 opiniones
814 726 824 742 ‚
831 708 865 739 in
873 704 962 739 dubio
971 715 1059 745 quam
1067 703 1185 745 censea-

325 764 377 787 tur
389 750 554 794 approbare
563 774 571 782 .

199 808 260 838 ²72
282 797 398 831 Doffor
406 817 416 832 ‚
426 797 477 835 qui
479 795 666 839 fimpliciter
673 791 818 833 approbat
826 802 916 836 unam
926 794 1094 833 opinionem
1101 811 1111 826 ‚
1118 801 1185 822 cen-

322 840 406 883 setur
413 841 602 872 contrariam
622 835 764 879 refellere
775 858 783 865 .

199 894 260 927 273
282 883 367 917 Idem
386 882 413 924 si
421 881 506 914 dicat
522 891 610 913 unam
619 881 787 920 opinionem
797 877 850 919 effe
862 874 1097 920 probabiliorem
1107 897 1117 912 ‚
1131 874 1186 917 seu

327 929 479 959 veriorem
488 946 498 959 ‚
521 923 557 956 (ῥ’
566 923 682 964 n.scqq.
1113 944 1116 949 A

199 980 261 1012 274
281 970 456 1003 Intellet'ius
465 979 490 1000 c.
499 966 580 1000 Cum
590 963 727 1001 Martha
736 985 747 1001 ‚
769 967 796 1003 §.
805 960 983 1009 Qaefivisti
990 983 1000 999 ‚
1021 961 1059 995 de
1078 960 1186 995 celebr.

328 1014 386 1046 Mi
385 1011 495 1053 ffarum
505 1033 513 1040 .
1147 1047 1152 1053 ι

199 1065 259 1097 275
282 1058 397 1097 Opinio
405 1055 568 1086 communis
579 1050 620 1093 est
628 1048 790 1091 probabilis
798 1069 810 1085 ‚
832 1048 871 1082 (θ’
877 1059 928 1081 am
930 1050 962 1090 pl
965 1048 1086 1082 ec'ienda
1095 1049 1130 1081 in
1140 1058 1186 1088 yu-

328 1098 474 1131 dicando,
496 1095 534 1128 ὠ·
542 1092 738 1135 consulendo.

200 1148 259 1181 276
283 1141 362 1184 Nifi
370 1141 523 1172 contraria
526 1138 573 1180 fit
583 1135 766 1178 probabilior
775 1156 786 1171 ,
793 1135 847 1178 seu
856 1137 961 1168 verior
969 1155 979 1171 ‚
989 1147 1017 1167 n.
1027 1137 1099 1176 438.

200 1189 260 1226 278
282 1186 443 1219 Rationem
460 1181 620 1213 dimittens
635 1187 757 1221 propter
771 1178 988 1211 authoritatem
1006 1177 1166 1211 humanam
1174 1198 1185 1214 ‚

326 1224 439 1259 incidit
448 1227 482 1257 in
491 1224 551 1268 inst
552 1225 701 1264 pientiam
716 1219 871 1263 bestialem
881 1244 889 1253 .

200 1281 260 1312 279
282 1272 463 1311 Opinionem
473 1277 654 1300 communem
657 1266 782 1308 sequens
789 1286 799 1300 ‚
806 1263 973 1306 posthabita
982 1266 1117 1300 veriori,
1129 1275 1186 1297 ex-

326 1313 445 1355 cusatur
460 1310 479 1343 a
487 1319 574 1351 poena
589 1312 623 1342 in
630 1308 703 1353 foro
711 1317 838 1341 externo
847 1328 857 1344 ‚
870 1307 930 1352 sed
946 1319 1005 1341 non
1026 1307 1186 1349 excusatur

327 1359 360 1389 in
374 1355 447 1399 foro
456 1354 654 1397 conscientia.

284 1402 397 1440 Opinio
408 1399 574 1431 communis
583 1396 702 1428 inducit
710 1405 842 1428 errorem
849 1392 1032 1435 probabilem
1040 1415 1050 1429 ‚
1065 1391 1141 1427 ibid.

198 1448 259 1478 280
281 1440 447 1483 ‘Theodofii
456 1442 650 1480 Imperatoris
658 1438 785 1471 edilium
802 1438 839 1470 de
848 1440 985 1479 opinione
996 1435 1186 1481 proferenda

325 1489 358 1517 in
375 1482 529 1526 discordia
535 1482 826 1526 JuriJconsultorum
837 1504 844 1512 .

197 1533 255 1563 281
280 1527 427 1563 Probatio
437 1528 557 1568 plenior
571 1523 708 1567 absorbet
729 1528 765 1559 ΕΤ·
775 1523 934 1569 confundit
954 1522 1057 1559 minus
1064 1524 1185 1565 plenam

325 1569 436 1605 direti&
446 1570 607 1614 oppofitam
615 1590 626 1604 ‚
647 1568 684 1601 &⁶
692 1566 809 1608 msam.

196 1621 256 1650 282
280 1613 387 1658 Testes
395 1615 495 1656 plures
504 1616 537 1645 in
546 1610 686 1652 concursu
700 1611 869 1652 prevalent
875 1609 1060 1652 paucioribus
1069 1633 1078 1641 .

195 1663 255 1702 283
278 1661 422 1693 Rationes
431 1657 490 1689 dua
499 1659 626 1689 vincunt
634 1665 723 1687 unam
730 1675 741 1690 ‚
762 1653 800 1688 ῥ’
809 1657 890 1687 ratio
899 1654 998 1699 fortis
1006 1652 1185 1696 minitsfor-

323 1712 385 1735 tem
401 1701 503 1734 tollit.

195 1749 258 1788 284
277 1747 393 1787 Opinio
401 1747 434 1776 in
443 1742 581 1784 concurfit
587 1738 802 1783 probabilioris
811 1751 869 1773 non
879 1739 922 1781 est
930 1738 1093 1782 probabilis
1103 1761 1112 1777 2
1125 1739 1186 1784 sed

321 1786 520 1828 reprobabilis
529 1809 537 1817 .

194 1836 252 1873 285
276 1835 357 1866 Pars
373 1830 470 1870 major
491 1841 526 1863 ac
534 1829 643 1871 sanior
658 1829 806 1870 prevalet
812 1829 846 1860 in
854 1825 986 1860 omnibus
994 1825 1107 1860 actibus
1117 1828 1184 1859 uni-

324 1887 380 1907 ver
376 1875 486 1918 sitatis
494 1896 502 1905 .

192 1922 252 1952 286
274 1917 512 1960 Constitutiones
526 1916 735 1949 nonnullorum
757 1912 912 1947 Ordinum
930 1916 1102 1955 precipiunt
1115 1913 1184 1955 fitis

314 1959 450 2003 subditis
459 1957 656 2000 Regularibus
666 1979 677 1994 ‚
696 1967 728 1990 ut
738 1960 770 1990 in
779 1957 997 2001 controversiis
1017 1955 1183 1990 moralibus

310 2005 477 2047 sequantur
486 2005 636 2043 opiniones
646 2003 743 2041 magis
757 1998 929 2041 probabiles
937 2022 945 2030 .

191 2051 252 2088 287
273 2047 418 2089 Episcopi
429 2045 599 2089 Graſjenfis
608 2045 777 2091 Synodalis
798 2041 968 2075 admonitio
977 2042 1019 2075 ad
1023 2041 1183 2090 §onfeffav

319 2093 383 2124 rios
391 2092 482 2123 nimis
491 2089 680 2129 indulgentes
688 2109 698 2124 ,
719 2089 767 2126 qui
777 2087 916 2119 laxiores
925 2106 936 2122 ,
952 2086 1105 2128 minusque
1111 2094 1182 2126 pro-

319 2132 433 2167 babiles
441 2135 594 2174 opiniones
597 2130 762 2173 sequuntur
771 2153 780 2161 .

191 2181 254 2211 288
275 2179 391 2218 Opinio
392 2177 459 2218 sem
462 2185 514 2216 per
524 2174 664 2215 eligenda
674 2195 684 2210 ‚
704 2182 756 2214 per
765 2183 853 2212 quam
861 2174 944 2205 Deus
957 2174 1052 2211 magis
1061 2172 1095 2210 gl
1097 2173 1143 2202 ori
1144 2170 1183 2211 fi-

318 2230 406 2254 catur
413 2241 424 2256 ‚
442 2219 480 2253 ό*
491 2230 548 2258 qua
556 2218 701 2257 majorem
708 2214 796 2251 habet
803 2215 1048 2259 conformitatem
1058 2225 1123 2247 cum
1131 2224 1184 2246 ar-

318 2264 367 2296 &a
385 2265 441 2296 via
462 2262 635 2302 Evangelii
642 2283 652 2292 .

189 2310 251 2346 289
272 2309 420 2340 Immunis
429 2305 471 2348 est
479 2305 500 2339 a¹
508 2314 627 2346 peccato
645 2305 815 2343 relinquens
824 2304 993 2344 opinionem
1002 2322 1013 2337 ‚
1033 2310 1121 2340 quam
1130 2310 1184 2332 ve-

318 2360 387 2382 ram
406 2347 505 2382 credit
514 2370 526 2384 ,
546 2348 584 2382 (ῥ’
604 2350 702 2388 magis
711 2356 809 2379 tutam
820 2367 830 2382 ,
850 2356 883 2378 ut
898 2345 1042 2387 sequatur
1062 2352 1184 2376 contra-

319 2395 400 2425 riam
408 2413 419 2428 ,
440 2391 481 2434 est
490 2392 651 2435 propofitio
664 2401 721 2423 non
730 2388 890 2422 toleranda
901 2411 909 2419 .

192 2446 255 2475 290
277 2437 381 2468 Certis
400 2437 519 2467 incerta
524 2443 695 2474 preponens
716 2435 750 2465 in
759 2431 846 2465 rebus
869 2430 912 2464 ad
925 2431 1063 2473 salutem>
1077 2431 1184 2462 anime

317 2475 538 2519 pertinentibus
545 2497 556 2512 ‚
574 2479 717 2517 graviter
723 2485 828 2517 peccat
836 2498 845 2505 .

194 2532 253 2560 291
274 2521 447 2556 Periculum
455 2523 503 2558 qui
512 2531 569 2551 non
578 2531 596 2551 a
592 2518 705 2562 stimat
716 2539 726 2553 ‚
747 2516 940 2557 imprudens,
962 2528 997 2550 ac
1005 2517 1184 2549 temerarius
1198 2532 1203 2538 ·

320 2562 361 2606 est
369 2585 379 2600 ‚
399 2563 476 2603 quod
484 2561 619 2604 pluribus
629 2561 776 2600 exemplis
785 2559 951 2602 ostenditur
964 2582 973 2590 .

196 2619 213 2640 2
217 2618 257 2645 92
277 2608 427 2641 Doctrina
437 2605 475 2639 de
492 2606 633 2638 elettione
644 2605 791 2644 opinionis
807 2602 909 2635 minus
915 2601 1079 2642 probabilis
1088 2603 1185 2634 conti-

323 2660 372 2682 net
381 2651 480 2682 multa
497 2646 627 2691 absurda
636 2667 647 2683 ‚
667 2656 723 2685 qua
733 2643 781 2679 hic
796 2644 971 2689 referuntur
990 2643 1010 2676 a'
1021 2655 1101 2676 num.
1114 2654 1184 2685 293.

326 2693 409 2733 usque
422 2692 463 2725 ad
479 2705 509 2725 n.
520 2702 588 2734 340.

197 2745 257 2778 293
281 2734 427 2768 Medicus
435 2734 563 2775 prabens
570 2742 676 2775 aegroto
684 2731 934 2765 medicamentum
942 2751 953 2766 ,
962 2728 1036 2769 quod
1043 2727 1183 2771 probabi-

326 2776 388 2811 lius
401 2776 491 2819 paffet
500 2776 607 2821 obeffe‚
627 2785 733 2818 peccat
746 2785 851 2808 contra
871 2773 1040 2816 justitiam,
1062 2771 1100 2806 ὠ·
1118 2784 1187 2807 con-

328 2830 379 2852 tra
396 2819 592 2857 charitatem,
614 2820 651 2854 &⁶
670 2831 721 2852 nn.
726 2817 809 2859 seqq.

199 2875 263 2905 294
285 2862 466 2904 Periculose
476 2867 661 2896 committens
670 2884 680 2898 ‚
690 2861 804 2904 stultus
815 2882 824 2897 ‚
834 2864 870 2894 Θ*
872 2859 981 2904 fatuus
991 2858 1105 2892 dicitur
1114 2881 1123 2890 .

201 2915 259 2946 295
283 2906 428 2940 Medicus
439 2906 552 2948 salutis
559 2909 664 2946 gratia
681 2904 741 2948 est.

202 2954 261 2989 296
283 2949 461 2982 Sacerdotes
471 2969 481 2983 ‚
503 2947 539 2980 (θ’
560 2948 694 2990 Pastores
704 2948 841 2992 Ecclesia
854 2947 929 2989 fient
950 2943 1076 2980 Medici
1090 2943 1188 2986 spiri-

329 2993 444 3027 tuales,
464 2994 514 3030 qui
524 2991 678 3024 medentur
693 2988 883 3031 languoribus
891 2992 996 3022 anima
1008 3011 1017 3020 .

203 3046 265 3076 297
287 3038 381 3069 Mors
391 3044 501 3067 aterna
521 3031 605 3074 longe
611 3037 706 3075 magis
719 3033 762 3077 est
764 3031 969 3079 formidanda
977 3053 988 3069 ,
1007 3030 1097 3072 quim
1105 3041 1188 3064 mors

331 3088 391 3111 tem
412 3079 508 3110 oralis
517 3100 525 3108 .

205 3124 266 3159 298
279 3087 424 3165 Ικάίειζη
430 3119 506 3161 posse
516 3119 649 3159 iudicare
659 3128 711 3160 pro
719 3129 806 3160 parte
816 3119 916 3154 minus
935 3116 1084 3160 probabili
1093 3116 1188 3159 osten-

334 3164 419 3196 ditur
427 3164 479 3204 el]e
488 3163 645 3205 absurdum
654 3183 664 3198 ‚
687 3161 723 3195 (θ’
733 3163 869 3204 nn.seqq.
881 3162 918 3196 (ῥ’
929 3174 958 3195 n.
972 3170 1039 3203 355.

205 3217 267 3245 299
279 3206 388 3249 Judex
399 3205 440 3249 est
455 3205 592 3248 minister
601 3208 681 3241 Dei,
703 3205 831 3239 &debet
846 3205 1035 3250 conformare
1044 3204 1188 3243 iudicium

335 3261 398 3282 cum
408 3259 543 3282 veritate
553 3271 561 3280 .

207 3302 268 3335 300
289 3293 358 3324 Nec
366 3292 457 3334 potest
464 3302 569 3325 contra
577 3303 642 3324 eam
649 3293 843 3331 pronunciare
853 3303 917 3324 cum
929 3291 1028 3326 libera
1037 3289 1186 3332 conscien-

334 3337 381 3367 tia
391 3355 401 3369 5
421 3336 457 3367 (θ’
493 3346 579 3368 ecura
588 3357 596 3365 .

207 3387 264 3422 301
279 3376 441 3423 Judicinm
456 3342 522 3420 flori
532 3377 712 3421 contentiosi
727 3387 786 3410 non
796 3374 900 3418 differt
916 3377 936 3409 a
948 3377 1058 3416 iudicio
1067 3378 1100 3409 in
1115 3375 1188 3420 foro

333 3423 437 3452 anima
454 3421 547 3457 quoad
564 3419 776 3464 obligationem
790 3418 923 3462 eligendi
939 3423 1106 3463 opinionem
1121 3430 1187 3453 ma-

333 3466 381 3505 gis
397 3461 592 3504 probabilem.

1231 153 1288 185 302
1311 150 1425 182 Accepi
1432 156 1458 173 io
1467 144 1661 183 personarum
1669 146 1796 182 gravius
1805 144 2007 184 chpeccatum
2015 148 2049 179 in
2056 146 2211 190 dispensa-

1355 188 1436 218 tione
1446 196 1547 217 rerum
1548 186 1760 228 spiritualium
1770 207 1780 221 ‚
1802 187 1891 224 quam
1900 190 2117 227 temporalium
2124 213 2133 222 .

1228 239 1286 271 303
1308 230 1489 269 Opinionem
1497 229 1605 260 nedum
1611 226 1860 272 probabilemffed
1869 241 1921 261 nec
1926 229 2157 270 probabiliorem
2157 233 2210 276 se·

1353 273 1403 310 qui
1423 271 1496 303 licet
1505 273 1539 304 in
1546 270 1813 314 administratione
1820 275 2087 306 Sacramentorum
2096 294 2108 310 ,
2117 286 2209 315 quan-

1355 314 1393 346 do
1399 313 1533 355 suppetit
1545 317 1676 346 materia
1685 325 1768 347 certa
1777 337 1785 345 .

1228 369 1289 401 304
1309 358 1461 391 Doctrina
1470 358 1507 388 de
1513 355 1609 390 libera
1618 358 1758 390 eleftione
1765 360 1914 400 opinionis
1927 358 2096 401 probabilis
2102 359 2209 394 inver-

1354 403 1397 433 tit
1406 399 1542 432 ordinem
1551 399 1658 438 iudicii
1665 403 1699 432 in
1699 399 1772 443 foro
1778 404 1986 441 poenitentiali
1998 424 2008 439 ‚
2018 402 2056 436 ῥ’
2063 403 2178 446 n.seqq.

1229 452 1286 487 305
1308 441 1465 486 Confeffor
1482 441 1645 481 secundum
1655 443 1772 481 aliquos
1778 455 1837 475 non
1841 443 1936 487 potest
1942 445 2088 486 denegare
2094 444 2209 488 absolu-

1355 489 1468 519 tionem
1477 486 1601 525 eligenti
1611 487 1778 526 opinionem
1787 487 1889 519 minus
1898 487 2091 527 probabilem,
2102 489 2139 522 ὠ·
2148 491 2209 522 mi-

1355 529 1412 563 nias
1421 538 1519 561 tutam
1533 540 1547 566 ;
1555 527 1592 561 ὠ·
1602 527 1774 568 denegando
1782 537 1883 569 peccat
1892 533 2077 568 mortaliter,
2086 533 2209 577 etiamst

1354 571 1461 606 credat
1466 574 1644 613 poenitentis
1654 574 1821 612 opinionem
1832 570 1886 612 effe
1886 571 2008 615 falsam
2017 595 2028 611 ‚
2038 573 2114 608 ibid.
2213 579 2215 582 “

1230 620 1288 658 306
1311 617 1433 650 Bellum
1440 626 1480 647 ex
1490 625 1614 654 utraque
1620 623 1709 655 parte
1716 612 1823 655 justum
1831 625 1890 646 non
1896 615 1989 648 datur
1997 638 2007 653 ,
2015 622 2119 659 n.318.

1229 668 1290 700 307
1310 662 1354 692 Po
1355 658 1451 735 {segor
1458 657 1572 691 dicitur
1580 656 1686 691 habere
1690 659 1809 698 potiora
1817 657 1885 696 jura
1894 678 1904 693 2
1911 661 2033 703 etiamst
2040 662 2156 694 nullum
2161 660 2210 705 jus

1375 714 1393 734 a
1415 711 1464 734 eat
1474 724 1482 732 .

1313 747 1446 784 Rex‚qui
1452 743 1579 786 pacifici
1587 755 1709 784 regnum
1716 744 1886 787 poffidet,in
1896 746 2030 784 paritate
2039 744 2209 786 opinionum

1355 790 1504 826 utrimque
1511 785 1711 828 probabilium
1721 808 1731 823 ‚
1753 790 1887 826 iniquum
1895 784 1938 829 est
1946 807 1957 823 ‚
1977 796 2010 819 ut
2025 786 2128 830 desua
2145 791 2210 833 pos-

1349 830 1476 872 seffione
1486 833 1522 862 vi
1529 829 1692 869 deiiciatur
1701 851 1711 866 ‚
1731 828 1797 863 ibid
1806 852 1814 860 .

1230 876 1289 917 308
1309 875 1429 909 Bellum
1436 874 1456 905 a'
1467 873 1603 915 spoliato
1619 876 1738 906 moveri
1753 870 1845 915 potest
1853 871 1959 914 solum
1973 875 2177 908 incontinenti
2190 895 2210 912 a

1356 928 1414 949 non
1423 926 1524 949 autem
1534 927 1574 948 ex
1582 917 1750 949 intervallo
1760 939 1768 947 .

1228 970 1290 1005 309
1311 960 1463 995 Dofirina
1469 958 1506 992 de
1514 957 1610 992 libera
1618 960 1760 992 electione
1769 961 1918 1000 opinionis
1931 958 2097 1000 probabilis
2111 958 2213 1001 publi-

1354 1014 1421 1037 cam
1428 1011 1531 1043 pacem
1540 1004 1694 1035 multoties
1701 1000 1804 1036 turbat
1813 1024 1823 1038 ‚
1845 1001 2070 1046 &inflammat
2087 1005 2211 1038 Princi-

1353 1055 1406 1088 pes
1413 1050 1455 1078 ad
1464 1044 1544 1079 bella
1551 1045 1682 1085 gerenda
1692 1068 1700 1076 .

1229 1099 1246 1132 3
1253 1099 1265 1122 ι
1271 1102 1292 1123 0
1311 1090 1430 1125 Bellum
1438 1087 1480 1131 est
1486 1088 1619 1130 perditio
1627 1092 1732 1122 anima
1742 1110 1752 1126 ‚
1761 1091 1892 1130 corporis
1902 1110 1913 1125 ‚
1923 1087 2135 1133 &substantia
2142 1113 2152 1122 .

1230 1143 1287 1176 311
1311 1135 1495 1174 opinionum
1506 1132 1706 1176 oppositarum
1714 1142 1867 1171 utcumque
1876 1131 2079 1172 probabilium
2097 1143 2213 1175 oportet

1355 1187 1446 1209 unam
1455 1174 1509 1217 effe
1518 1186 1626 1208 veram
1635 1196 1646 1211 ‚
1656 1174 1694 1208 Θ
1700 1176 1832 1208 alteram
1836 1174 1954 1219 falsam
1962 1198 1972 1213 ‚
1994 1177 2032 1210 Φ·
2045 1180 2096 1216 qui
2112 1178 2211 1220 consu—

1356 1219 1398 1252 lit
1406 1239 1417 1255 ,
1436 1219 1490 1251 vel
1498 1217 1779 1259 judicatsecundum
1788 1229 1942 1258 utramque
1951 1241 1961 1256 ‚
1982 1219 2139 1262 neceffizrio
2160 1230 2213 1261 pro

1358 1274 1419 1296 una
1423 1270 1514 1302 parte
1522 1263 1611 1302 eligit
1613 1261 1667 1306 fal
1662 1261 1731 1304 fiam
1742 1271 1806 1295 tam
1815 1264 2022 1296 materialiter
2029 1284 2041 1299 ‚
2051 1262 2213 1308 quamfor-

1357 1306 1484 1339 maliter
1493 1325 1504 1340 ,
1524 1304 1562 1338 Θ
1569 1317 1599 1337 n.
1602 1308 1686 1347 seqq.

1229 1358 1289 1392 312
1310 1347 1522 1433 P'Jbabmm
1541 1347 1754 1392 indifferenter
1767 1348 1804 1392 se
1822 1347 1910 1383 habet
1917 1348 1958 1382 ad
1965 1360 2073 1384 verum
2080 1370 2091 1386 ²
2101 1348 2213 1394 &fal-

1370 1403 1420 1425 um
1430 1414 1438 1423 .

1229 1444 1287 1479 313
1308 1434 1477 1469 Advocato
1486 1447 1546 1469 non
1555 1436 1628 1471 licet
1634 1444 1689 1478 pro
1698 1445 1822 1476 utraque
1827 1444 1918 1478 parte
1926 1438 2064 1479 scienter
2076 1438 2213 1478 patroci-

1355 1481 1446 1515 nari,
1466 1491 1496 1511 n.
1508 1488 1576 1521 315.

1229 1533 1245 1566 3
1252 1533 1289 1565 14
1310 1523 1460 1557 Domina
1477 1520 1514 1555 de
1529 1521 1627 1556 libera
1642 1524 1785 1557 olei'iione
1811 1522 2013 1565 probabilium
2041 1525 2212 1565 opinionum

1354 1568 1415 1599 vix
1423 1564 1465 1598 ad
1471 1569 1599 1607 praxim
1607 1566 1712 1600 deduci
1720 1566 1813 1609 potest
1815 1569 1884 1612 fine
1885 1566 2035 1608 scandalo
2047 1589 2056 1598 .

1229 1618 1286 1652 315
1307 1611 1522 1645 Contrarictas
1531 1612 1629 1650 turpis
1641 1609 1683 1653 est
1690 1614 1724 1642 in
1733 1611 1863 1643 Doft‘ore
1874 1633 1882 1641 .

1227 1663 1244 1695 3
1251 1658 1288 1687 16
1310 1655 1437 1687 Amicis
1446 1651 1554 1686 duobus
1562 1656 1595 1685 in
1604 1657 1767 1686 contrariis
1776 1651 1966 1695 opinionibus
1984 1650 2183 1696 existentibus
2204 1673 2216 1689 ,

1347 1696 1486 1738 santium
1494 1695 1537 1738 est
1541 1705 1597 1737 pro
1605 1700 1740 1729 veritate
1747 1706 1883 1738 pugnare
1893 1719 1901 1728 .

1227 1748 1243 1780 3
1251 1749 1287 1779 17
1308 1737 1508 1780 Opinionibus
1516 1738 1754 1781 discrepantibus
1774 1761 1785 1776 ,
1805 1743 1910 1773 conari
1919 1742 1983 1779 quis
1999 1737 2085 1774 debet
2101 1736 2211 1772 habere

1343 1781 1489 1826 Judicem
1497 1785 1659 1823 propitium
1672 1803 1682 1818 ‚
1703 1795 1762 1816 non
1770 1793 1873 1816 tamen
1882 1782 2106 1816 claudicantem
2114 1804 2122 1813 .

1226 1835 1243 1869 3
1250 1829 1286 1859 18
1308 1825 1455 1913 Deffendſjo
1462 1837 1520 1859 non
1529 1828 1671 1870 competit
1679 1828 1708 1860 ei
1715 1847 1725 1864 ‚
1744 1829 1794 1868 qui
1798 1824 1894 1871 potest
1901 1824 1975 1869 juste
1985 1824 2023 1859 ὠ·
2031 1823 2153 1867 impune
2163 1824 2210 1870 of-

1367 1882 1403 1901 en
1426 1883 1438 1902 ι
1448 1892 1456 1900 ι

1228 1922 1244 1954 3
1251 1922 1288 1949 19
1310 1914 1466 1946 Boii-rina
1473 1917 1511 1945 de
1528 1913 1624 1947 libera
1641 1915 1782 1947 elei'tione
1797 1915 1946 1954 opinionis
1958 1910 2124 1954 probabilis
2143 1923 2213 1945 con-

1351 1957 1445 1989 vellit
1454 1954 1629 1990 libertatem
1644 1956 1682 1991 ω’·
1698 1960 1924 1990 immunitatem
1932 1955 2179 1999 Ecclesiasticam
2201 1977 2210 1987 .

1226 2008 1287 2041 320
1307 1997 1423 2032 Reddit
1430 1998 1562 2032 homines
1570 2003 1698 2039 ignavos
1706 2021 1717 2036 ,
1727 2001 1827 2043 eofi1ue
1834 1998 1872 2033 ab
1881 2002 1964 2032 omni
1966 1997 2070 2042 studio
2079 2007 2213 2032 contem-

1350 2041 1466 2082 plandae
1476 2045 1624 2074 veritatis
1631 2041 1753 2076 abducit
1763 2067 1770 2074 .

1311 2085 1452 2118 Relaxat
1457 2083 1598 2126 fidelium
1608 2086 1805 2128 conscientias
1813 2107 1824 2122 ‚
1835 2097 1865 2118 n.
1875 2095 1943 2128 322.
1965 2085 2004 2119 ό·
2016 2094 2084 2128 337.

1309 2129 1403 2160 Parit
1411 2125 1593 2168 effraertatam
1605 2129 1747 2169 opinioni}
1755 2129 2026 2163 multitudinemm.
2031 2139 2046 2169 3
2053 2127 2141 2168 30.&
2145 2138 2158 2170 3
2165 2131 2211 2169 38.

1310 2171 1429 2209 Aperit
1438 2171 1524 2200 >viam
1534 2172 1616 2209 opini
1619 2170 1719 2202 onibus
1722 2171 1777 2214 fal
1772 2172 1830 2214 fis,
1837 2172 2012 2202 temerariis
2020 2190 2030 2205 ‚
2040 2170 2212 2213 &scanda-

1352 2212 1445 2255 losis‚
1465 2223 1496 2243 n.
1510 2221 1576 2252 335.
1585 2211 1622 2244 Φ
1635 2217 1701 2253 338.

1309 2255 1386 2287 Non
1393 2255 1479 2286 tollit
1481 2254 1635 2296 scrupulos
1644 2254 1714 2297 ‚sed
1721 2253 1839 2288 hebetat
1848 2255 2047 2296 conscientias
2053 2276 2064 2291 ‚
2075 2267 2105 2288 n.
2118 2266 2192 2298 401.

1225 2307 1283 2341 321
1309 2299 1408 2331 Astus
1415 2297 1650 2336 argumentandi
1660 2296 1702 2339 est
1710 2298 1789 2338 apud
1805 2297 1942 2341 infinitos
1957 2319 1968 2334 ‚
1985 2299 2132 2343 conclusio
2150 2299 2214 2343 res-

1350 2339 1523 2383 pandendi,
1544 2345 1582 2373 (7·
1591 2340 1742 2373 medicina
1746 2341 1884 2382 sanandi
1892 2342 1970 2382 apud
1976 2350 2083 2382 paucos
2093 2365 2101 2372 .

1226 2393 1286 2426 322
1306 2386 1344 2417 In
1366 2394 1435 2416 occa
1436 2384 1518 2425 stone
1535 2386 1681 2424 proxima
1699 2387 1816 2424 peccati
1825 2396 1865 2417 ex
1879 2385 2037 2427 sententia
2060 2397 2094 2418 cu
2096 2384 2213 2428 jusdam

1353 2426 1504 2466 Theologi
1512 2427 1632 2459 licitum
1640 2425 1684 2468 est
1691 2427 1886 2470 perseverare
1893 2426 2002 2469 obfui,
2023 2430 2076 2462 vel
2083 2429 2213 2463 alterius

1352 2470 1537 2503 commodum
1539 2469 1705 2511 spirituale
1713 2491 1723 2505 ‚
1732 2472 1785 2502 vel
1794 2472 1961 2511 temporale
1969 2493 1976 2502 .

1227 2523 1288 2556 324
1307 2511 1547 2548 Concubinarius
1554 2524 1596 2544 ex
1603 2512 1755 2555 cujusdam
1763 2513 1910 2554 Theologi
1918 2513 2076 2555 sententia
2094 2527 2154 2548 non
2168 2525 2214 2549 te-

1353 2566 1441 2589 netur
1448 2555 1639 2589 concubinam
1647 2556 1663 2589 ὲ
1672 2556 1758 2590 domo
1764 2557 1982 2598 expellere‚sed
1991 2557 2114 2591 tantiam
2121 2559 2214 2600 polli-

1353 2602 1416 2632 ceri
1437 2598 1468 2638 [ι
1476 2609 1541 2631 cum
1550 2599 1617 2640 ipsa
1626 2611 1684 2632 non
1694 2609 1883 2641 peccaturum
1892 2620 1903 2636 ‚
1913 2600 2030 2640 quando
2037 2613 2073 2633 ea
2091 2599 2213 2645 dimtffa

1353 2641 1436 2683 tristi
1440 2642 1476 2675 us
1485 2645 1586 2675 vitam
1595 2642 1715 2675 duceret
1726 2665 1735 2674 .

1227 2693 1284 2728 325
1305 2684 1438 2726 Missam
1447 2683 1573 2717 audiens
1584 2706 1594 2720 ‚
1605 2684 1643 2718 ὠ·
1653 2685 1793 2719 divinum
1802 2686 1934 2728 officium
1944 2688 2077 2720 recitans
2085 2698 2151 2719 cum
2160 2686 2210 2719 di-

1346 2727 1512 2771 structione
1520 2728 1734 2764 volutariamb‘
1731 2729 1893 2773 satisfacit
1898 2738 2040 2770 pracepto
2051 2731 2191 2775 Ecclesia
2199 2753 2209 2762 .

1227 2775 1286 2815 326
1308 2770 1507 2847 Reiularibus
1514 2770 1601 2815 nefas
1609 2771 1650 2815 est
1658 2772 1803 2806 relufiari
1810 2775 1897 2813 Papa
1904 2771 2149 2815 reformationem
2159 2776 2210 2806 in-

1379 2824 1470 2847 iccntt
1480 2837 1488 2846 .

1228 2867 1288 2901 327
1309 2860 1490 2899 Opinionem
1499 2857 1601 2893 minus
1605 2856 1788 2900 probabilem
1795 2856 1951 2903 Confeffir
1954 2858 2050 2901 potest
2067 2860 2177 2899 eligere
2197 2880 2208 2895 ‚

1353 2899 1422 2935 ciam
1429 2910 1483 2942 per
1490 2913 1556 2934 eam
1564 2904 1676 2934 eximit
1684 2904 1878 2941 poenitentem
1888 2901 1927 2935 ab
1935 2904 2040 2941 aliqua
2049 2901 2208 2942 obligatio-

1353 2955 1390 2977 ne
1400 2965 1410 2980 ,
1421 2956 1460 2976 ex
1470 2945 1653 2983 quorundam
1661 2944 1881 2985 Theologorum
1886 2946 2042 2986 sententia
2051 2968 2059 2975 .

1227 2991 1288 3031 328
1308 2989 1355 3020 Et
1363 2997 1483 3020 tenetur
1490 2990 1656 3027 opinionem
1666 2986 1849 3021 liberantem
1860 2987 2059 3022 &laxiorem
2069 2988 2210 3021 indicare

1352 3033 1515 3071 poenitents
1526 3030 1564 3063 de
1571 3031 1632 3063 illa
1639 3033 1844 3070 interroganti
1854 3054 1862 3063 .

1229 3084 1266 3118 32
1269 3084 1288 3112 9
1309 3074 1500 3116 Propofitum
1506 3072 1615 3106 habens
1623 3076 1728 3106 varios
1736 3075 1882 3107 Doctores
1898 3073 2067 3117 consulendi
2084 3095 2094 3110 ‚
2117 3073 2208 3108 donec

1355 3118 1485 3155 aliquem
1492 3116 1583 3155 juxta
1590 3117 1860 3160 defideriumsuum
1875 3118 2100 3161 respondentem
2121 3121 2153 3150 in
2160 3131 2210 3151 ve-

1356 3162 1424 3192 niat
1434 3181 1444 3195 ‚
1464 3172 1506 3192 an
1509 3161 1555 3202 stt
1564 3169 1646 3192 tutus
1653 3163 1688 3192 in
1695 3161 1878 3202 conscientia
1886 3183 1894 3191 .

1230 3213 1246 3245 3
1253 3212 1290 3245 30
1310 3205 1494 3244 Opinionum
1503 3201 1700 3243 probabilium
1709 3203 1796 3236 hodie
1804 3214 1867 3236 tam
1876 3207 1982 3245 ingens
1989 3203 2030 3246 est
2048 3216 2188 3238 numerus
2198 3225 2210 3240 ,

1356 3255 1389 3278 ut
1401 3244 1497 3278 libera
1507 3247 1634 3279 illarum
1643 3247 1745 3278 eleetio
1760 3247 1905 3279 videatur
1915 3247 2029 3291 fovere
2059 3250 2209 3288 quandam

1357 3290 1455 3321 veluti
1464 3287 1638 3322 libertatem
1647 3289 1829 3331 confi-lentie
1836 3311 1847 3326 ‚
1869 3290 1907 3323 ὠ·
1914 3303 1964 3323 nn.
1971 3291 2054 3332 seqq.

1230 3341 1285 3375 331
1310 3332 1451 3365 Denaris
1460 3335 1547 3365 unius
1555 3331 1726 3365 authoritas
1734 3332 1881 3377 anfaciat
1890 3337 2057 3375 opinionem
2072 3331 2194 3375 probabi
2198 3352 2210 3356 —

1356 3376 1414 3407 lem
1423 3387 1463 3407 ex
1471 3387 1504 3408 eo
1512 3396 1522 3410 ‚
1532 3375 1606 3414 quod
1613 3377 1801 3415 generaliter
1804 3377 1851 3420 fic
1859 3376 1983 3410 doceant
1992 3387 2118 3417 quatuor
2127 3396 2137 3412 a
2158 3377 2211 3409 ‘vel

1355 3421 1480 3457 quinque
1489 3419 1637 3451 Doetores
1647 3441 1654 3449 .
1848 3446 1852 3447 ⁷

1231 3470 1288 3504 332
1311 3462 1372 3503 Opi
1375 3464 1478 3497 niones
1488 3460 1653 3503 probabiles
1663 3462 1778 3505 efficere
1785 3483 1796 3501 ‚
1819 3473 1852 3498 ut
1872 3463 1948 3505 quod
1967 3466 2042 3499 olim
2059 3471 2211 3505 pecc-atum

2077 3517 2165 3541 erat,
