2397 3664
163 265 219 303 146

159 1215 218 1250 ¹47

156 1859 215 1900 148

157 2170 216 2202 149

182 3377 241 3413 150

245 134 319 175 quia
339 128 513 163 intellectus
522 128 648 162 divinus
670 130 828 169 cognoscit
841 136 891 166 per
911 125 1104 159 intellectum
1116 126 1229 168 simpli-

243 178 289 209 cis
304 175 509 217 quidditatis,
530 183 595 204 non
604 181 709 204 autem
731 169 969 210 componendo,
990 171 1022 201 ὅ(
1041 170 1233 201 ratiocinan-

243 221 284 251 do
294 239 304 253 ,
327 228 360 250 ut
372 219 462 249 docet
474 215 605 249 Sanctus
614 215 755 246 Thomas
765 214 797 243 in
812 221 837 242 1.
847 219 914 251 par.
925 210 1018 252 quast.
1030 215 1077 250 85.
1088 222 1149 244 art.
1163 221 1188 251 5.
1199 214 1233 244 &

244 262 321 295 sicut
332 263 445 304 legitur
462 262 495 292 in
505 271 529 291 c.
542 259 577 291 A
597 256 700 291 nobis,
721 257 746 286 il
759 252 831 286 2.de
843 253 978 295 sentent.
988 265 1175 287 excommun.
1188 255 1234 294 ju-

244 308 364 338 dicium
381 303 444 335 Dei
453 303 567 344 semper
584 301 731 332 innititur
750 298 897 333 veritati,
916 308 984 339 quae
1007 308 1168 339 nunquam
1177 298 1233 330 fal-

244 350 300 384 lit,
322 357 379 379 nec
400 346 516 379 fallitur
537 356 544 375 τ
567 344 718 384 judicium
732 339 807 372 vero
829 340 971 373 Ecclesiae
993 351 1234 381 nonnumquam

242 391 428 433 opinionem
439 388 572 429 sequitur
581 406 591 420 ‚
613 394 709 425 quam
718 383 821 416 fallere
829 383 904 426 saepe
914 385 1074 425 contingit
1085 405 1094 419 ,
1105 386 1137 416 &
1148 384 1213 416 falli
1224 407 1232 414 .

245 435 284 468 Et
295 442 401 475 patent
410 430 548 471 exempla
558 430 589 459 in
599 439 623 459 c.
634 429 732 459 Lator
741 448 752 462 ,
764 429 798 460 δε
810 429 844 459 in
852 438 876 459 c.
890 428 1113 469 consanguinei
1123 448 1132 462 ‚
1155 427 1192 459 de
1202 438 1234 458 re

243 477 333 518 judic.
345 477 420 508 &in
429 486 452 506 c.
462 472 704 506 fraternitatis,
724 470 761 503 de
776 469 891 512 frigid.
903 470 941 503 (ff
961 470 1066 514 malef.
1077 472 1151 504 &in
1160 482 1184 502 c.
1195 473 1233 503 Si

241 522 308 560 quis
324 530 382 550 non
403 517 500 550 reno,
525 525 572 555 24.
596 511 689 556 quast.
700 523 726 555 3.
742 514 830 546 Dum
851 514 1112 556 etgoAristoteles
1133 516 1233 549 dixit,

242 564 430 606 problemata
448 558 681 591 dubitationem
699 556 808 589 habere
831 567 955 599 propter
973 559 1110 589 rationes
1132 557 1234 588 utrin-

240 616 301 648 que
323 603 473 635 suasibiles
491 622 502 637 .
523 601 602 633 nihil
625 601 709 633 aliud
731 600 821 633 sensit
836 621 847 636 ,
868 600 963 642 quam
984 600 1179 632 intellectum
1201 604 1233 631 in

241 645 481 690 apprehensione
502 646 536 677 &
554 645 764 686 intelligentia
780 645 1007 685 problematum
1029 645 1086 675 effe
1102 644 1234 675 dubium

239 699 363 734 propter
383 689 521 721 rationes
539 708 550 724 ,
578 698 655 729 quas
676 686 839 729 cognoscit
860 688 916 719 esse
938 697 975 718 ex
996 696 1126 728 utraque
1150 696 1233 727 parte

241 732 432 776 probabiles,
452 734 486 765 δε
506 733 543 763 de
564 733 676 773 quibus
696 732 872 762 contrarios
890 730 1005 762 format
1023 729 1231 772 syllogismos.

238 776 352 820 Qare
362 777 405 808 ibi
415 776 455 809 est
466 784 568 807 textus
579 774 770 806 inevitabilis
780 794 790 808 ,
810 772 896 815 quod
909 776 934 805 is
943 794 954 808 ‚
964 775 1019 814 qui
1031 773 1148 813 judicat
1157 774 1232 804 duas

239 820 408 861 opiniones
437 818 591 860 oppositas
613 818 670 849 esse
697 818 856 858 aequaliter
878 817 1047 857 probabiles
1064 836 1074 850 ,
1106 825 1170 847 non
1192 815 1233 847 est

239 863 402 896 moraliter
410 871 530 896 certus,
552 862 601 893 sed
609 861 737 894 dubius.
761 860 857 901 ldque
873 859 993 891 disertis
1003 860 1103 890 verbis
1122 860 1231 891 docuit

238 906 270 939 S.
281 906 426 941 Thomas
434 903 473 937 de
489 906 621 938 Veritat-
631 901 724 945 quaest.
739 913 784 943 14.
796 911 858 934 art.
873 912 898 934 1.
910 904 955 934 ait
965 903 1052 933 enim
1075 913 1082 932 :
1107 902 1234 933 Intelle—

239 950 303 983 (ius
313 947 411 992 noster
417 947 548 989 respefbu
554 949 690 988 partium
697 944 949 978 contradifflonis
959 942 1090 986 sehabet
1099 944 1190 977 diver
1186 944 1234 987 fi-

239 991 327 1026 mod&
335 1005 345 1023 .·
356 991 471 1032 quando
482 993 564 1023 enim
572 1001 631 1022 non
641 991 740 1028 magis
748 989 918 1021 inclinatur
927 990 961 1019 in
971 998 1063 1020 unam
1072 1008 1082 1022 ,
1101 988 1190 1026 quam
1200 990 1233 1019 in

239 1037 337 1069 aliam
347 1056 357 1072 ,
367 1036 420 1068 vel
426 1042 551 1075 proprer
557 1032 704 1077 defeiium
712 1033 913 1066 moventium,
914 1031 1009 1074 ficuei
1018 1034 1051 1062 in
1057 1029 1230 1071 problema-

239 1077 336 1115 tibus,
357 1077 395 1110 de
405 1075 507 1116 quibus
515 1078 650 1109 rationes
658 1086 715 1106 non
724 1072 882 1110 habemus,
900 1074 953 1106 vel
961 1082 1086 1115 proprer
1094 1082 1234 1114 apertam

240 1123 439 1161 aqualitatem
455 1130 578 1154 earum,
601 1129 658 1158 quae
667 1129 716 1150 mo
723 1127 793 1151 vent
811 1117 1019 1156 adutramque
1034 1126 1152 1158 partem
1162 1128 1173 1153 ,-
1196 1122 1234 1149 (9⁴

240 1168 288 1200 ita
302 1163 343 1206 est
352 1162 522 1196 dubitantis
537 1161 623 1203 dispo
637 1165 713 1196 itio,
735 1171 791 1200 quae
800 1160 935 1205 flustuat
945 1163 1028 1193 inter
1049 1160 1123 1192 duas
1132 1168 1234 1200 partes

237 1207 504 1242 contradii‘lioms.
523 1205 599 1238 Haec
632 1203 792 1237 .Doc'tor.
816 1204 1232 1236 Sed&SilvesterinSumm.

239 1254 272 1285 in
282 1248 366 1284 verb.
377 1249 512 1284 Dubium
521 1269 532 1285 ,
541 1252 575 1281 in
582 1250 679 1290 princ.
689 1248 808 1289 inquit:
820 1248 929 1280 PrImo
938 1245 1057 1280 dubitat
1068 1245 1105 1278 de
1115 1249 1214 1285 aliquo
1223 1266 1233 1281 ,

240 1295 293 1329 vel
304 1297 386 1327 circa
401 1291 544 1333 aliquod,
564 1291 681 1332 quando
697 1289 785 1324 habet
793 1293 927 1322 rationes
937 1289 978 1322 ad
993 1300 1150 1328 utramque
1159 1299 1231 1330 par-

237 1348 300 1372 tem
311 1337 482 1377 aqualiter,
504 1345 557 1369 aut
578 1335 821 1379 quafiaequaliter
839 1343 1015 1368 moventes,
1036 1336 1083 1365 ita
1092 1332 1168 1371 quod
1176 1344 1234 1365 non

238 1382 409 1414 inclinatur
417 1379 459 1412 ad
466 1378 520 1412 hoc
529 1381 628 1419 magis
636 1399 646 1414 ,
668 1377 757 1416 qudm
766 1377 807 1409 ad
816 1376 895 1410 illud
902 1375 1082 1410 notabiliter
1092 1389 1101 1409 ,·
1113 1378 1144 1409 δι
1155 1375 1234 1408 Car-

238 1427 304 1458 din.
316 1424 472 1456 Paleottus
490 1422 526 1455 de
537 1423 620 1465 sacr.
630 1419 794 1464 Confistor.
812 1420 937 1462 confhlt.
956 1428 1038 1460 part.
1048 1430 1078 1460 4.
1098 1418 1191 1460 quast.
1203 1430 1232 1459 4.

238 1468 403 1511 postquam
423 1466 592 1499 declaravit
609 1466 685 1507 quid
704 1464 740 1496 sit
757 1464 904 1499 scientia,
927 1463 1076 1505 suspicio,
1097 1465 1130 1496 &
1152 1462 1235 1494 scru-

239 1512 349 1555 pulus,
370 1512 404 1543 in
428 1509 509 1552 verfl
531 1511 578 1542 Et
600 1518 722 1543 tamen,
743 1507 784 1540 fic
801 1507 847 1540 ait
869 1519 877 1538 :
898 1504 1078 1545 Aliquando
1099 1508 1234 1538 rationes

239 1557 390 1594 utrimque
405 1554 528 1592 equales
536 1550 604 1595 sese
613 1550 743 1594 offerunt
753 1572 763 1586 ,
784 1553 832 1582 ita
848 1559 881 1582 ut
889 1551 1008 1582 animus
1026 1561 1084 1582 non
1095 1550 1193 1588 magis
1201 1552 1233 1581 in

239 1609 329 1631 unam
339 1618 350 1634 ,
359 1596 449 1637 qua'm
457 1599 491 1629 in
500 1597 634 1630 alteram
641 1595 771 1627 inclinet
778 1602 901 1635 partem
910 1605 920 1623 :
932 1591 970 1625 (θ’
979 1602 1049 1625 tunc
1059 1595 1156 1625 oritur
1160 1601 1232 1633 pro-

236 1640 305 1685 prii
313 1639 483 1678 dubitati03
503 1638 649 1675 &infriu
670 1636 773 1679 potest
781 1634 932 1669 dubitatio
941 1647 982 1668 ex
991 1637 1127 1680 ipstsmet
1137 1639 1234 1667 ratio-

237 1683 325 1718 nibus
345 1686 443 1720 oriri,
465 1693 522 1722 quae
540 1685 689 1720 utrimque
706 1678 878 1721 probabiles
894 1688 1054 1712 occurrunt
1070 1690 1082 1716 ‚·
1108 1678 1234 1719 persepe

236 1731 318 1761 enim
327 1727 440 1762 accidit
447 1747 458 1764 ‚
480 1735 624 1768 utparem
635 1726 701 1756 vim
711 1721 818 1756 habere
828 1721 995 1755 videantur
1004 1743 1014 1758 ,
1035 1721 1070 1754 di
1065 1721 1234 1764 strabitur-

238 1782 291 1812 que
300 1773 420 1803 animus
429 1773 463 1802 in
479 1767 697 1805 deliberando,
717 1776 820 1803 utrum
837 1765 933 1806 hanc,
954 1777 994 1799 an
1002 1766 1094 1800 illam
1114 1773 1234 1809 partem

237 1814 379 1855 amplec‘li
397 1812 520 1847 debeat.

280 1858 429 1891 Probatur
444 1857 557 1900 quarti>
569 1857 635 1890 haec
652 1856 755 1898 prima
769 1855 930 1889 conclusio
951 1856 985 1888 in
995 1867 1020 1888 c.
1032 1856 1159 1890 Nervi,
1184 1862 1231 1896 13.

237 1900 309 1944 dist.
329 1903 383 1934 ubi
405 1902 543 1943 pluribus
564 1901 713 1942 exemplis
734 1899 924 1934 ostenditur,
945 1909 1035 1935 eum,
1055 1899 1112 1941 qui
1133 1898 1234 1940 agita-

236 1955 288 1979 tur
297 1945 467 1977 contrariis
487 1943 714 1986 opinionibus,
734 1944 768 1975 &
789 1952 841 1984 per
850 1944 988 1974 rationes
1010 1941 1162 1974 suasibiles
1173 1942 1233 1973 im-

236 1989 361 2031 pellitur
370 1989 403 2019 in
413 1997 576 2028 utramque
587 1996 709 2028 partem
717 2006 728 2022 ‚
750 1985 871 2027 proprie
882 1986 991 2017 habere
1004 1985 1233 2018 conscientiam

236 2031 367 2065 dubiam
383 2040 476 2072 atque
494 2031 686 2072 perplexam.
710 2028 821 2070 Qiem
837 2039 957 2061 textum
978 2031 1016 2061 ad
1040 2028 1232 2070 propositum

236 2075 376 2108 nostrum
385 2075 536 2118 ponderat
546 2072 654 2107 Petrus
662 2074 700 2106 de
708 2072 899 2107 Anchatano
908 2072 985 2116 conſs
997 2082 1067 2105 210.
1077 2074 1169 2113 incip.
1182 2071 1235 2103 In-

237 2128 286 2152 ter
299 2128 468 2151 communia
479 2140 488 2149 .

281 2161 431 2194 Probatur
440 2159 554 2203 quinto
565 2160 601 2193 in
609 2172 634 2192 c.
645 2161 874 2194 fraternitatis
884 2180 894 2194 ‚
915 2158 952 2190 de
956 2157 1072 2203 frigid.
1083 2156 1234 2200 &malef-

240 2205 364 2238 ubilata
374 2204 474 2237 fuerat
484 2204 638 2236 sententia
654 2204 855 2246 separationis
864 2202 996 2234 thoriex
1015 2211 1116 2233 errore
1126 2202 1235 2242 proba-

240 2249 295 2282 bili
305 2269 315 2284 ,
331 2257 365 2282 ut
373 2257 456 2290 patet
464 2249 508 2280 ibi
520 2249 730 2280 :Sententiam
738 2246 870 2279 divortii
878 2254 932 2286 per
941 2255 1074 2277 errorem
1084 2244 1157 2276 licet
1165 2252 1237 2283 pro·

238 2290 372 2325 habilem
381 2293 523 2324 novimus
534 2290 588 2331 effe
594 2291 756 2333 probatam
774 2302 783 2320 :
802 2291 835 2322 &
846 2299 954 2321 tamen
965 2289 1168 2321 Innocentius
1180 2287 1235 2317 111.

239 2335 318 2368 dicit
335 2345 399 2366 rem
410 2344 485 2367 tunc
503 2336 653 2375 temporis
663 2333 749 2367 fuisse
767 2335 914 2367 dubiam,
937 2341 971 2364 ut
988 2331 1107 2364 constat
1124 2330 1235 2361 exiliis

240 2380 360 2411 verbis:
371 2377 529 2423 Quamdiu
537 2378 684 2410 articulus
692 2375 746 2418 iste
755 2374 936 2409 dubitabilis
945 2384 1012 2406 erat
1021 2397 1030 2404 .
1049 2373 1160 2416 Qem
1171 2382 1237 2404 tex-

241 2431 310 2456 tum
325 2423 364 2453 ad
380 2421 441 2453 hoc
454 2420 595 2453 similiter
617 2422 767 2462 ponderat
786 2419 914 2451 Oldrad.
924 2418 1000 2460 cons.
1014 2420 1082 2449 286.
1093 2419 1236 2457 insipien.

243 2466 279 2500 In
289 2464 440 2497 elec‘iionis
450 2484 460 2499 ,
476 2474 558 2496 num.
571 2471 599 2503 5.
609 2463 691 2504 vers.
700 2466 764 2496 Sed
774 2465 824 2501 qui
833 2461 1005 2494 admittunt
1015 2483 1023 2491 .

286 2507 436 2540 Probatur
447 2506 532 2539 sexto
541 2509 574 2538 in
583 2517 608 2539 c.
618 2506 704 2539 Illud
713 2526 723 2541 ,
744 2505 781 2537 de
791 2505 965 2545 Prafhmpt.
976 2505 1029 2536 ubi
1039 2504 1073 2535 in
1086 2502 1219 2534 articulo
1228 2521 1239 2537 ,

243 2561 283 2585 an
305 2551 528 2583 interliberam
548 2549 712 2582 &servum
732 2547 831 2581 fuisset
850 2547 1051 2580 contractum
1071 2545 1239 2577 Matrimo-

244 2596 355 2629 nium,
376 2604 434 2626 nec
452 2603 511 2629 ne,
534 2595 744 2634 ponderantur
764 2591 903 2623 rationes
923 2600 979 2632 pro
1001 2599 1130 2630 utraque.
1154 2598 1240 2629 parte

268 2638 435 2674 robabiles·‚
455 2639 606 2670 &tamen
615 2645 663 2668 res
672 2635 766 2668 dubia
775 2634 960 2669 aestimatur,
982 2632 1182 2675 utpatetibi,
1202 2633 1241 2664 ln

247 2647 412 2719 Eujusmodi
434 2677 623 2713 dubitatione

293 2721 440 2754 Probatur
458 2723 591 2765 septimo
600 2721 768 2754 efficaciter
788 2722 822 2752 in
831 2731 855 2753 c.
868 2719 1083 2761 Inquifitioni‚
1104 2716 1142 2750 de
1157 2717 1239 2758 sent.

251 2775 396 2798 excomm.
408 2767 585 2799 inducendo
595 2767 687 2800 illud,
708 2774 742 2796 ut
754 2765 871 2806 patebit
887 2762 967 2795 infra
976 2764 1011 2795 in
1020 2760 1151 2805 secundo
1170 2760 1242 2804 fun-

251 2807 393 2844 damento
405 2808 565 2850 principali
576 2819 631 2851 pro
641 2809 697 2840 hac
709 2807 878 2839 sententia.

296 2851 446 2883 Probatur
462 2852 576 2884 octavo
598 2854 631 2884 in
640 2863 664 2885 c.
674 2850 757 2884 Illud
766 2849 804 2883 de
821 2851 893 2883 cler.
912 2859 1098 2882 excommun.
1109 2846 1243 2890 ministr.

253 2895 331 2929 &in
349 2905 373 2926 c.
385 2897 445 2926 Per
459 2894 660 2928 venerabilem
671 2916 682 2930 ,
699 2897 725 2933 §.
737 2891 917 2927 R.ttiombus
927 2914 937 2928 ,
959 2895 1007 2931 qui
1030 2891 1149 2934 fil.fint
1159 2892 1243 2930 legit.

253 2947 380 2970 necnon
401 2939 434 2969 in
456 2948 481 2970 c.
503 2939 629 2971 Veniens
646 2960 658 2975 ,
686 2936 723 2971 de
745 2935 887 2983 Presbyt.
911 2947 970 2968 non
990 2933 1144 2975 baptizat.
1166 2944 1245 2975 quos

256 2979 408 3014 canones
425 2980 745 3023 itidemexpendimus
765 2980 847 3014 infra
867 2982 900 3012 in
924 2989 950 3022 3.
972 2990 1001 3020 4.
1025 2976 1062 3011 ci·
1085 2986 1112 3018 5.
1127 2975 1245 3019 funda-

257 3033 358 3058 mento
379 3046 388 3055 .

300 3067 451 3100 Probatur
470 3066 559 3100 nonb
580 3068 614 3099 in
633 3079 655 3099 c-
679 3071 822 3104 Literas,
845 3066 882 3099 de
902 3064 1032 3108 restitut.
1048 3065 1174 3107 spoliat.
1193 3064 1246 3095 ubi

257 3110 340 3152 Papa
350 3131 361 3146 ,
381 3112 527 3153 quamvis
537 3111 646 3142 habeat
655 3115 762 3144 omnia
773 3113 839 3155 jura
848 3112 880 3142 in
889 3109 1002 3142 scrinio
1012 3107 1163 3150 postoris,
1180 3118 1204 3139 c.
1220 3116 1245 3138 1.

261 3153 311 3187 hoc
318 3154 409 3186 titulo
417 3175 428 3190 ‚
450 3151 503 3186 lib.
512 3157 541 3185 6.
552 3156 584 3186 δι
606 3154 628 3184 l·
640 3155 782 3186 Omnium
793 3176 804 3190 ,
825 3157 862 3187 C.
873 3152 911 3185 de
929 3150 1066 3194 ‘Testam-
1077 3161 1183 3183 tamen
1194 3149 1247 3181 ubi

260 3198 345 3229 videt
365 3199 532 3238 opiniones
542 3195 718 3228 Doctorum
740 3197 927 3237 probabiles,
949 3205 1070 3237 reputat
1087 3195 1247 3226 illamma-

264 3242 375 3272 teriam
384 3240 530 3275 dubiam,
552 3250 609 3273 nec
620 3241 748 3271 libenter
760 3242 817 3272 illis
828 3241 961 3272 detrahit
973 3261 980 3270 .
992 3239 1093 3280 Atque
1106 3240 1147 3269 ita
1159 3237 1247 3268 illum

266 3292 387 3315 textum
407 3283 515 3316 adhoc
538 3284 648 3324 allegat
658 3281 764 3314 Petrus
786 3283 951 3325 Episcopus
961 3280 1125 3315 Brixiensis
1148 3282 1180 3312 in
1190 3282 1249 3311 Rc-

264 3333 341 3366 pert.
351 3328 383 3356 in
402 3325 485 3359 verb.
502 3328 634 3367 Opinio.

306 3367 454 3400 Probatur
476 3368 619 3406 decimo,
639 3369 714 3410 quia
734 3377 767 3399 ut
786 3378 821 3399 ex
846 3369 1005 3401 Aristotele
1023 3368 1149 3400 deducit
1165 3366 1248 3397 Bald-

266 3413 330 3444 inl.
341 3413 390 3444 De
399 3411 480 3452 statu
491 3433 500 3447 ,
524 3424 601 3444 num.
619 3410 693 3455 t.ff.
705 3413 753 3444 De
773 3410 890 3452 testim.
915 3414 1069 3444 dubitatio
1077 3412 1117 3443 est
1126 3409 1250 3451 aequali-

266 3465 314 3490 tas
326 3455 555 3489 contrariarum
569 3455 851 3489 ratiocinationum
873 3465 880 3486 :
901 3464 973 3487 nam
992 3465 1024 3487 ut
1046 3457 1089 3486 ait
1110 3453 1251 3486 silvester

590 40 771 115 Prosp.
790 41 1024 114 Fagnan.
1052 40 1109 96 in
1129 39 1373 98 Primum
1396 39 1627 98 Librum
1650 39 1931 101 Decretal.

1275 130 1307 158 in
1322 125 1402 158 verb.
1413 129 1526 165 Opinio
1537 147 1547 161 ,
1560 138 1641 159 num.
1656 128 1918 159 1.dul>1.armuon
1930 129 2021 161 habet
2031 130 2185 163 rationem
2196 141 2267 173 pro-

1275 169 1409 201 babilem
1431 170 1469 200 ad
1492 170 1621 201 alteram
1644 179 1761 211 partem
1779 168 1905 201 tantum
1925 191 1934 204 ‚
1965 171 2012 203 sed
2043 174 2080 204 ad
2102 184 2265 215 utramque

1265 213 1449 253 aequaliter,
1472 212 1634 254 velquasv,
1656 211 1865 245 &secundum
1878 213 1916 244 D.
1929 213 2133 255 Thomamin
2152 218 2264 258 3.sent.

1274 253 1343 296 dist.
1360 263 1405 293 ¹7·
1417 253 1509 296 quast.
1524 266 1548 286 1.
1566 265 1627 287 art.
1639 267 1668 296 4.
1680 255 1779 297 signat
1802 266 1923 288 motum
1934 258 2066 289 radonis
2086 257 2173 300 super
2183 270 2268 293 utra-

1273 308 1334 339 que
1345 308 1429 339 parte
1447 298 1712 331 contradictionis
1723 309 1795 331 cum
1818 299 1985 331 formidine
1997 300 2265 334 sedeterininandi

1274 342 1406 373 alterum
1428 353 1436 372 :
1458 341 1516 375 Sed
1537 342 1720 383 quijudicat
1735 340 1820 383 aeque
1840 343 2011 384 probabiles
2033 343 2090 374 effe
2099 346 2266 384 opiniones

1275 387 1357 416 inter
1367 384 1393 415 se
1403 385 1576 425 oppositaS,
1598 386 1756 426 :equaliter
1765 388 1971 418 ratiocinatur
1988 386 2168 422 contraria,
2190 387 2265 420 cum

1276 437 1330 468 pro
1348 437 1478 467 utraque
1490 437 1573 468 parte
1591 427 1703 459 formet
1712 437 1912 468 argumenta,
1935 431 1968 461 &
1991 428 2199 471 syllogismos,
2222 430 2266 461 se-

1274 469 1415 502 cundum
1426 469 1646 510 Philosophum
1663 469 1885 512 supracitatum
1900 481 1924 502 1.
1935 473 2042 513 Topic.
2053 484 2077 505 c.
2088 483 2116 508 9.
2125 475 2159 504 in
2166 476 2264 513 princ.

1275 514 1323 545 vel
1341 512 1424 545 certe
1435 513 1583 555 utrinque
1605 513 1697 546 habet
1706 514 1842 545 rationes
1864 516 1993 556 :equales
2002 526 2075 547 cum
2098 515 2265 548 formidine

1275 556 1303 588 se
1312 558 1542 589 determinandi
1553 558 1591 589 ad
1600 558 1731 589 alterum
1739 577 1750 592 ,
1774 556 1942 589 secundum
1952 558 1981 590 S.
1992 558 2153 591 Thomam
2163 570 2170 590 :
2182 558 2266 601 Ergo

1275 601 1504 632 dubitationem
1515 600 1606 632 habet
1616 623 1623 630 .

1317 641 1466 675 Probatur
1476 642 1666 678 undecimo,
1687 643 1762 685 quia
1771 642 1902 674 dubium
1923 643 1982 679 est,
2004 644 2077 677 cum
2093 645 2270 677 intellectus

1275 687 1356 717 inter
1377 687 1454 718 duas
1477 696 1576 729 partes
1597 686 1782 718 constitutus
1799 706 1808 720 ,
1828 695 1962 726 quarum
1983 688 2078 720 altera
2100 688 2231 720 affirmat
2253 709 2264 723 ,

1274 729 1370 761 altera
1380 739 1473 770 negat
1483 750 1493 764 ‚
1516 739 1656 762 remanet
1665 728 1820 770 suspensus
1828 749 1838 764 ‚
1848 730 1883 761 δε
1893 732 1995 761 neutri
2004 731 2161 763 assentitur
2169 753 2178 767 ‚
2189 734 2266 773 quia

1274 782 1339 804 non
1350 772 1441 804 habet
1462 772 1646 804 sufficientia
1655 775 1775 805 motiva
1794 783 1849 814 pto
1859 782 1922 803 una
1933 781 2018 812 parte
2028 776 2127 816 magis
2137 795 2148 810 ,
2168 776 2266 816 quim

1275 825 1330 856 pro
1340 815 1451 850 altera,
1474 825 1542 856 qua:
1562 817 1758 848 inclinent&
1780 825 1929 847 moveant
1945 816 1983 847 ad
2005 816 2171 853 assensum,
2192 820 2267 850 κίκι

1272 860 1439 890 canonicis
1447 878 1457 893 ‚
1467 859 1546 900 vers.
1556 861 1595 891 Si
1604 868 1704 890 autem
1711 880 1721 894 ,
1734 869 1780 896 19.
1790 857 1923 900 distin&
1933 859 1954 890 l.
1964 860 2001 890 In
2011 857 2147 898 ambiguo
2156 880 2165 895 ,
2167 860 2205 903 ff
2216 862 2269 893 Do

1273 899 1334 933 reb.
1345 898 1412 934 dub.
1422 903 1456 934 &
1467 911 1555 934 notat
1564 901 1638 943 glos.
1649 904 1682 933 in
1693 900 1823 936 Rubrica
1831 922 1840 936 ,
1853 898 1892 944 ff.
1903 903 1953 934 De
1972 900 2029 940 iur.
2040 900 2078 934 (ἃ
2090 900 2169 946 fast.
2179 906 2266 942 igno-

1273 955 1341 978 ran.
1349 945 1383 977 &
1393 944 1474 977 Bart.
1483 947 1516 977 in
1525 946 1545 977 l.
1558 944 1758 978 Admonendi
1766 966 1776 981 ‚
1787 955 1921 980 num-19.
1932 945 1970 977 ω’*
1982 956 2030 977 κο.
2032 944 2072 988 ff
2083 947 2134 977 De
2141 945 2205 984 jure
2207 946 2265 984 jur.

1274 987 1431 1029 Ideoque,
1453 997 1488 1020 ut
1508 990 1611 1030 inquit
1627 989 1805 1021 Aristoteles
1827 987 2006 1029 3-Metaph.
2030 1000 2054 1020 c.
2068 999 2093 1020 x.
2110 999 2265 1030 quatenus

1273 1031 1414 1068 dubitat,
1435 1041 1564 1064 eatenus
1582 1031 1679 1064 fimile
1693 1032 1959 1074 quiddamligatis
1978 1032 2111 1073 patitut3
2133 1042 2267 1073 utroque

1274 1076 1363 1106 enim
1385 1076 1481 1107 modo
1502 1075 1685 1116 impossibile
1701 1075 1743 1108 est
1763 1077 1801 1107 ad
1823 1075 1970 1107 ulteriora
1991 1077 2174 1116 procedere.
2196 1075 2266 1108 Ubi

1274 1116 1304 1148 8.
1314 1117 1457 1150 Thomas
1476 1129 1483 1149 z
1500 1116 1684 1154 Dubitatio,
1706 1118 1828 1160 inquit,
1850 1117 1887 1151 de
1902 1119 2005 1157 aliqua
2014 1129 2047 1150 re
2065 1118 2117 1151 hoc
2127 1117 2213 1150 modo
2228 1119 2265 1160 sc

1273 1158 1360 1192 habet
1368 1159 1410 1191 ad
1418 1171 1560 1197 mentem,
1563 1162 1646 1205 sicut
1654 1163 1807 1194 vinculum
1815 1162 1967 1202 corporale
1974 1160 2016 1194 ad
2025 1160 2179 1202 corpusssff
2187 1174 2267 1193 eum<

1274 1202 1342 1235 dem
1363 1201 1496 1247 effetium
1512 1204 1697 1247 demonstrat
1707 1217 1718 1242 ,·
1741 1208 1774 1237 in
1793 1215 1933 1244 quantum
1949 1207 2032 1237 enim
2046 1206 2158 1245 aliquis
2180 1204 2266 1237 dubi-

1274 1255 1323 1278 tat
1332 1267 1342 1282 ,
1363 1249 1397 1279 in
1407 1256 1526 1280 tantum
1532 1252 1651 1288 patitur
1659 1249 1779 1288 aliquid
1782 1249 1887 1291 simile
1895 1248 1941 1280 his
1949 1269 1958 1283 ‚
1980 1251 2030 1287 qui
2031 1249 2105 1290 sunt
2107 1247 2216 1291 striae
2226 1249 2236 1280 l
2239 1251 2267 1279 i-

1272 1292 1341 1329 gari
1358 1302 1368 1320 ι
1383 1291 1466 1334 stcut
1476 1293 1557 1324 enim
1566 1293 1638 1327 ille,
1660 1295 1710 1331 qui
1718 1291 1805 1324 habet
1815 1292 1902 1332 pedes
1910 1292 2042 1332 ligatos,
2063 1303 2121 1323 non
2129 1290 2223 1333 potest
2233 1295 2266 1322 in

1274 1335 1433 1366 anteriora
1452 1334 1610 1374 procedere
1616 1333 1785 1376 secundum
1801 1338 1888 1367 viam
1904 1335 2087 1375 corporalem
2095 1346 2108 1371 ‚·
2129 1337 2177 1367 ita
2192 1335 2246 1366 ille
2256 1355 2266 1369 ,

1274 1378 1326 1415 qui
1333 1374 1454 1409 dubitat
1463 1398 1473 1413 ,
1496 1379 1579 1420 quasi
1587 1377 1696 1410 habens
1705 1388 1834 1411 mentem
1842 1380 1971 1418 ligatam
1982 1399 1991 1414 ,
2002 1390 2059 1410 non
2064 1377 2159 1420 potest
2168 1377 2208 1409 ad
2217 1380 2267 1409 in-

1275 1421 1390 1452 teriora
1397 1420 1726 1461 procedercsecundiim
1735 1424 1822 1455 viam
1824 1423 2042 1465 speculationis
2051 1444 2059 1452 .
2071 1421 2148 1454 Haec
2160 1421 2191 1452 B.
2202 1420 2266 1452 Th.

1274 1462 1334 1494 Sed
1345 1464 1426 1494 inter
1434 1466 1509 1496 duas
1519 1465 1686 1506 opiniones
1694 1466 1848 1507 oppositas
1869 1464 1953 1508 aequ&
1965 1466 2135 1507 probabiles
2145 1465 2266 1496 intelle-

1274 1505 1343 1537 <stus
1352 1516 1418 1539 non
1428 1507 1520 1539 haber
1531 1508 1714 1540 sufficientia
1726 1512 1864 1544 motiva,
1888 1519 1944 1541 cur
1955 1509 2055 1550 magis
2075 1508 2217 1540 flectatur
2227 1508 2267 1539 ad

1274 1559 1372 1581 unam
1381 1570 1392 1584 ,
1413 1549 1505 1591 quam
1515 1553 1552 1583 ad
1562 1552 1707 1587 alteram,
1732 1562 1854 1593 propter
1864 1552 2071 1594 aequilibrium
2087 1553 2268 1583 rationum:

1275 1591 1508 1633 Ergodubitat‚
1529 1594 1827 1637 &similequiddam
1838 1597 1941 1637 ligatis
1961 1595 2094 1636 patitur.

1318 1635 1468 1668 Probatur
1484 1638 1674 1670 duodecimo
1690 1659 1699 1673 ‚
1720 1641 1794 1680 quia
1809 1660 1818 1674 ,
1841 1649 1877 1670 ex
1899 1640 2063 1670 communi
2083 1637 2268 1678 Theologu-

1275 1689 1345 1711 rum
1355 1679 1527 1715 sententia,
1548 1683 1581 1712 in
1591 1681 1711 1714 actibus
1725 1682 1870 1714 humanis
1881 1683 1919 1713 ad
1940 1682 2020 1717 hoc,
2043 1691 2076 1713 ut
2085 1683 2156 1723 quis
2169 1681 2268 1712 hone-

1275 1722 1315 1754 ste
1332 1733 1494 1764 operetur,
1516 1725 1634 1756 neceffe
1653 1725 1712 1761 est,
1734 1736 1767 1757 ut
1784 1726 1894 1757 habeat
1915 1725 2138 1756 certitudinem
2161 1724 2266 1755 saltem

1274 1767 1423 1798 moralem
1433 1769 1470 1799 de
1480 1767 1637 1800 honestate
1647 1771 1838 1810 operationis
1849 1790 1859 1804 ,
1880 1780 1904 1801 c.
1913 1771 1951 1800 Si
1964 1771 2028 1806 quis
2040 1776 2077 1808 po
2072 1768 2155 1812 sttus
2165 1787 2175 1802 ,
2198 1769 2230 1800 ὃ(
2241 1777 2265 1798 c-

1273 1812 1312 1841 Si
1321 1812 1384 1848 quis
1392 1820 1492 1842 autem
1502 1831 1512 1846 ,
1534 1813 1567 1843 in
1578 1810 1633 1853 fin.
1644 1810 1680 1843 de
1688 1810 1933 1854 patuit-distin&
1946 1814 2016 1849 7.&
2031 1811 2150 1843 constat
2159 1820 2196 1842 ex
2218 1809 2268 1841 di<

1274 1852 1334 1885 etis
1344 1852 1429 1895 supra
1440 1856 1472 1886 in
1484 1856 1668 1896 praecedenti
1677 1856 1845 1897 quaestione
1854 1856 1888 1887 in
1899 1859 1927 1887 6.
1932 1853 2138 1898 fundamento
2148 1874 2158 1889 2
2175 1864 2204 1885 n.
2215 1862 2266 1892 70·

1275 1895 1313 1929 &¹
1334 1908 1416 1929 num.
1427 1900 1476 1936 98.
1494 1898 1583 1931 Talis
1603 1908 1709 1932 autem
1727 1901 1883 1931 certitudo
1905 1899 2011 1930 haberi
2033 1908 2098 1929 non
2113 1897 2209 1939 potest
2229 1897 2267 1927 de

1275 1950 1405 1983 utraque
1421 1941 1689 1979 contradictoria,
1711 1944 1745 1975 in
1765 1953 1828 1984 qua
1848 1952 1886 1974 ex
1908 1952 1971 1974 una
1992 1951 2078 1984 parte
2099 1939 2269 1972 affirmatur

1275 1984 1417 2016 honestas
1425 1986 1636 2026 operationis,
1658 1996 1694 2018 ex
1705 1987 1801 2018 altera
1819 1995 1971 2028 negatur,
1992 1985 2121 2026 quando
2137 1992 2269 2024 utraque

1274 2027 1315 2059 est
1326 2026 1411 2069 aeque
1421 2029 1586 2069 probabilis
1596 2050 1606 2064 ,
1626 2032 1702 2071 quia
1712 2032 1749 2061 de
1759 2039 1870 2062 neutra
1880 2029 1976 2070 potest
1988 2029 2092 2061 haberi
2101 2048 2111 2063 ,
2133 2028 2165 2060 &
2177 2026 2270 2058 intel-

1275 2069 1372 2103 leclzus
1394 2071 1525 2104 fluctuat
1546 2075 1627 2104 inter
1649 2082 1813 2114 utramque
1834 2093 1845 2108 ,
1874 2082 1909 2104 ut
1930 2073 2033 2113 inquit
2067 2071 2195 2103 Boetius
2217 2067 2270 2100 de-

1274 2114 1327 2155 cifi
1353 2124 1399 2145 11.
1422 2126 1502 2146 num.
1522 2119 1569 2147 28.
1591 2115 1675 2157 Ergo
1696 2125 1837 2148 remanet
1857 2116 2051 2148 conscientia
2071 2114 2239 2155 aequilibris
2259 2131 2271 2147 ,

1276 2167 1310 2188 ut
1331 2156 1471 2198 loquitur
1489 2158 1622 2198 Joannes
1641 2159 1761 2190 Gerson
1790 2161 1872 2200 apud
1905 2158 2041 2189 Gabriel.
2064 2156 2196 2198 distin&
2223 2163 2268 2194 15.

1277 2197 1370 2241 quaest.
1379 2201 1408 2231 8.
1418 2208 1480 2231 art.
1492 2211 1518 2231 2.
1528 2197 1595 2231 dub.
1609 2211 1635 2231 2.
1647 2202 1694 2231 vel
1706 2211 1739 2231 ut
1748 2200 1890 2232 Silvester
1899 2201 2038 2240 loquitur
2061 2202 2093 2230 in
2105 2197 2190 2230 verb.
2202 2199 2271 2229 Du-

1276 2241 1376 2278 bium,
1398 2243 1475 2275 &in
1492 2254 1558 2274 ver.
1568 2244 1702 2282 Opinio,
1724 2252 1800 2274 tunc
1817 2242 1920 2274 sumus
1930 2244 1964 2274 in
1986 2242 2083 2274 dubio
2100 2242 2247 2282 probabili
2258 2261 2268 2275 .

1278 2295 1370 2328 prout
1389 2286 1448 2318 hoc
1457 2286 1658 2328 distinguitur
1674 2285 1796 2318 adubio
1815 2285 2007 2326 scrupuloso.
2030 2287 2080 2317 Ad
2098 2286 2160 2317 hoc
2171 2285 2271 2316 bonus

1277 2338 1352 2361 τεχτ.
1364 2331 1397 2361 in
1405 2340 1429 2361 c.
1441 2330 1637 2374 lnquififioni
1645 2349 1654 2364 ,
1664 2328 1745 2372 vers
1754 2327 1925 2369 Insecundo
1934 2337 2034 2361 autem
2043 2328 2111 2370 casti
2121 2348 2132 2363 ,
2148 2327 2270 2369 desem.

1279 2383 1425 2405 excomm.

1321 2415 1472 2448 Probatur
1492 2415 1733 2451 decimotertio,
1753 2416 1829 2457 quia
1850 2415 1904 2448 ubi
1921 2415 1963 2447 est
1978 2413 2183 2447 contrarietas
2204 2414 2275 2455 opi-

1279 2460 1431 2494 nionum,
1453 2469 1518 2491 non
1542 2459 1636 2500 potest
1645 2459 1717 2500 quis
1732 2460 1855 2500 utrique
1866 2458 2020 2495 assentiri3
2040 2457 2115 2490 cum
2137 2456 2273 2499 lmpossi-

1280 2502 1340 2534 bile
1362 2503 1398 2534 sit
1419 2522 1429 2537 ,
1450 2511 1486 2533 ut
1509 2501 1537 2533 se
1560 2504 1747 2534 determinet
1767 2503 1806 2534 ad
1826 2501 1966 2543 opposita
1987 2503 2083 2533 etiam
2106 2501 2276 2543 probabili-

1281 2555 1346 2580 ter,
1366 2547 1482 2577 &cum
1492 2545 1681 2580 formidine,
1704 2555 1738 2577 ut
1748 2544 1855 2585 saepius
1866 2546 2033 2586 repetitum
2042 2545 2100 2580 est,
2119 2545 2274 2585 &proba-

1281 2598 1331 2620 tur
1341 2588 1375 2619 in
1383 2599 1412 2629 4.
1424 2587 1567 2628 Metaph.
1576 2600 1600 2620 c.
1610 2592 1639 2620 6.
1649 2588 1726 2620 &in
1739 2589 1759 2619 l.
1769 2590 1805 2619 In
1815 2586 1950 2627 ambiguo
1960 2608 1970 2622 ‚
1983 2586 2023 2631 ff·
2035 2590 2084 2621 Dc
2092 2585 2151 2619 reb.
2162 2585 2228 2619 dub.
2238 2587 2274 2618 in

1281 2632 1302 2663 l.
1313 2632 1397 2663 Inter
1405 2642 1462 2666 me,
1473 2631 1510 2664 Θ·
1517 2641 1557 2667 te,
1559 2630 1598 2674 ff
1609 2633 1659 2663 De
1667 2639 1783 2671 except.
1792 2634 1838 2662 rei
1846 2631 1994 2670 judicata,
2005 2632 2068 2662 inl.
2079 2632 2274 2669 Pomponius,

1283 2677 1309 2713 §.
1320 2677 1358 2707 Si
1367 2677 1393 2706 is
1403 2695 1412 2709 ‚
1434 2677 1467 2705 in
1480 2673 1536 2717 fin.
1548 2674 1584 2707 de
1600 2677 1759 2707 Procurat.
1770 2675 1804 2706 &
1816 2677 1848 2706 in
1860 2675 1882 2706 l.
1895 2684 1920 2706 1.
1929 2676 1963 2706 ὃς
1980 2675 2023 2706 ibi
2031 2672 2105 2715 glos.
2117 2675 2170 2706 ult.
2182 2683 2207 2706 c.
2220 2675 2271 2705 De

1275 2717 1393 2763 furtis.
1415 2716 1513 2749 Unde
1534 2718 1607 2750 cum
1617 2729 1679 2749 non
1700 2717 1787 2758 potiit
1797 2718 1853 2749 else
1869 2727 1972 2750 certus
1993 2718 2027 2748 &
2047 2718 2273 2748 determinatus

1283 2763 1322 2793 ad
1333 2763 1522 2802 pugnantia,
1545 2761 1711 2793 neceffario
1722 2761 1874 2802 sequitur,
1896 2760 1974 2791 ursit
1984 2761 2112 2794 dubius,
2128 2760 2150 2791 l.
2159 2762 2198 2791 Si
2208 2761 2273 2798 qui-

1284 2803 1369 2840 dem,
1389 2807 1426 2836 C.
1437 2803 1473 2836 de
1485 2812 1600 2844 except.
1611 2806 1643 2837 δι
1655 2804 1715 2836 hoc
1723 2804 1782 2838 est,
1803 2804 1887 2844 quod
1898 2803 1998 2835 voluit
2008 2803 2090 2834 Bald.
2103 2805 2136 2834 in
2144 2801 2226 2834 rubr.
2236 2805 2274 2835 C.

1284 2847 1321 2880 de
1339 2846 1458 2887 probat.
1480 2849 1556 2879 dum
1578 2849 1658 2879 dixit
1675 2868 1685 2882 ‚
1713 2848 1943 2878 dubitationem
1972 2846 2052 2878 nihil
2075 2847 2159 2878 aliud
2186 2845 2242 2877 else
2263 2865 2275 2881 ,

1284 2892 1378 2932 quam
1398 2890 1564 2931 pastionem
1573 2891 1675 2922 animi
1692 2900 1765 2921 cum
1776 2889 1898 2930 praecisa
1915 2891 2097 2931 ignorantia
2119 2898 2275 2920 extremo-

1286 2944 1374 2965 rum.
1396 2933 1476 2965 Vete
1494 2935 1598 2968 enim,
1619 2935 1674 2974 qui
1691 2932 1832 2973 agnoscit
1848 2935 1968 2965 motiva
1983 2934 2020 2964 ab
2036 2942 2166 2974 utraque
2191 2941 2276 2973 parte

1285 2977 1341 3009 esse
1362 2978 1521 3018 aequaliter
1543 2978 1705 3008 moventia
1723 2996 1733 3010 ,
1761 2977 1897 3017 agitatur
1920 2978 2002 3008 inter
2022 2978 2084 3008 duo
2105 2985 2243 3007 extrema
2264 2995 2275 3011 ,

1285 3022 1319 3053 δε
1342 3019 1466 3061 praecise
1488 3020 1613 3061 ignorat
1634 3029 1818 3060 utramque,
1839 3018 1912 3051 cum
1934 3029 2029 3051 nemo
2051 3019 2139 3060 poffit
2162 3020 2276 3051 intelli-

1286 3073 1356 3104 gere
1374 3061 1621 3094 contraditstoria
1637 3063 1692 3094 else
1709 3062 1796 3094 fimul
1819 3072 1911 3098 vera,
1935 3061 2106 3094 secundum
2128 3063 2276 3094 Aristote-

1288 3108 1346 3138 lem
1357 3106 1391 3138 in
1408 3117 1438 3147 4.
1449 3104 1592 3146 Metaph.
1601 3114 1663 3145 cap.
1678 3115 1703 3137 1.
1714 3108 1797 3137 circa
1818 3104 1898 3137 med.
1907 3104 1944 3138 οὐ·
1953 3105 2042 3146 prope
2056 3104 2116 3149 fin.
2125 3109 2157 3138 bt
2168 3105 2198 3137 d.
2209 3117 2233 3138 c.
2244 3109 2274 3137 6.

1288 3150 1372 3181 Facit
1382 3159 1484 3181 textus
1494 3152 1527 3181 in
1536 3150 1558 3181 l.
1569 3147 1628 3183 Ubi
1637 3151 1855 3189 repugnantia,
1877 3150 1965 3181 &ibi
1980 3151 2096 3181 Decius
2107 3160 2187 3181 num.
2195 3160 2225 3190 4.
2233 3145 2273 3191 ff.

1288 3195 1337 3226 De
1347 3194 1441 3232 regul.
1450 3192 1508 3231 jur.

1331 3236 1480 3268 Probatur
1495 3236 1732 3277 decimoquarto
1752 3235 1814 3266 haec
1832 3237 1931 3276 prima
1952 3237 2127 3272 conclusio,
2149 3238 2224 3277 quia
2245 3237 2278 3267 in

1290 3281 1420 3320 paritate
1441 3281 1671 3311 contrariorum
1693 3288 1838 3310 motuum
1855 3289 1978 3321 oportet
1995 3280 2168 3321 quiescere3
2191 3279 2278 3310 ideo-

1288 3333 1348 3363 quc
1365 3332 1476 3363 corpus
1488 3324 1520 3353 in
1539 3333 1640 3354 vacuo
1657 3332 1819 3362 nunquam
1839 3325 2036 3358 movebitur,
2061 3334 2095 3356 ut
2113 3325 2230 3355 dicitur
2246 3332 2276 3362 4.

1290 3365 1444 3409 Phyficor.
1467 3365 1619 3407 quoniam
1636 3375 1700 3396 non
1723 3365 1782 3399 est,
1805 3375 1859 3396 cur
1883 3367 1982 3408 magis
2000 3369 2223 3399 determinetur
2240 3367 2279 3397 ad

1291 3410 1370 3440 hanc
1390 3408 1627 3449 partcmlpatii‚
1648 3408 1741 3449 quim
1759 3410 1795 3440 ad
1807 3410 1935 3440 alteram
1958 3422 1965 3441 :
1987 3412 2019 3443 &
2043 3419 2154 3451 corpus
2174 3408 2192 3439 sl
2208 3410 2280 3440 effer

1290 3463 1325 3484 cx
1337 3463 1424 3493 atquo
1435 3461 1528 3494 grave
1539 3471 1549 3487 2
1565 3454 1597 3484 &
1608 3452 1672 3483 leve
1683 3472 1691 3486 ›
1714 3462 1813 3494 neque
1824 3455 2019 3490 ascenderet,
2044 3463 2143 3494 neque
2154 3454 2279 3483 delben-

2132 3499 2212 3527 deret
2225 3515 2237 3530 ,

2295 654 2350 686 ¹51

2294 1000 2354 1031 152.

2301 2813 2358 2844 153

2306 3244 2363 3276 ψ.
