2397 3664
289 80 352 145 56

224 172 291 193 tum
301 161 355 197 elle
365 158 558 194 reddendum
566 176 576 191 ,
597 166 637 187 nc
647 165 757 187 contra
774 154 871 194 legem
882 150 1022 193 conjugii
1033 152 1214 185 committa-

222 215 273 239 tur
281 202 396 236 offensa
405 224 413 233 .
432 201 480 237 Ad
491 202 574 233 idem
583 199 623 234 est
633 207 734 234 textus
745 197 834 232 Lucii
845 196 899 230 111.
909 197 941 229 in
949 205 973 227 c,
984 195 1134 232 Dominus
1144 213 1154 227 ,
1175 192 1213 229 de

217 246 339 288 secund.
350 247 476 287 nuptiis,
488 245 528 276 ibi
541 254 547 274 :
556 244 593 277 Si
603 241 676 274 vero
685 240 863 278 aliquismel
871 238 976 276 aliqua
983 237 1020 273 de
1027 245 1123 271 morte
1129 238 1214 279 prio-

221 294 269 324 ris
290 289 422 329 conjugis
431 285 527 324 adhuc
540 283 602 329 fibi
611 281 768 325 existimat
790 279 987 316 dubitandum
997 300 1007 315 ,
1029 281 1057 311 ei
1066 299 1077 317 ²
1098 276 1213 323 quistbi

224 334 323 378 mepfit
333 354 344 368 ,
354 331 485 365 debitum
497 341 556 362 non
564 327 687 367 deneget
694 324 856 367 postulanti
865 345 875 362 ,
898 323 972 363 quod
980 322 1040 364 a‘se
1049 332 1151 359 tamen
1160 333 1213 354 no,

224 379 308 409 verit
318 372 491 409 nullatenus
500 370 681 411 exigendum
690 390 698 404 .
707 367 870 406 Affirmare
878 369 973 401 etiam
984 365 1138 408 possumus
1146 385 1156 400 ,
1174 375 1213 399 eo

225 420 298 452 casu
307 421 456 453 tutiorem
467 425 584 457 partem
592 413 648 450 esse
659 432 668 448 ,
677 421 711 445 ut
719 412 865 450 reddatur
873 410 1015 449 debitum
1024 430 1034 445 ,
1043 407 1213 446 secundum

226 474 261 497 ea
271 485 282 498 ‚
301 472 368 504 qua:
377 460 461 494 dieta
473 460 540 491 sunt
552 456 637 498 supra
644 468 677 488 n.
690 465 759 497 230.
1151 463 1154 467 >
1179 484 1186 491 ⁸

264 505 378 540 Tettio
400 501 611 544 principaliter
633 510 687 540 pro
707 500 816 536 eadem
837 496 991 533 sententia
1019 495 1060 535 est
1081 503 1156 529 text.
1179 495 1213 527 in

224 549 372 595 praalleg.
383 542 533 586 cap-Illud
543 564 553 578 ,
562 542 599 576 de
608 538 973 582 Cleraexcommmimstr,
985 542 1037 576 ubi
1047 538 1214 583 Episcopus

225 593 355 629 credidit
366 589 381 620 s
378 599 393 621 c
413 598 478 625 non
489 587 573 623 fuisse
585 587 717 628 ligatum
733 583 1062 621 excommunicatione
1081 581 1214 621 Delega—

226 637 251 671 εἰ
263 633 452 675 Apostolici,
473 629 603 671 eoquod
614 629 766 665 sententia
783 628 844 660 lata
854 627 970 662 fuerat,
991 636 1055 657 non
1068 623 1214 666 praemilsa

225 678 403 709 monitione
411 695 422 711 ‚
442 676 476 712 ὃς
496 675 535 710 ad
546 673 611 714 ejus
633 673 782 708 notitiam
794 681 858 706 non
881 678 1060 712 pervenerat
1081 667 1140 699 nisi
1162 676 1214 707 per

225 721 360 758 samam,
381 729 419 750 ac
438 715 594 759 propterea
605 714 802 758 probabiliter
818 715 965 754 opinatus
974 711 1033 744 fuit
1052 711 1105 742 fibi
1121 711 1237 749 licere„-

226 761 448 795 divinaofficia
457 760 553 798 etiam
572 757 747 794 solemniter
758 757 909 792 celebrare
919 778 926 786 .
949 754 988 786 Et
998 764 1102 786 tamen
1114 761 1214 786 textus

227 807 346 842 decidit
360 814 434 842 eum
454 805 491 839 de
500 805 603 844 rigore
621 801 694 844 juris
704 800 759 836 effe
774 800 992 840 deponendum
1014 808 1021 829 ε
1044 797 1145 839 ρὶιία,
1166 796 1215 829 in-

223 852 293 890 quit
302 869 312 883 ,
332 846 400 887 cum
410 849 443 880 in
453 843 551 883 dubiis
561 847 615 877 via
624 845 718 881 tutior
734 843 778 887 fit
789 840 927 881 eligenda
935 862 945 876 ‚
967 846 1004 873 (θ’
1013 841 1044 883 st
1053 839 1167 874 delata
1182 839 1215 869 in

226 903 293 924 eum
294 891 451 934 sententia
457 887 612 926 dubitaret
621 907 631 921 ,
647 884 787 918 debuerat
799 893 929 924 tempore
937 883 1076 924 potuisse
1086 879 1216 922 abstine—

226 947 260 968 re
272 957 281 970 ,
301 933 395 975 quim.
402 936 603 965 Sacramenta
613 931 643 961 E
646 926 828 971 cclessastica
842 927 1031 968 pern-uetare
1042 946 1051 960 ,
1072 924 1143 956 licet
1152 934 1216 954 cum

225 981 237 1010 i
237 978 287 1020 pfl)
297 986 452 1020 tamquam
462 986 521 1006 non
530 975 647 1005 omnino
657 970 800 1010 culpabili
808 978 928 1009 propter
936 968 972 1001 hu
975 968 1103 1009 jusmodi
1111 965 1216 1006 proba-

141 1030 199 1063 2243
222 1020 376 1054 bilitatem
386 1016 624 1059 misericorditer
634 1014 820 1056 dispensetur
831 1034 838 1042 .
862 1012 947 1045 Patet
958 1015 1054 1052 igitur
1075 1021 1113 1046 ex
1121 1011 1216 1045 eade-

226 1065 346 1099 cretali,
355 1062 571 1096 credulitatem
580 1078 590 1093 ,
600 1057 840 1098 seuopin'tonem
851 1056 1039 1097 probabilem
1049 1064 1113 1085 non
1124 1063 1216 1085 excu-

226 1104 446 1140 sareamortali
456 1111 586 1144 peccato
601 1102 691 1134 eum,
712 1099 926 1143 quitutiorem
949 1107 1068 1138 partem
1078 1107 1143 1128 non
1162 1097 1217 1129 eli-

224 1154 272 1193 git
283 1162 289 1181 :
299 1158 387 1190 poena
396 1148 483 1180 enim
492 1143 695 1187 depositionis
704 1142 807 1184 infligi
819 1152 882 1174 non
895 1141 990 1181 potest
1000 1161 1009 1175 ,
1019 1139 1075 1171 nisi
1088 1150 1142 1180 pro
1152 1140 1216 1170 cul-

227 1205 265 1235 pa
284 1192 427 1224 mortali,
445 1198 479 1223 ut
498 1196 587 1224 notat
604 1185 678 1227 glos,
693 1195 718 1219 1,
730 1188 795 1216 inc.
805 1186 892 1217 Sicut
909 1183 1037 1226 nostris,
1050 1181 1229 1220 &thirle--

226 1237 311 1275 stien.
321 1246 369 1266 nu.
382 1241 409 1272 ς.
419 1234 451 1264 &
462 1230 537 1269 DD.
547 1228 634 1273 infra⁴
644 1227 681 1260 de
691 1227 813 1266 yurejur.

267 1277 396 1321 erto
427 1274 637 1318 principaliter
659 1271 828 1307 aileruntur
856 1271 950 1305 verba
971 1267 1217 1303 Deuteronomii

229 1322 406 1360 17.8.rclata
417 1322 449 1351 in
460 1320 548 1356 cJ’rr
560 1313 764 1348 venerabilem
774 1335 784 1354 ἶ
796 1316 821 1352 §.
834 1311 1012 1352 thtionibus
1022 1333 1033 1350 ,
1044 1314 1092 1350 qui
1100 1310 1217 1353 fil-fint

225 1367 311 1405 legit.
321 1367 345 1396 S
347 1366 358 1395 i
369 1362 493 1405 difficile
504 1381 516 1400 ῃ
537 1360 573 1392 OT
582 1356 751 1401 ambiguum
760 1356 838 1397 apud
848 1366 877 1393 te
886 1354 1030 1395 judicium
1038 1353 1091 1396 effe
1098 1353 1217 1397 perspe-

224 1411 315 1447 xeris
325 1428 335 1447 ²,
344 1406 379 1444 ᾤ’
388 1404 519 1444 judicum
526 1405 609 1440 inter
617 1410 722 1441 portas
732 1401 848 1435 videris
858 1396 952 1431 verba
960 1400 1097 1432 variari,
1111 1399 1215 1428 venies

225 1452 265 1489 ad
275 1449 453 1487 Sacerdotes
461 1468 472 1487 ³,
481 1452 517 1478 ω’
528 1446 712 1487 ιιιί]ιιαίσενη
722 1465 731 1478 ,
743 1442 895 1486 quifucrit
904 1443 957 1473 illo
966 1439 1217 1481 tempore‚&c.&

219 1494 320 1540 facies
331 1501 506 1531 quacumque
521 1491 663 1520 dixerint
673 1508 683 1521 ,
700 1487 889 1528 sequerisque
902 1496 1001 1516 eorum
1009 1484 1196 1524 sententiam
1208 1503 1216 1512 .

227 1539 272 1575 Ex
284 1537 437 1578 prioribus
448 1531 533 1566 enim
546 1532 645 1563 verbis
655 1540 797 1571 apparet,
816 1539 879 1564 rem
893 1529 1072 1566 ambiguam
1082 1526 1217 1559 censeri,

225 1581 300 1618 curn
321 1579 474 1621 judicium
486 1597 495 1610 ,
517 1579 566 1606 seu
583 1573 759 1610 intellectus
770 1575 803 1609 in
824 1573 927 1603 varios
938 1570 1036 1603 sensus
1047 1590 1056 1604 ‚
1080 1569 1131 1603 seu
1148 1571 1216 1608 opi-

225 1627 337 1662 niones
347 1620 525 1654 distrahitur
533 1639 542 1654 ,
553 1619 637 1660 juxta
647 1619 759 1654 text.in
769 1616 917 1649 c.Norvi‚
931 1623 975 1654 13.
986 1611 1057 1654 dist,
1070 1612 1106 1644 Et
1116 1622 1152 1648 ex
1164 1622 1217 1652 po-

225 1666 401 1703 sterioribus
411 1663 529 1696 constat
539 1682 549 1702 ,
569 1664 602 1697 in
612 1660 668 1696 bac
678 1659 868 1700 opinionum
879 1659 1027 1691 varietate
1039 1666 1103 1687 non
1113 1656 1170 1687 effe
1181 1655 1217 1685 li-

227 1713 336 1745 berum
357 1705 503 1752 amplecti
523 1708 780 1746 quamcumque,
802 1702 851 1733 sed
871 1710 948 1741 opus
970 1701 1024 1730 esse
1048 1701 1085 1730 ad
1107 1697 1217 1732 Sedcm

225 1753 435 1795 Apostolicam
445 1757 598 1780 recurrere
609 1767 619 1781 ‚
642 1756 674 1777 ut
686 1746 728 1776 ibi
739 1744 905 1785 exponitur
915 1763 924 1777 ,
947 1745 977 1774 ὃς
990 1742 1073 1778 illius
1096 1740 1217 1775 senten-

223 1799 303 1828 tiam
313 1796 394 1836 sequi
403 1815 411 1822 .
434 1791 514 1838 Qio
530 1791 599 1821 loco
608 1792 640 1820 in
659 1788 718 1819 bac
728 1787 790 1828 ipsa
808 1788 938 1818 materia
945 1786 1134 1826 opinionum
1157 1782 1219 1813 uti-

225 1851 274 1876 tur
284 1840 312 1871 S.
323 1838 440 1871 Thom.
451 1831 580 1873 quodlib.
589 1843 618 1872 4.
629 1839 690 1863 ¹«rt.
698 1841 707 1862 1
715 1841 744 1870 4.
755 1832 792 1861 de
801 1840 866 1870 quo
876 1838 981 1860 tamen
993 1830 1042 1859 dic
1053 1847 1062 1861 ,
1074 1836 1106 1858 ut
1117 1825 1217 1866 scripsi

225 1885 258 1916 in
268 1895 291 1915 c.
302 1881 381 1917 Cum
392 1875 539 1919 venissent
549 1886 628 1907 num.
638 1886 687 1914 42.
698 1873 736 1905 Θ·
755 1881 802 1912 51.
813 1871 900 1914 infra
918 1870 955 1902 de
962 1868 1057 1909 judic,
1066 1871 1100 1908 δε
1121 1871 1199 1904 adde
1208 1889 1219 1907 ³.

224 1928 307 1968 quod
315 1923 436 1956 dicftum
445 1922 485 1952 eli
498 1919 585 1959 supra
595 1929 624 1949 n.
638 1925 705 1956 235o
726 1958 731 1963 .

272 1971 275 1972 ’
304 1966 394 2000 uinto
405 1961 615 2005 principaliter
622 1961 788 1994 adducitur
797 1967 899 1989 textus
913 1958 946 1991 in
956 1957 1154 1996 capVeniens
1163 1975 1173 1989 ,
1182 1953 1219 1986 ole

227 1969 368 2054 Fra-hyr,
377 2019 434 2040 non
444 2005 562 2046 baptiz.
574 2001 622 2035 ubi
632 2004 665 2034 in
674 2004 765 2033 artic.
778 2002 827 2037 An
840 2002 1002 2035 ordinatus
1020 2009 1093 2030 ante
1103 1998 1220 2038 Raptis<

227 2065 315 2088 mum
331 2048 621 2092 receperitOrdinis
643 2045 735 2079 chara
742 2044 859 2078 &erem
868 2064 877 2078 ,
901 2053 955 2083 pro
978 2053 1061 2083 parte
1073 2043 1220 2082 negativa

228 2099 354 2131 affertur
362 2094 442 2126 ratio
451 2091 554 2133 ,quod
566 2111 575 2125 ‚
585 2088 658 2122 cum
669 2088 842 2129 Baptismus
854 2087 888 2118 sit
900 2086 1140 2119 fundamentum
1150 2093 1220 2118 om-

228 2145 318 2174 nium
328 2139 600 2170 Sacramentorum
611 2154 619 2167 ,
628 2141 700 2163 ante
709 2131 791 2167 illius
803 2130 1026 2172 susceptionem
1035 2148 1044 2162 ,
1055 2128 1220 2159 deficiente

228 2185 437 2217 fundamento
445 2199 454 2213 ‚
473 2188 536 2211 non
546 2176 725 2216 suscipiatur
737 2173 821 2205 aliud
832 2172 1070 2207 Sacramentum
1081 2191 1088 2199 .
1111 2169 1149 2203 Et
1159 2169 1221 2203 baee

230 2229 311 2262 ratio
320 2221 523 2267 proculdubio
532 2220 571 2252 est
584 2218 768 2260 probabili33
780 2215 846 2251 ‘imo
857 2224 940 2250 certa
949 2234 958 2248 ,
980 2212 1054 2247 cum
1066 2212 1101 2243 sit
1112 2211 1222 2243 funda-

229 2278 374 2303 mentum
395 2266 477 2298 illius
487 2262 651 2299 decismnis
662 2283 670 2295 .,
691 2258 813 2291 Contra
836 2257 911 2290 vero
932 2258 1096 2292 adducitur
1105 2275 1115 2289 ,
1136 2253 1221 2295 quod

232 2324 297 2345 non
308 2309 405 2343 solum
416 2318 467 2350 per
475 2307 714 2338 Sacramentum
724 2303 796 2334 fidei
805 2322 814 2336 ,
837 2301 884 2335 sed
895 2311 944 2341 per
954 2300 1047 2332 fidem
1063 2300 1159 2329 etiam
1169 2296 1223 2328 Sa-

233 2355 388 2389 cramenti
398 2350 549 2383 efficiatur
558 2350 628 2389 quis
639 2347 815 2379 membrum
824 2343 958 2380 Christis
980 2345 1012 2374 &
1025 2341 1072 2374 res
1073 2342 1225 2382 pondetur

233 2402 420 2440 argumento
429 2393 588 2434 opposito,
609 2401 676 2422 turn
686 2392 760 2430 quia
777 2388 833 2429 qui
844 2386 1008 2422 Christum
1024 2385 1116 2416 habet
1126 2393 1177 2424 pet
1187 2382 1224 2413 si-

235 2447 306 2475 dem
315 2462 324 2475 ,
334 2437 454 2471 etiarnsi
466 2433 657 2476 Baptismum
669 2443 733 2465 non
745 2432 855 2463 babeat
865 2450 874 2465 ,
898 2430 987 2461 habet
998 2428 1105 2469 utique
1117 2426 1223 2459 funda·

237 2493 379 2517 mentum
390 2502 399 2516 ‚
409 2481 492 2521 quod
503 2478 542 2509 est
551 2474 690 2508 Christus
699 2475 780 2516 jesus
797 2486 804 2505 ε
822 2483 889 2505 tum
896 2475 970 2513 quia
979 2469 1137 2508 contraria
1147 2470 1227 2500 ratio

240 2538 304 2560 non
315 2526 355 2557 est
366 2524 547 2566 generaliter
556 2529 628 2550 vera
638 2539 647 2554 ,
664 2528 738 2554 cum
748 2520 780 2550 δι
790 2517 1028 2550 Sacramentum
1036 2513 1208 2553 conjugum
1217 2531 1229 2546 „

240 2575 273 2603 ὅ(
283 2567 477 2602 Eucharistiae
487 2564 583 2603 recipi
592 2561 678 2607 possit
689 2562 705 2592 a
715 2570 779 2592 non
789 2560 954 2601 baptizatis
962 2578 971 2592 ‚
982 2558 1098 2593 scilicet
1110 2554 1226 2596 Baptis—

242 2622 322 2645 mate
332 2608 469 2644 flumini's
480 2628 489 2642 ,
501 2606 549 2638 sed
559 2615 665 2638 tamen
679 2602 783 2644 Baptis
784 2613 836 2634 mo
845 2601 983 2633 flaminis
993 2598 1158 2644 baptizatis
1168 2619 1177 2632 ,
1196 2607 1230 2629 ut

243 2656 288 2687 ibi
299 2655 423 2702 exponit
431 2650 524 2693 glossa
534 2671 542 2679 .
564 2648 602 2680 Et
613 2648 676 2678 brec
694 2648 776 2677 ratio
786 2646 895 2676 itidem
916 2645 1022 2684 negari
1034 2653 1097 2673 non
1116 2641 1210 2682 potest
1220 2661 1231 2675 ,

244 2698 322 2739 quin
333 2701 366 2726 bt
377 2694 540 2736 probabilis
549 2712 557 2727 ,
567 2692 641 2732 quia
651 2699 702 2731 per
713 2698 781 2719 eam
790 2688 917 2720 solvitur
927 2694 1145 2726 argumentum
1154 2693 1230 2715 con-

247 2742 378 2774 trarium
386 2758 395 2772 ,
416 2740 447 2769 ἃ.
458 2737 514 2771 nisi
536 2735 606 2767 esset
617 2731 780 2774 probabilis
790 2751 800 2765 ,
820 2729 946 2775 qucestio
968 2738 1090 2769 propter
1100 2730 1231 2774 primam

247 2786 404 2816 rationem
413 2780 468 2813 effe
490 2777 703 2811 indubitabilis
715 2786 722 2809 ¹,
743 2777 774 2807 ὅ(
784 2783 890 2805 tamen
909 2771 1049 2803 Pontifex
1060 2769 1230 2813 respondit:

250 2829 286 2860 ln
294 2824 344 2857 hoc
353 2820 584 2862 dubitabill'casu
596 2841 605 2856 ³
614 2819 686 2858 quod
697 2821 790 2849 tutius
800 2815 842 2856 cst
851 2837 860 2851 ,
870 2815 1027 2856 sequentes
1036 2812 1213 2849 mandamus
1223 2832 1234 2849 ,,

251 2877 393 2909 quatenus
408 2865 500 2905 ipsum
509 2873 558 2907 per
568 2864 705 2907 stngulos
716 2862 851 2894 Ordines
867 2856 1002 2900 usquead
1022 2858 1235 2890 Sacerdotium

251 2919 427 2954 promovere
443 2915 578 2947 procures
587 2929 594 2936 .
617 2905 747 2938 Constat
763 2914 837 2945 ergo
846 2905 1005 2937 evidenter
1026 2910 1062 2930 cx
1073 2910 1111 2931 co
1129 2909 1234 2933 textu,

256 2953 423 2988 articulum
431 2949 511 2981 effici
519 2950 644 2982 dubium
652 2948 917 2983 &contrarietate
927 2944 1133 2986 probabilium
1142 2943 1237 2972 ratio—

253 3007 348 3032 num,
368 2998 401 3027 &
418 2993 451 3024 in
461 3003 499 3024 eo
508 2993 601 3023 dubio
622 3003 685 3026 non
695 2990 873 3026 utramlibet
893 2988 1078 3028 opinionem
1095 2986 1238 3026 probabi-

258 3045 319 3074 lem
329 3060 339 3075 ,
356 3038 404 3070 sed
415 3038 564 3069 tutiorem
574 3035 694 3066 tantum
703 3035 759 3067 esse
768 3033 943 3074 eligendam
954 3053 962 3061 .

298 3082 391 3118 Sexto
411 3082 444 3112 δι
454 3077 568 3110 ultimo
588 3076 750 3110 efficaciter
769 3077 913 3118 probatur
934 3075 1044 3105 eadem
1065 3071 1217 3107 sententia
1228 3091 1239 3105 ,

259 3129 333 3169 qnia
349 3126 403 3167 qui
414 3123 530 3164 judicat
553 3120 745 3162 probabiliter
755 3120 871 3163 aliquid
892 3118 947 3153 esse
970 3116 1113 3152 licitum3
1134 3124 1240 3147 tamen

263 3173 283 3203 ii
295 3168 504 3201 liabearetiam
524 3163 698 3203 scrupulum
707 3165 742 3194 de
760 3162 919 3203 opposito,
939 3162 1003 3201 agit
1014 3169 1124 3191 contra
1141 3157 1241 3189 dista-

266 3224 336 3245 mcn
347 3210 560 3243 conscientiae,
580 3210 611 3237 ὅ(
624 3208 760 3246 pcccati,
785 3206 841 3237 nisi
852 3207 984 3247 deponat
993 3202 1186 3244 scrupulum,
1207 3202 1240 3235 ὃς

182 3267 239 3299 247
262 3256 483 3289 conicientium
498 3258 658 3283 erroneam
667 3270 674 3277 t
697 3247 778 3288 Ergo
799 3249 1004 3288 multomagis
1016 3255 1121 3288 peccat
1130 3265 1139 3279 ,
1162 3244 1182 3275 si
1204 3246 1242 3274 de

265 3297 405 3340 opposito
423 3305 486 3326 non
494 3291 591 3325 solum
609 3292 717 3325 babeat
736 3290 908 3332 scrupulum
917 3311 927 3326 ‚
950 3291 997 3323 led
1006 3291 1102 3321 etiam
1119 3288 1243 3328 opinio-

184 3347 242 3386 248
264 3350 338 3373 nem
347 3339 429 3380 :eque
446 3337 648 3378 probabilem.
670 3332 870 3373 Consequens
879 3335 919 3365 est
935 3332 1148 3365 manifestum,
1170 3331 1244 3370 quia

268 3385 334 3426 plus
342 3382 382 3413 est
393 3382 499 3413 babere
509 3381 694 3423 opinionem
704 3375 813 3417 ,quam
825 3375 995 3416 scrupulum
1005 3397 1015 3410 ,
1025 3385 1056 3407 ut
1069 3383 1149 3416 patet
1159 3383 1244 3418 aper-

269 3426 299 3460 te
322 3426 354 3458 in
370 3424 398 3456 d.
407 3435 430 3455 c.
442 3424 631 3465 Inquisitiom
643 3441 653 3456 ,
674 3420 710 3452 de
725 3419 803 3461 sent.
814 3429 955 3449 excomm.
967 3429 1038 3449 nam
1058 3422 1089 3449 in
1107 3417 1246 3457 scrupulo

187 3483 248 3515 349
268 3472 336 3517 quis
347 3469 435 3501 babet
444 3465 667 3500 conscientiam
677 3473 712 3496 cx
721 3462 897 3497 credulitati
911 3462 967 3492 levi
981 3481 988 3495 ‚
1010 3465 1041 3493 e<
1065 3470 1190 3493 temerat
1200 3460 1244 3491 iti:

142 517 199 547 ρῳ

142 1290 205 1327 344

176 3091 233 3129 24⁶

568 68 748 148 Prosp·
768 68 1002 145 Fagnan.
1026 63 1351 125 ini-’timum
1368 61 1599 123 Librum
1620 58 1902 121 Decretal.

1253 150 1288 185 in
1310 149 1462 190 opinione
1483 146 1559 181 vcro
1579 146 1771 183 conscientia
1792 144 1889 186 pulsat
1908 145 2053 180 animum
2073 154 2111 177 ex
2130 147 2236 178 credu-

1254 193 1340 227 litate
1352 190 1520 231 probabili,
1541 189 1734 226 &discreta,
1756 198 1790 220 ut
1810 188 1854 220 ibi
1864 187 2036 224 deciditur,
2057 188 2090 221 &
2103 189 2239 223 declarat

1253 234 1394 269 Silvester
1414 235 1448 268 in
1477 230 1562 266 verb.
1583 233 1697 273 Opinio
1708 246 1724 267 ·,
1755 233 1788 266 in
1817 232 1945 271 princip·
1966 231 2130 273 Scrupulus
2150 250 2161 268 ²
2189 234 2239 263 in—

1252 278 1342 318 quit,
1360 276 1430 317 plus
1449 273 1765 315 aliquidcrcdulitatis
1786 271 1893 308 habet,
1914 273 2003 312 quam
2012 269 2180 313 dubitatio,
2202 278 2240 309 ω’

1253 323 1367 357 minus,
1388 317 1477 358 qua'm
1487 320 1606 361 opinio,
1627 317 1695 356 ciem
1705 318 1751 362 fit
1760 315 1926 352 credulitas
1944 326 1984 351 ex
2006 313 2123 351 levibus
2143 315 2240 354 conje-

1253 365 1362 399 auris,
1384 373 1440 404 qua
1461 363 1544 398 idem
1564 359 1606 403 est
1627 360 1701 400 quod
1711 360 1867 402 fiaspiciu
1889 359 1960 394 seu,
1981 367 2015 391 ut
2036 360 2120 393 idem
2142 360 2186 391 ait
2204 361 2240 392 in

1253 404 1338 441 verb.
1356 406 1537 448 Scrupulus,
1559 405 1592 437 in
1607 406 1703 445 princ.
1727 403 1961 446 pusillanimitas
1982 401 2122 443 spiritus;
2142 402 2176 437 δε
2199 401 2242 435 Ιο-

1252 459 1390 491 quuntur
1412 448 1538 489 Legistae
1560 447 1599 483 in
1615 447 1637 481 l.
1656 443 1874 483 Admonenai,
1888 443 1927 486 ff.
1948 443 1985 477 de
2001 443 2186 483 jurejurand.
2208 445 2241 479 &

1253 494 1340 528 ibiin
1364 492 1460 533 specie
1476 491 1557 524 Bart.
1566 499 1705 531 num-21,-
1728 489 1778 524 ubi
1789 490 1832 522 ait
1854 499 1861 519 τ
1882 487 1953 530 1³0st
1962 486 2241 523 dubitationemau-

1254 546 1315 571 tem
1335 532 1428 576 potest
1437 536 1569 574 incipere
1580 531 1855 579 Judexinclinare
1874 533 2009 563 animum
2022 531 2110 573 suum
2120 528 2160 562 ad
2180 530 2242 562 ali-

1255 589 1343 617 quam
1352 580 1487 619 parcium
1503 590 1512 612 c
1534 576 1649 610 &tunc
1663 575 1695 619 st
1704 573 1755 612 hoc
1762 573 1867 620 faciat
1875 584 1916 610 ex
1923 575 2023 615 aliquo
2033 575 2100 607 levi
2110 572 2223 608 indicio
2233 593 2242 607 ‚

1255 623 1307 655 vel
1329 633 1369 657 ex
1389 622 1490 659 aliquo
1510 621 1578 652 levi
1598 627 1792 658 argumento,
1814 614 1873 659 esta
1893 617 2065 661 appellatur
2078 616 2211 659 suspicio
2232 635 2243 650 ,

1255 676 1311 703 qua
1327 665 1506 702 aliqualiter
1526 671 1629 695 movet
1639 664 1774 697 animum
1785 657 1932 702 judicis,
1953 669 2124 695 nontamen
2145 661 2178 695 in
2198 668 2243 690 to-

1255 717 1319 740 tum
1340 716 1476 743 removeo
1496 705 1679 749 dubietatem
1690 715 1701 742 ς
1722 703 1759 736 &⁵
1780 702 1827 738 hic
1847 701 1889 742 est
1905 704 2023 741 primus
2041 701 2156 742 gradus
2174 710 2244 742 pro-

1255 750 1407 786 bationis,
1422 749 1476 791 seu
1495 748 1708 786 credulitatis,
1730 748 1798 785 quia
1816 744 1878 783 iam
1900 747 2009 784 incipit
2017 748 2136 781 animus
2147 746 2175 788 J
2178 745 2245 777 udi—

1255 796 1298 828 cis
1311 792 1458 825 adhaerere
1468 803 1519 827 unz
1527 795 1612 832 parti
1623 812 1633 826 ,
1654 790 1728 829 licet
1744 794 1900 822 remaneat
1921 787 2046 820 dubius.
2067 786 2137 830 Post
2150 786 2245 832 ‘istam

1255 846 1356 869 autem
1368 834 1588 878 suspicionem,
1608 832 1676 869 cum
1689 831 1800 878 Judici
1819 839 1968 873 apparent
1983 839 2162 873 argumenta
2174 830 2246 875 for*

1255 883 1354 915 tiora,
1374 888 1444 912 tunc
1456 876 1683 921 Judexincipit
1695 877 1842 916 opinari,
1862 873 1932 909 cum
1941 873 2036 907 adhuc
2051 870 2188 919 dubitat,
2209 884 2245 904 ne

1249 924 1296 967 fit
1312 924 1519 957 contrarium,
1540 920 1686 953 modicum
1702 915 1933 953 tamettdubium
1952 924 2108 951 remanet,
2130 921 2167 948 (9³
2187 914 2246 957 ista

1257 975 1383 998 vocatur
1405 967 1503 1005 opinio
1523 986 1531 997 ,
1562 963 1724 997 Hactenus
1747 962 1839 994 verba
1860 960 1981 1001 praecisa
2003 959 2117 992 Bartoli
2135 979 2145 993 ,
2174 969 2248 994 cum

1255 1020 1320 1052 quo
1341 1009 1498 1042 transeunt
1507 1009 1718 1041 communiter
1739 1004 1814 1036 DD.
1836 1014 1871 1039 ut
1891 1005 1934 1036 ibi
1955 1004 2080 1037 testatur
2099 1002 2195 1043 Jusin
2217 1013 2245 1033 2.

1257 1053 1323 1084 leel.
1341 1062 1423 1083 num.
1440 1054 1490 1083 66·
1508 1050 1591 1092 Ergo
1613 1049 1632 1081 fi
1651 1059 1715 1083 non
1738 1047 1911 1092 potestquis
1931 1047 2053 1088 operari
2076 1044 2247 1080 ,secundum

1256 1095 1442 1136 opinionem
1465 1093 1549 1129 suam
1570 1093 1759 1134 probabilem
1773 1111 1783 1127 ,
1813 1091 1834 1125 st
1856 1092 1890 1123 in
1911 1092 2106 1127 contrarium
2136 1089 2246 1123 habeat

1258 1138 1430 1182 scrupulum
1445 1148 1481 1168 ex
1491 1138 1674 1171 credulitate
1691 1135 1770 1169 levi,
1791 1133 1999 1171 &temeraria
2010 1154 2020 1169 ‚
2041 1134 2125 1175 quod
2141 1133 2246 1167 minus

1257 1181 1315 1217 est,
1339 1180 1430 1222 longe
1452 1179 1556 1212 minus
1565 1181 1679 1220 poterit
1700 1179 1820 1219 operari
1832 1176 2001 1211 secundum
2023 1177 2167 1212 eamdem
2176 1185 2246 1215 pro-

1258 1224 1389 1260 babilem
1405 1225 1608 1266 opinionem,
1631 1221 1651 1253 si
1671 1225 1704 1257 in
1725 1222 1918 1255 contrarium
1936 1220 2046 1255 habeat
2064 1220 2159 1254 aliam
2179 1219 2249 1262 opi-

1256 1269 1387 1299 nionem
1397 1287 1406 1305 ,
1430 1265 1713 1302 leuconscientiam
1723 1275 1760 1297 ex
1769 1263 1953 1299 credulitate
1964 1263 2135 1304 probabili,
2155 1262 2189 1293 ὃ(
2201 1262 2249 1296 di-

1257 1310 1370 1346 screta,
1379 1311 1463 1351 quod
1474 1309 1572 1349 magis
1583 1309 1623 1340 est
1634 1329 1641 1342 ,
1660 1309 1685 1343 ε’,
1696 1306 1921 1345 Camillorum,
1933 1309 2011 1349 vers.
2023 1304 2102 1342 Cum
2112 1303 2250 1342 majora,

1256 1352 1295 1385 de
1302 1353 1383 1394 sent.
1396 1363 1609 1389 excommsum
1617 1351 1751 1384 concord.
1762 1349 1920 1391 dequibus
1930 1350 1972 1385 ibi
1983 1353 2016 1385 in
2033 1348 2126 1390 glossa
2137 1349 2170 1382 in
2180 1352 2249 1382 ver,

1257 1399 1408 1431 filinam.
1431 1396 1628 1430 Antecedens
1648 1395 1792 1434 probatur
1802 1404 1854 1436 per
1875 1403 1995 1425 textum
2006 1393 2193 1432 singularem
2213 1391 2247 1421 in

1257 1451 1281 1472 c.
1290 1442 1351 1471 Per
1372 1447 1457 1474 tuas,
1479 1439 1503 1470 il
1514 1449 1539 1471 2.
1552 1436 1589 1471 de
1610 1439 1726 1472 Simon.
1737 1438 1790 1469 ubi
1813 1439 1849 1468 de
1859 1436 2023 1472 Monacho
2040 1437 2188 1469 ordinato
2209 1432 2248 1464 ab

1258 1481 1426 1523 Episcopo,
1447 1491 1541 1522 quem
1560 1480 1694 1512 credidit
1710 1482 1933 1515 limoniacum,
1953 1481 1986 1512 δι
2010 1487 2167 1521 propterea
2186 1475 2251 1511 fot-

1258 1526 1396 1558 midabat
1413 1525 1570 1556 abeodem
1591 1525 1628 1559 ad
1640 1522 1809 1565 superiores
1829 1522 1967 1558 Ordine5
1979 1520 2175 1562 proiiiox‘eti2
2195 1521 2249 1550 de-

1257 1570 1393 1605 ciditur,
1413 1576 1560 1598 utcontra
1575 1565 1790 1606 conscientiam
1800 1565 1842 1600 ad,
1852 1567 2024 1605 superiores
2036 1563 2173 1598 Ordines
2191 1571 2252 1594 non.

1257 1610 1422 1651 ascendat,
1443 1621 1479 1641 ne
1493 1609 1581 1652 forte
1601 1607 1724 1649 ‹edificet
1750 1611 1792 1640 ad
1810 1608 1977 1648 gehennam
1994 1628 2004 1642 ,
2032 1607 2104 1642 licet
2124 1616 2164 1639 ex
2187 1616 2219 1637 eo
2240 1624 2251 1640 ,

1258 1653 1334 1694 quod
1352 1652 1563 1694 conscientiam
1579 1650 1717 1684 habuerit
1726 1654 1818 1686 nimis
1832 1650 2055 1692 scrupulosam,
2077 1652 2110 1685 in
2119 1647 2253 1690 difficul-

1258 1695 1542 1737 tatemxhujusmodi
1556 1696 1602 1738 fit
1624 1694 1792 1735 collapsus,
1815 1705 1905 1732 quam
1921 1697 2021 1732 utique
2037 1704 2097 1725 non
2117 1690 2251 1727 evadet,

1259 1740 1455 1784 nistdeponat
1465 1749 1614 1774 errorem.
1637 1736 1713 1773 Haec'
1724 1739 1785 1774 ibi·
1810 1740 1858 1773 Ad
1870 1740 1954 1773 idem
1969 1747 2070 1772 textus
2081 1739 2114 1767 in
2124 1735 2154 1771 d.
2164 1746 2188 1768 c.
2199 1735 2252 1770 In-

1259 1784 1414 1826 quisztioni
1424 1802 1434 1817 ,
1448 1781 1484 1815 de
1488 1781 1570 1822 sent.
1581 1792 1726 1817 excomm.
1738 1783 1789 1813 ubi
1799 1781 1914 1823 conjux
1925 1801 1935 1815 ,
1956 1783 2011 1821 qui
2022 1780 2189 1821 suspicatur
2197 1778 2253 1812 ad-

1259 1828 1314 1862 elie
1325 1826 1587 1866 impedimentum
1607 1826 1760 1857 dirimens
1769 1835 1806 1855 ex
1824 1824 2006 1860 credulitate
2018 1822 2078 1854 levi
2101 1824 2134 1858 ὸζς
2153 1830 2253 1856 teme-

1259 1871 1359 1905 raria,
1380 1870 1418 1904 ad
1441 1869 1485 1899 sui
1506 1866 1638 1903 Pastoris
1658 1867 1844 1903 consilium,
1866 1866 2059 1902 conscientia
2075 1863 2253 1906 hujusmodi

1260 1911 1399 1953 explosa,
1422 1911 1518 1952 potest
1528 1912 1694 1947 reddere&
1706 1913 1828 1952 exigere
1838 1911 1980 1944 debitum
1990 1909 2154 1950 conjugale
2165 1929 2173 1936 ·
2189 1906 2254 1937 Re-

1259 1957 1357 1996 quirit
1367 1963 1442 1995 ergo
1460 1963 1579 1989 textus,
1601 1964 1635 1985 ut
1656 1963 1727 1988 ante
1739 1955 1884 1994 copulam
1906 1954 2071 1993 explodat,
2093 1949 2254 1990 leuexpel-

1260 2000 1322 2033 lat,
1343 1999 1376 2029 &
1400 1997 1443 2032 ibi
1454 1997 1588 2041 explicat
1609 1997 1704 2037 glossa
1723 1995 1951 2032 conscientiam
1974 1993 2201 2035 scrupulosam,
2221 1992 2254 2024 id

1261 2042 1321 2079 est,
1342 2039 1523 2077 credulam,
1543 2042 1577 2071 δι
1599 2042 1636 2070 de
1645 2038 1730 2076 sacili
1748 2041 1958 2079 prurientem,
1983 2035 2153 2074 secundum
2166 2037 2255 2079 Joan,

1261 2087 1357 2129 Andr.
1368 2084 1470 2129 Atque
1482 2085 1526 2114 ita
1537 2092 1600 2114 non
1612 2082 1703 2116 licere
1713 2085 1837 2123 operari
1846 2092 1919 2113 cum
1929 2081 2122 2118 conscientia
2132 2080 2256 2120 serupu-

1263 2129 1324 2158 losa
1338 2146 1348 2160 ,
1378 2125 1435 2156 nisi
1459 2125 1542 2164 prius
1564 2127 1738 2167 deponatur
1759 2124 1917 2166 scrupulus
1933 2145 1944 2160 ,
1971 2124 2125 2165 quidquid
2145 2132 2256 2159 contra

1263 2167 1413 2209 scripserit
1423 2166 1565 2201 Silvesser
1575 2169 1607 2198 in
1626 2177 1692 2198 ver.
1701 2169 1884 2207 Scrupulus,
1905 2178 1954 2197 nu.
1966 2166 2082 2204 5.clare
2101 2167 2192 2197 sentit
2204 2166 2256 2196 In-

1263 2212 1430 2243 nocentius
1442 2212 1474 2240 in
1496 2220 1520 2240 c.
1533 2209 1605 2240 Tua
1614 2220 1689 2244 nos,
1709 2220 1757 2240 nu.
1773 2208 1844 2243 t.de
1853 2208 1958 2240 homic.
1969 2210 2046 2242 dum
2069 2210 2258 2242 determinat

1264 2254 1430 2289 Medicum
1440 2261 1566 2293 peccare
1577 2261 1641 2283 non
1653 2250 1750 2283 solum
1759 2271 1770 2285 ‚
1780 2251 1854 2283 cum
1863 2252 1988 2287 adhibet
1999 2251 2192 2283 medicinam
2203 2254 2259 2283 du-

1266 2299 1385 2330 bitans,
1407 2305 1448 2330 an
1468 2295 1564 2329 illasit
1580 2297 1741 2328 nocitura,
1763 2295 1810 2326 vel
1821 2294 1999 2335 profutura·²
2021 2293 2173 2327 sedetiam
2183 2294 2257 2327 cum

1266 2341 1467 2376 vehementer
1476 2339 1575 2373 credit
1584 2347 1654 2370 eam
1664 2336 1858 2378 profuturam
1867 2358 1877 2373 ,
1892 2338 1912 2369 si
1924 2337 2041 2379 aliquid
2051 2339 2258 2371 dubitationis

1267 2384 1398 2417 habeat,
1420 2381 1468 2412 vel
1479 2381 1590 2412 babere
1600 2381 1726 2415 debeat,
1749 2390 1788 2412 ne
1798 2390 1930 2415 noceat,
1950 2383 2025 2421 quia
2040 2380 2154 2422 semper
2164 2380 2199 2416 in
2208 2389 2259 2415 tu-

1267 2429 1380 2460 tiorem
1390 2434 1509 2466 partem
1519 2424 1735 2457 inclinandum
1743 2424 1784 2456 est
1794 2446 1801 2453 .
1825 2425 1871 2459 Ita
1882 2425 2085 2457 Innocentius
2094 2444 2103 2458 ,
2113 2433 2185 2460 cum
2194 2433 2259 2464 quo

1268 2468 1489 2508 concordatJo.
1498 2468 1595 2502 Andr.
1606 2469 1792 2507 circaprinct
1802 2469 1909 2499 dicens
1920 2479 1926 2499 :
1938 2470 2047 2503 Peccat
2056 2468 2201 2502 Medicus
2213 2466 2260 2510 ,fi

1266 2520 1412 2553 propinat
1426 2510 1754 2551 scientermedicinam
1769 2512 1960 2545 nocituram,
1981 2510 2122 2547 &etiam
2134 2508 2261 2558 fidubi-

1269 2565 1314 2588 tet
1324 2575 1334 2593 ,
1355 2563 1387 2586 ut
1398 2565 1456 2586 non
1465 2552 1570 2589 debeat
1580 2551 1742 2593 proficere,
1763 2554 1815 2586 vel
1823 2564 1926 2586 nocere
1935 2574 1945 2589 ,
1955 2554 2083 2601 etiamst
2091 2556 2188 2593 magis
2197 2563 2261 2585 cre·

1271 2599 1326 2630 dat
1334 2609 1399 2633 eam
1406 2594 1553 2639 proficere
1564 2593 1670 2628 debere
1679 2617 1688 2631 ,
1712 2598 1780 2634 quia
1789 2598 1821 2628 in
1833 2594 1950 2632 dubiis,
1971 2595 2033 2630 &a
2045 2598 2082 2632 ht
2091 2596 2259 2638 sequuntur

1272 2641 1458 2687 ibiAncliar.
1473 2650 1552 2671 num.
1566 2639 1689 2685 3.Jo.de
1700 2640 1800 2673 Anan.
1811 2651 1859 2671 nu.
1872 2648 1897 2679 ς.
1908 2641 1942 2674 &
1959 2640 2014 2675 alii
2030 2641 2257 2673 communiter.

1272 2685 1359 2719 Etest
1379 2685 1530 2715 sententia
1540 2682 1581 2714 D.
1593 2682 1725 2714 'sliomre
1746 2682 1875 2720 quodlib.
1886 2686 1915 2715 8.
1925 2692 1986 2715 art.
2001 2692 2047 2722 13.
2059 2681 2096 2717 Et
2113 2681 2260 2723 quamvis

1270 2728 1314 2770 Jo.
1325 2726 1444 2761 Gerson
1454 2726 1487 2758 in
1500 2737 1526 2758 2.
1533 2734 1613 2765 part.
1623 2727 1711 2757 trati-
1721 2725 1759 2757 de
1776 2727 1954 2766 prepamza
1970 2724 2121 2765 Miffam,
2142 2723 2258 2765 alphab.

1276 2780 1323 2811 37.
1335 2772 1441 2802 littera
1450 2770 1578 2804 ultima,
1599 2771 1728 2804 doceat,
1749 2768 1980 2803 saluberrimum
1989 2768 2162 2804 remedium
2180 2768 2261 2802 scru-

1276 2815 1355 2859 pulis
1365 2813 1526 2846 vincendis
1537 2813 1593 2844 elle
1603 2811 1779 2853 frequenter
1788 2821 1899 2845 contra
1916 2812 1984 2846 illos
1994 2813 2134 2853 operari·³
2154 2821 2260 2845 tamen

1277 2856 1400 2899 perliaec
1411 2857 1502 2891 verba
1512 2855 1600 2887 sensit
1620 2857 1801 2891 dumtaxat,
1823 2857 1981 2898 optimum
1990 2857 2165 2889 remedium
2185 2864 2262 2886 con-

1276 2910 1323 2936 tra
1334 2898 1488 2939 scrupulos
1497 2898 1632 2933 esseillos
1644 2897 1890 2938 parvipendere,
1910 2900 1943 2931 δι
1954 2898 1995 2930 sic
2012 2899 2164 2939 deponere
2175 2917 2185 2931 ,
2207 2907 2261 2928 au-

1277 2941 1381 2974 daCter
1388 2944 1546 2988 operando
1556 2950 1666 2987 contra
1677 2940 1763 2977 illos;
1778 2950 1842 2972 non
1850 2950 1956 2973 autem
1965 2941 2056 2974 licere
2066 2943 2206 2982 operari,
2216 2950 2262 2972 re-

1276 2996 1363 3021 tenta
1372 2983 1762 3025 conicientiaicmpulola,
1784 2985 1859 3024 quia
1869 2984 1909 3027 sic
1919 2985 2094 3025 loqueretur
2112 2993 2222 3015 contra
2231 2982 2261 3015 d.

1277 3028 1527 3071 c.Iuc1uifitionl‚
1548 3029 1581 3059 δέ
1601 3035 1710 3058 contra
1720 3028 2017 3060 determinationem
2038 3027 2189 3069 praediekae
2210 3028 2265 3058 de·-

1278 3072 1400 3105 cretalis
1415 3072 1571 3107 Persuas,
1596 3069 1766 3106 secundum
1784 3069 1977 3104 intelleCkum
1999 3071 2197 3104 Innocentii,
2219 3070 2263 3102 ibi

1278 3118 1310 3151 in
1326 3113 1384 3157 fin.
1395 3124 1505 3149 contra
1526 3121 1725 3145 communem
1746 3111 1989 3146 Canonistarum
2006 3113 2208 3147 sententiam,
2229 3115 2263 3145 &-

1280 3168 1389 3192 contra
1405 3157 1578 3191 naturalem
1589 3156 1763 3191 rationem,
1782 3155 2023 3197 quiascrupulus
2033 3157 2073 3188 est
2088 3167 2170 3189 mors
2186 3167 2263 3188 con-

1282 3201 1415 3245 scientia:
1425 3221 1434 3235 ,
1457 3200 1528 3234 telle
1539 3198 1668 3235 Cardin.
1679 3197 1780 3239 Caiet,
1791 3198 1926 3240 inperitis
1940 3200 2040 3233 relato
2053 3200 2086 3236 in
2101 3210 2126 3232 1.
2136 3210 2162 3238 q.
2173 3211 2202 3231 n.
2212 3202 2262 3230 88.

1281 3250 1354 3276 (φη.
1366 3248 1414 3281 96.
1426 3242 1505 3284 vers
1519 3244 1560 3274 Et
1570 3245 1651 3276 ratio
1667 3242 1828 3285 decifioms
1837 3241 1894 3283 cst.
1918 3242 2004 3275 Patet
2021 3244 2117 3285 igitur
2138 3241 2264 3283 apertis-

1283 3286 1355 3320 sime
1368 3307 1377 3322 ,
1397 3295 1506 3321 contra
1515 3286 1741 3321 conscientiam
1752 3284 1955 3326 scrupulosam
1965 3307 1975 3321 ,
1998 3286 2046 3321 seu
2055 3297 2091 3318 ex
2100 3286 2264 3319 credulita-

1284 3340 1313 3363 te
1324 3331 1422 3361 levi&
1432 3331 1674 3362 temerat-lamen
1684 3328 1740 3359 eisc
1749 3328 1870 3360 licitum
1879 3332 1999 3371 operari
2010 3331 2118 3372 absque
2129 3336 2265 3371 pecc-1103

1284 3376 1316 3405 δὲ
1338 3370 1667 3419 consequentermulto
1689 3372 1856 3405 minusessc
1879 3373 2002 3406 licitum
2014 3376 2134 3416 operari
2156 3381 2265 3403 contra

1284 3418 1510 3450 conscientiam
1529 3414 1745 3455 exopinionc,
1769 3415 1817 3446 scu
1834 3418 2014 3452 credulitate
2032 3416 2198 3459 probabili,
2220 3423 2265 3445 at-

1285 3470 1342 3502 quc
1355 3461 1482 3493 discreta
1492 3478 1501 3494 ,
1523 3467 1556 3491 ut
1569 3457 1700 3500 superius
1710 3458 1750 3493 est
1760 3458 1926 3496 ostensum.

2159 3500 2224 3533 Dc-

2286 2821 2340 2851 231
