2397 3664
247 170 647 210 vinambcripturamffiiia:
665 163 780 205 Eccus.
795 172 839 201 32.
857 162 1003 201 requirit,
1025 170 1058 194 ut
1073 169 1144 192 ante
1162 170 1232 192 orn-

245 215 300 247 nia
319 223 413 254 opera
435 211 562 242 verbum
582 218 674 239 verax
699 205 847 246 praeccdat
867 213 925 235 nos
942 223 953 238 ,
973 205 1006 236 &
1027 213 1099 235 ante
1120 212 1231 235 omnes

249 257 337 290 acius
346 254 509 288 consilium
517 252 639 286 stabile,
661 259 695 280 ut
710 247 775 279 susi}
791 246 980 287 explicatum
997 246 1037 277 est
1047 245 1130 287 supra
1150 247 1184 277 in
1203 255 1230 277 1.

240 299 442 344 fundamento
459 306 537 329 num.
548 299 598 326 60.
616 292 725 334 Qiare
743 289 763 320 fi
776 289 862 321 Deus
881 299 945 322 non
962 289 1092 330 requirit
1107 287 1124 319 a
1141 289 1231 321 nobis

245 342 460 384 impossibilia,
482 348 515 371 ut
536 336 650 368 dicitur
672 336 705 365 in
727 341 913 374 argumento
933 334 1111 366 contrario,
1131 332 1165 363 ὅ(
1184 340 1231 362 ta-

247 396 323 420 men
345 383 493 425 requirit,
514 389 547 412 ut
565 387 637 410 ante
652 375 763 408 omnia
780 385 873 416 opera
888 377 926 407 ad
944 377 1108 408 veritatem
1125 383 1232 415 perve-

248 431 391 462 niamus,
415 423 602 463 consequens
623 419 664 452 est
681 439 692 453 ,
714 428 749 450 ut
769 420 807 450 ad
830 420 994 450 veritatem
1015 419 1176 459 pervenire
1199 419 1232 448 in

246 471 366 504 aestibus
385 466 528 500 humanis
539 471 736 504 nequaquam
752 461 788 493 sit
800 461 1000 503 impossibile,
1017 460 1068 493 seu
1079 459 1231 501 supraliu-

247 522 374 547 manain
393 510 590 542 facultatem.
613 506 716 547 Atque
736 507 781 537 ita
803 515 836 536 ar
860 513 1023 536 umentum
1044 502 1233 536 adversario·

246 567 316 589 rum
337 558 369 587 in
389 550 564 595 oppositum
584 558 665 581 retor
689 557 778 580 uetur
795 569 803 578 .
868 549 959 579 einde
982 547 1042 579 hoc
1065 546 1105 579 est
1123 555 1233 578 contra

246 599 441 640 Cyprianum
460 595 492 625 in
504 594 645 635 sermone
682 603 697 624 e
715 590 889 633 Bapeismo,
908 590 961 622 ubi
978 591 1039 622 ait:
1054 590 1163 628 Neque
1179 589 1232 620 lex

247 639 421 683 tuascripm
437 636 529 676 a'lege
537 635 673 668 naturali
690 637 723 667 in
731 635 830 673 aliquo
841 631 994 675 discrepat
1002 643 1014 669 ,·
1025 630 1085 673 sed
1094 630 1233 672 reproba-

247 682 396 718 tiomali,
413 678 559 714 &clema
567 677 637 712 boni
648 678 808 722 ficam'mae
817 676 966 708 rationali
981 675 1084 717 infixe
1093 675 1169 717 fimt
1184 672 1233 705 di-

249 725 372 760 vinitias
383 744 392 760 ‚
409 733 441 756 ut
451 722 486 755 de
494 721 545 754 hoc
554 732 636 755 nemo
646 721 723 753 reHe'
739 719 874 762 causetur
885 740 895 755 ,
912 721 981 758 quia
989 719 1069 751 nulli
1077 716 1118 750 ad
1127 717 1232 750 harum

245 780 347 804 rerum
355 767 608 810 prosequutionem
617 763 696 806 deest
697 764 852 806 scientia,
862 763 936 806 five
943 764 1079 803 potentia
1088 772 1100 797 ‚⁴
1118 759 1233 799 quia&

245 810 322 853 quod
337 809 488 851 agendum
504 807 562 853 est,
576 806 709 848 scimus,
731 806 768 839 (θ’
789 806 864 845 quod
872 805 1004 846 scimus,
1017 804 1124 848 facere
1139 802 1233 844 poffu-

166 863 222 900 113
244 868 325 891 mus.
347 854 423 887 Hoec
440 852 635 895 Cyprianus.
653 848 798 882 Praeterea
816 849 875 880 hoc
893 848 935 880 est
949 857 1060 880 contra
1069 846 1234 879 Scholasti-

245 910 300 933 cos
319 900 425 940 primae
447 895 561 929 claffis,
579 903 658 935 quos
668 892 754 934 supra
764 893 924 924 retulimus
939 893 973 922 in
993 900 1040 931 14.
1057 890 1138 922 &in
1151 888 1230 938 seqq.

261 941 470 974 und.imenti's,
486 940 541 979 qui
558 947 623 968 uno
639 945 692 968 ore
708 934 880 969 affirmant,
897 936 1061 965 veritatem
1080 935 1113 965 in
1128 943 1234 964 omni-

238 941 302 1022 'bus
317 983 514 1025 quaerendam
531 980 606 1014 effe,
628 989 664 1010 ac
681 987 802 1010 certum
820 978 877 1008 esse
898 979 1070 1009 tenendum
1091 977 1130 1007 ad
1152 975 1233 1011 hoc,

244 1038 280 1062 ut
297 1027 384 1060 astus
392 1024 488 1057 nostri
503 1023 562 1054 sint
572 1020 668 1056 recti,
683 1021 716 1053 &
727 1020 860 1052 habeant
876 1020 1047 1051 bonitatem
1065 1019 1232 1050 moralem.

245 1070 375 1112 Qiibus
392 1069 535 1100 addimus
553 1063 765 1097 D-Thomam
781 1064 815 1097 in
831 1062 984 1104 opusc.73.
1002 1061 1039 1093 de
1047 1061 1154 1103 Ufiiris
1167 1058 1233 1102 post

245 1117 343 1157 princ.
361 1111 414 1144 ubi
432 1110 540 1142 sicaiti
562 1107 716 1152 Qoniam
723 1106 797 1138 vero
805 1107 838 1137 in
847 1103 965 1141 dubiis,
982 1115 1103 1145 quorum
1114 1107 1234 1137 veritat

245 1158 354 1196 agnita
363 1153 516 1194 salutaris
524 1148 583 1192 est,
602 1148 805 1189 &incognita
820 1148 985 1189 periculum
1001 1149 1115 1187 ingerit
1130 1146 1232 1180 huma-

245 1210 286 1232 nae
295 1198 429 1240 salutis,
448 1191 612 1227 admodum
633 1192 709 1225 utile
729 1189 771 1234 est
787 1193 953 1224 veritatem
970 1188 1174 1232 investigare:
1194 1188 1232 1222 (θ’

244 1237 423 1281 temporibus
443 1236 553 1278 nostris
582 1233 757 1268 audivimus
777 1235 887 1266 multas
907 1234 1130 1277 controverstas
1150 1236 1233 1265 inter

244 1284 391 1319 DoHores
401 1302 412 1318 ‚
425 1279 589 1322 nonsoliim
599 1280 631 1311 in
640 1275 847 1312 naturalibus,
862 1275 972 1310 verum
982 1279 1075 1310 etium
1086 1279 1119 1308 in
1133 1287 1233 1308 mora-

244 1325 322 1360 libus
332 1347 342 1362 ‚
350 1328 385 1358 i'n
395 1322 495 1363 quibus
504 1323 666 1364 periculum
675 1319 717 1362 est
726 1320 852 1361 diverfii
852 1320 974 1361 sentire
983 1341 993 1355 ,
1004 1323 1041 1353 (θ’
1049 1321 1167 1362 opinari
1177 1340 1187 1355 ‚
1195 1319 1232 1352 ό*

245 1368 386 1415 precipue
401 1370 435 1400 in
451 1367 508 1399 illa
519 1374 610 1407 parte
624 1362 762 1406 justitie,
781 1374 837 1402 quae
855 1365 1073 1395 commutarim
1088 1362 1230 1395 dicitura‘

244 1410 449 1454 Philosophis.
471 1409 546 1442 Haec
563 1410 623 1442 ibi.
648 1406 768 1440 Rursus
785 1408 844 1438 hoc
861 1407 901 1439 est
913 1416 1023 1438 contra
1033 1405 1231 1446 Philosopho-

242 1466 313 1488 rum
323 1455 525 1489 traditiones,
542 1462 576 1484 ut
593 1451 668 1492 quid
685 1452 770 1482 enim
790 1449 959 1482 diffinirent
977 1448 1174 1490 prudentiam
1188 1448 1231 1479 es-

246 1499 276 1533 se
299 1498 439 1530 habitum
460 1506 534 1528 cum
555 1496 675 1526 tatione
698 1503 771 1525 veta
791 1495 875 1526 circa
897 1494 978 1524 bona
1000 1493 1136 1524 bumana
1152 1491 1231 1523 affi-

245 1551 340 1577 vum,
361 1542 393 1573 δι
411 1540 492 1571 'illius
508 1536 666 1578 objectum
683 1537 739 1569 effe
758 1546 886 1571 verum,
909 1535 930 1566 si
952 1535 1022 1567 effer
1044 1535 1130 1575 supra
1151 1537 1231 1566 vires

246 1631 369 1662 mines,
389 1627 423 1658 &
438 1634 472 1657 ut
489 1623 656 1666 plurimum
675 1624 839 1654 veritatem
855 1620 1106 1662 consequuntur,
1127 1630 1161 1653 ut
1183 1623 1230 1653 in-

245 1671 315 1714 quit
325 1669 500 1702 Aristoteles
517 1665 570 1699 lib.
585 1676 610 1698 i.
621 1664 804 1699 Rhetoricor.
816 1673 911 1705 cap-1.
924 1664 1028 1696 Faciat
1044 1674 1118 1706 ergo
1140 1663 1231 1696 unus-

244 1713 374 1758 quisque
383 1733 395 1748 ,
415 1712 499 1753 quod
510 1712 543 1742 in
553 1709 580 1741 se
588 1710 630 1741 est
639 1729 650 1744 ,
671 1718 706 1740 ut
716 1718 824 1740 verum
839 1708 1011 1748 assequatur
1020 1728 1030 1742 ,
1047 1707 1079 1739 id
1090 1707 1130 1739 est
1142 1728 1152 1742 ,
1163 1717 1230 1739 uta-

247 1767 299 1790 tur
309 1758 450 1789 ratione‚
471 1763 523 1795 pet
540 1763 636 1794 quam
655 1752 751 1792 potest
766 1751 1028 1792 comprehendere
1049 1761 1178 1785 verum,
1198 1752 1231 1783 &

244 1803 372 1832 invocet
387 1797 578 1839 adjutorium
596 1795 675 1830 Dei,
697 1804 788 1837 prout
807 1794 869 1827 haec
892 1795 985 1827 verba
1006 1794 1229 1834 exponitAlex.

164 1851 221 1885 115
244 1846 281 1876 de
302 1844 374 1876 Ales
397 1836 965 1882 2.part.Summ.quaest.29.numer.8.
986 1839 1013 1874 §.
1041 1847 1064 1868 1.
1091 1835 1230 1868 Demi'im

244 1885 465 1928 imaginariam
487 1884 567 1916 hanc
588 1881 863 1924 impossibilitatem
881 1881 1055 1920 assequendi
1066 1882 1230 1912 veritatem

243 1930 385 1961 funditus
407 1936 550 1959 evertunt
571 1935 662 1958 aurea
685 1926 776 1956 verba
797 1922 905 1956 Sancti
922 1922 1055 1955 Thomae
1077 1925 1110 1955 in
1130 1925 1226 1964 princ.

245 1971 392 2014 opusc-73.
400 1970 436 2003 de
446 1970 553 2012 Usuris
562 1989 573 2004 ‚
593 1979 660 2011 quae
669 1967 708 2000 sic
719 1966 747 1999 se
756 1967 869 1999 habent
879 1979 886 1998 ε
908 1967 1019 1999 Omnis
1028 1964 1112 1998 homo
1119 1975 1230 1998 natura

242 2027 302 2049 non
320 2013 504 2054 degenerans
521 2014 687 2045 veritatem
703 2020 787 2042 amat
796 2030 807 2045 ,
817 2008 855 2043 (θ’
863 2020 928 2042 eam
938 2007 1022 2050 scire
1024 2008 1081 2050 sup
1087 2020 1120 2041 er
1129 2011 1230 2041 omnia

243 2057 399 2103 defiderat
408 2077 418 2092 2
439 2055 560 2100 quamfi
568 2057 634 2094 quis
642 2065 727 2089 concu
729 2052 827 2094 piscat
837 2063 909 2085 vero
919 2051 1005 2084 corde
1014 2073 1024 2087 ,
1040 2051 1078 2085 ἅ
1085 2063 1150 2084 eam
1158 2062 1230 2090 quae-

237 2102 358 2148 fiverit
375 2102 409 2133 in
420 2099 625 2145 fimplicitate
641 2095 763 2131 cordis,
783 2097 848 2136 ipsa
862 2095 990 2171 ferg-sam
1006 2093 1229 2138 manifestabit:

243 2142 394 2179 &Deum
414 2144 465 2182 qui
473 2141 525 2175 hoc
530 2141 689 2186 promzsst,
710 2150 812 2172 verax
820 2137 880 2181 est,
947 2149 1011 2170 eam
1026 2137 1134 2178 prabet
1154 2137 1230 2169 olili-

241 2185 434 2229 geminust,
443 2184 673 2229 sicutscriPtum
684 2181 725 2225 est
733 2203 744 2219 ‚
752 2186 825 2222 Sap.
835 2187 864 2213 6.
876 2183 1062 2221 praeoccupat
1070 2192 1117 2212 eos
1126 2201 1136 2215 ,
1144 2178 1231 2220 quise

243 2230 471 2271 concupiscunt,
487 2238 519 2260 ut
528 2228 594 2260 illis
593 2227 631 2270 se
648 2228 731 2267 prior
739 2223 893 2267 ostendat.
914 2223 1026 2265 Ecclef
1041 2233 1065 2255 1.
1081 2223 1148 2256 Fili
1163 2234 1232 2255 con-

242 2273 390 2315 cupiscens
390 2271 579 2313 sapientiam
595 2270 699 2302 accede
707 2268 748 2300 ad
757 2269 848 2300 illam
859 2288 870 2303 ,
885 2266 1082 2301 &Dominus
1094 2263 1232 2306 prebebit

242 2317 332 2349 illam
341 2313 398 2348 tibi
408 2338 416 2347 .
433 2316 544 2348 Invoco
556 2313 652 2356 ipsam
662 2333 672 2348 ‚
690 2323 725 2344 ne
736 2322 782 2343 me
792 2321 895 2343 errare
901 2312 1066 2350 permittat
1074 2311 1232 2349 inpericu-

244 2361 307 2393 lum
324 2361 429 2390 anima
437 2368 503 2390 mese
513 2378 523 2392 ‚
537 2359 615 2390 O‘in
624 2357 759 2394 taqueum
775 2355 924 2389 aliorum,
934 2352 991 2395 sed
999 2353 1174 2384 illuminare
1182 2350 1232 2383 di-

241 2411 351 2442 gnetur
369 2405 466 2433 ocutos
474 2397 654 2440 caliginosos
672 2398 734 2439 ipso
734 2398 790 2440 suo
799 2399 932 2431 lumine,
942 2397 1012 2439 stne
1020 2406 1073 2434 quo
1081 2406 1166 2427 nemo
1176 2406 1233 2426 va-

246 2447 290 2478 let
299 2443 339 2476 ad
349 2445 448 2476 lumen
458 2445 607 2475 veritatis
616 2442 813 2482 usquequaque
817 2448 897 2481 perti
903 2450 991 2479 ngcre
1001 2461 1009 2469 .
1027 2440 1130 2470 Amen
1139 2460 1147 2468 .
1166 2438 1232 2470 Ha-

246 2488 356 2520 &enus
374 2488 465 2518 verba
483 2485 513 2518 S.
523 2484 674 2516 Thomae.
697 2483 942 2515 Confundantur
958 2493 1050 2523 ergo,
1072 2483 1104 2514 &
1126 2483 1234 2512 erube-

248 2531 333 2563 scant
345 2529 486 2571 sequaces
502 2527 756 2569 probabilitatum
768 2546 777 2561 ‚
794 2529 847 2566 qui
863 2526 992 2557 afferunt
1010 2526 1067 2556 effe
1085 2525 1169 2565 supra
1188 2524 1234 2556 fa-

246 2575 395 2606 cultatem
413 2572 582 2603 humanam
601 2570 709 2601 habere
731 2569 953 2602 certitudinem
971 2569 1008 2599 de
1029 2568 1233 2609 eligibilibus‚

250 2618 283 2649 &
301 2618 339 2648 ad
351 2617 514 2648 veritatem
534 2615 713 2655 pervenire,
728 2614 760 2645 ὅ(
773 2611 843 2644 ideo
854 2611 959 2643 Deum
974 2612 1012 2642 ad
1023 2610 1080 2642 boc
1099 2621 1162 2641 non
1180 2611 1234 2641 ob-

254 2659 369 2699 ligare,
389 2669 427 2690 ne
449 2659 585 2700 requirat
603 2656 621 2688 ii
643 2657 733 2688 nobis
755 2654 950 2694 impossibilia
968 2675 976 2683 .
999 2653 1069 2684 Iino
1091 2655 1175 2684 enim
1197 2663 1234 2684 ex

254 2702 406 2743 praedictis
426 2701 647 2735 convincitur,
669 2700 700 2731 id
722 2707 787 2730 non
808 2696 901 2728 modo
925 2696 981 2727 effe
999 2695 1136 2743 *possibile
1153 2715 1163 2731 ‚
1185 2695 1235 2727 sed

252 2744 349 2776 ctiam
358 2743 443 2775 facile
454 2765 463 2779 ,
482 2754 515 2775 ut
532 2742 700 2785 plurimum
717 2743 904 2782 contingens
915 2759 925 2774 ,
941 2741 972 2771 ὃ(
992 2741 1160 2770 secundum
1179 2748 1235 2769 na-

252 2795 356 2820 turam
366 2808 373 2816 .
390 2786 428 2818 Et
439 2787 486 2818 liic
495 2788 587 2829 junge
596 2806 607 2822 ,
622 2795 690 2828 quae
701 2786 843 2816 dicentur
858 2781 946 2825 infra*
956 2784 989 2813 in
1000 2791 1026 2821 3.
1043 2779 1134 2823 quaest.
1145 2783 1178 2812 in
1186 2792 1236 2812 re-

173 2833 231 2866 116
246 2830 403 2873 sponfione
419 2830 458 2860 ad
473 2834 501 2860 6.
520 2837 726 2870 argumentum
740 2837 821 2859 num.
834 2835 902 2866 394.
921 2828 957 2857 Θ
959 2824 1041 2866 seqq.
1059 2824 1171 2865 Neque
1180 2825 1235 2856 ob-

256 2874 323 2907 stat,
332 2871 413 2913 quod
424 2873 581 2912 prudentia
591 2872 625 2904 fit
636 2874 673 2903 de
682 2881 745 2902 non
757 2869 929 2901 necessariis
940 2888 949 2903 ,
965 2869 997 2900 δι
1011 2867 1143 2899 versetur
1151 2869 1235 2899 circa

258 2915 416 2956 objectum
427 2915 623 2955 contingens,
632 2924 740 2956 potens
750 2913 838 2945 aliter
849 2911 875 2943 se
884 2911 1038 2946 habete,&
1050 2910 1132 2941 circa
1142 2912 1235 2950 parti-

254 2960 391 2992 cularia,
411 2967 478 2998 quae
494 2967 557 2988 non
579 2957 645 2989 sunt
668 2957 800 2990 scibilia.
822 2954 989 2997 Qioniarn
1001 2974 1010 2988 ,
1029 2963 1062 2985 ut
1081 2952 1183 2993 inquit
1199 2955 1234 2999 S.

253 3001 397 3035 Thomas
408 3002 439 3030 in
453 3011 478 3031 2.
491 3012 517 3032 2.
528 2998 668 3040 quast-47.
679 2998 822 3039 art-5.ad
835 3008 860 3039 3.
879 2998 1004 3039 agibilia
1021 2996 1088 3027 sunt
1105 3005 1236 3027 materia

257 3045 444 3088 prudemiae,
467 3041 632 3074 secundum
648 3043 731 3082 quod
749 3042 816 3074 sunt
832 3039 990 3082 objetstum
1007 3041 1157 3074 rationis,
1179 3040 1235 3070 sci-

257 3089 330 3120 licet
349 3087 401 3118 sub
419 3085 539 3117 ratione
558 3087 638 3116 veri.
661 3084 804 3117 Praeterea
820 3085 872 3117 etsi
891 3084 1017 3125 agibilia
1036 3082 1092 3113 sint
1110 3084 1236 3113 contin-

257 3133 380 3172 gentia,
396 3138 521 3162 tamen,
538 3137 570 3158 ut
589 3129 689 3168 inquit
705 3129 814 3159 Schola
831 3125 1079 3161 Salmanticensis
1101 3124 1236 3165 superius

259 3175 353 3206 relata
371 3176 404 3204 in
417 3181 462 3210 19.
472 3170 692 3214 fundamento,
709 3174 843 3209 num-85.
860 3173 958 3201 virtus
977 3167 1151 3200 intelleistus
1169 3178 1236 3209 pra-

260 3215 335 3248 &ici
347 3219 378 3246 in
386 3226 424 3247 eo
441 3214 495 3246 sita
505 3214 562 3247 est,
583 3223 690 3246 utres,
709 3213 756 3243 seu
767 3214 903 3245 actiones
913 3223 949 3243 ex
962 3211 989 3243 se
998 3212 1236 3252 contingentes,

261 3258 368 3290 formae
390 3257 564 3291 infallibili,
583 3266 633 3297 per
650 3265 743 3296 quam
765 3256 935 3287 intellceius
958 3253 1110 3296 prasticus
1132 3256 1163 3284 in
1185 3264 1235 3284 eas

262 3301 387 3335 influit,
402 3304 616 3341 adsequentur.
640 3298 740 3330 Habet
755 3299 848 3338 igitur
866 3300 1028 3338 prudentia
1048 3297 1172 3337 aliquod
1191 3296 1236 3337 ju-

261 3343 379 3376 dicium
389 3353 525 3378 certum,
540 3345 572 3374 ὅ(
585 3341 760 3374 infallibile,
776 3351 839 3380 quo
847 3341 982 3372 eiiamin
993 3339 1113 3382 obje&a
1123 3338 1237 3371 fallibi-

262 3387 304 3418 lia
316 3385 514 3417 infallibiliter
522 3387 628 3416 tendat
639 3407 647 3414 .
667 3384 767 3424 Atque
779 3383 983 3424 iiaobjcclum
1002 3385 1168 3424 prudentia:
1179 3382 1235 3413 effe

262 3439 382 3461 certum
396 3448 405 3462 ,
436 3438 542 3459 tenent
569 3429 778 3459 communiter
805 3425 958 3456 Doctores
973 3446 983 3460 ,
1012 3429 1044 3458 ὃ(
1075 3428 1109 3457 in
1138 3425 1235 3466 specie

263 3471 433 3516 cajetanus
448 3474 481 3503 in
504 3481 529 3503 2.
549 3482 576 3503 2.
598 3469 799 3513 quaestion.47.
815 3470 904 3501 artic.
917 3477 942 3510 3.
961 3468 1091 3501 Medina
1111 3470 1144 3500 in
1163 3478 1188 3499 1.
1208 3479 1234 3499 2.

608 75 788 151 Prosp.
805 75 1040 149 Fagnan.
1059 75 1116 131 in
1136 73 1382 131 Primum
1404 73 1632 130 Librum
1652 72 1929 132 Decretal.

1272 157 1363 201 quast.
1379 168 1426 197 19.
1434 164 1536 191 art.6.
1553 161 1646 190 Azor.
1665 156 1911 200 institut-morat.
1922 166 2007 199 part.
2027 170 2052 194 1.
2063 160 2116 195 lib.
2129 170 2156 204 3.
2173 173 2198 195 c.
2210 171 2254 202 25.

1274 213 1331 241 que
1359 223 1367 232 .
1378 212 1406 233 2.
1424 202 1487 241 post
1496 202 1705 233 Alexandrum
1715 202 1752 232 de
1762 201 1833 233 Ales
1848 201 1881 232 in
1898 204 2014 234 Summ.
2021 211 2052 245 ρ.
2067 214 2091 237 t.
2103 204 2194 246 quast.
2209 211 2254 237 16.

1343 245 1363 276 d
1383 244 1549 285 septimum
1577 243 1776 285 respondetur
1803 244 2020 285 distinguendo
2047 250 2231 280 antecedens
2247 270 2255 277 .
2284 256 2342 286 117
2390 231 2391 234 ¹

1269 287 1360 320 Nam
1375 296 1429 318 aut
1445 289 1612 328 quaerimus
1630 288 1667 319 de
1677 286 1875 322 tectioribus,
1892 288 1926 319 &
1936 288 2094 329 Magistris
2104 310 2114 324 ,
2129 293 2184 331 qui
2202 291 2256 322 ha-

1273 332 1348 362 bent
1356 339 1437 362 onus
1452 331 1629 362 docendiin
1638 329 1768 361 scholis:
1785 331 1819 362 &
1835 331 1912 362 tales
1928 330 1948 362 fi
1961 341 2016 372 pro
2024 332 2128 374 regula
2147 342 2256 365 eorum

1274 372 1425 405 doetrinae
1449 371 1642 414 speculativae
1661 373 1844 405 assumerent
1871 375 1904 405 δι
1926 375 2073 406 docerent
2091 376 2256 415 opiniones

1274 416 1465 457 probabiles,
1481 425 1549 456 quae
1559 415 1586 446 se
1604 414 1717 446 habent
1727 417 1765 446 ad
1781 425 1907 452 verum,
1929 419 1963 449 &
1982 416 2109 452 falsum,
2125 419 2158 450 δε
2178 419 2255 450 111111-

1273 460 1366 490 toties
1384 457 1551 492 falluntur,
1568 459 1601 488 &
1612 456 1740 492 fallunt,
1758 460 1810 489 vix
1827 459 1943 498 poss'ent
1960 459 1977 491 a
1994 460 2188 502 deceptionis
2205 471 2257 502 pe-

1273 502 1374 533 riculo
1387 499 1543 535 excusari,
1559 510 1596 531 ex
1605 499 1653 531 his
1663 520 1673 536 ,
1689 510 1758 542 quae
1767 500 1820 531 scri
1826 499 1881 540 psit
1889 500 1918 533 S.
1929 501 2145 535 Bonaventura
2155 502 2257 544 supra-

1272 546 1327 576 cit.
1346 544 1381 576 in
1402 547 1448 576 16.
1471 542 1683 579 fundamento.
1706 543 1770 575 Aut
1784 544 1932 584 quaeritur
1946 547 1983 576 de
2001 546 2090 582 aliis,
2108 548 2162 587 qui
2177 556 2256 578 onus

1273 588 1481 619 docendinon
1500 586 1631 618 habent:
1648 589 1680 619 δι
1698 585 1731 617 hi
1747 586 1790 617 nil
1809 587 1925 618 mirum
1939 587 1960 619 si
1975 589 2096 629 possunt
2111 589 2257 630 amplecti

1272 630 1480 671 quascumque
1498 630 1663 670 opiniones
1682 629 1871 670 probabiles,
1891 631 1966 671 quia
1986 633 2019 662 in
2043 631 2257 673 speculativis,

1274 673 1328 705 ubi
1336 675 1373 705 de
1383 673 1497 705 nuliius
1508 672 1687 714 praejudicio
1695 674 1815 713 agitur,
1831 671 1952 704 licitum
1959 673 2000 705 est
2009 674 2124 716 eligere
2132 676 2259 715 opinio-

1273 726 1329 748 nes
1338 718 1456 748 nedum
1465 716 1634 757 probabiles
1642 735 1653 750 ,
1667 714 1716 746 sed
1726 717 1821 746 etiarn
1831 713 1916 745 falsas
1926 725 1935 751 ·‚
1951 725 1987 747 ut
1995 716 2036 748 est
2055 726 2129 749 text.
2147 720 2181 749 in
2191 725 2255 758 cap.

1273 760 1310 792 In
1319 756 1440 798 quibus,
1460 756 1609 799 22.quaest.
1623 769 1650 789 2.
1668 756 1812 798 &scripsi
1832 757 1950 797 plenius
1963 759 1997 789 in
2012 769 2037 790 c.
2047 761 2218 796 Firmiter,
2235 761 2256 792 a*

1274 813 1304 834 n.
1317 810 1364 842 53.
1366 802 1432 842 sup.
1442 800 1479 833 de
1487 803 1603 834 Summ.
1613 802 1736 832 Trinit.
1748 800 1784 832 Θ
1793 798 1872 832 Fide
1881 798 2031 833 Catholic.
2047 801 2133 846 Qiae
2149 803 2258 835 distin-

1273 845 1382 877 Ckioin
1399 843 1511 876 effestu
1519 844 1560 875 est
1577 843 1605 876 S.
1616 843 1750 875 Thomae
1766 845 1799 874 in
1817 840 1944 880 quodlib.
1958 852 2054 885 3.art.
2067 853 2114 877 ιο.
2133 844 2258 878 Deinde

1273 887 1472 929 respondetur
1481 907 1491 922 ‚
1500 887 1515 919 a
1524 886 1718 928 speculativis
1729 896 1792 918 non
1803 886 1883 927 posse
1892 886 1998 918 inferri
2008 888 2046 919 ad
2057 888 2205 923 moralia,
2224 890 2257 920 in

1273 932 1385 971 quibus
1395 931 1498 972 agitur
1505 932 1542 962 de
1552 931 1671 971 peccati
1681 929 1818 972 periculo
1826 949 1835 965 ,
1854 939 1888 961 ut
1897 929 2019 963 dietum
2027 929 2069 962 est
2075 929 2162 972 supr.
2170 933 2203 962 in
2211 941 2258 964 re-

1265 973 1368 1017 sponſs
1382 975 1424 1006 ad
1440 985 1471 1014 4.
1479 983 1595 1013 argum.

1316 1018 1366 1050 Ad
1374 1016 1524 1049 oeiavum
1534 1025 1617 1058 patet
1626 1014 1779 1057 responsio
1788 1026 1824 1047 ex
1834 1014 2032 1058 diffisfiapdn
2038 1015 2169 1060 respons-⁸
2177 1015 2220 1049 ad
2229 1024 2256 1057 5.

1273 1059 1312 1093 Φ·
1327 1065 1356 1093 6.
1373 1061 1452 1102 verſs
1469 1060 1577 1099 Neque
1593 1056 1706 1100 obstat,
1724 1057 1800 1098 quod
1814 1059 1993 1099 prudentia.

1316 1104 1365 1135 Ad
1387 1114 1507 1136 nonum
1528 1101 1728 1144 respondetur
1748 1104 1892 1143 negando
1912 1103 2061 1144 majorem
2077 1123 2088 1139 ‚
2115 1104 2190 1146 quia
2218 1112 2255 1135 ex

1275 1156 1427 1188 praecepto
1442 1147 1608 1178 Sacrorum
1618 1144 1789 1178 Canonum
1806 1155 1928 1178 tenetur
1941 1147 2054 1188 eligere
2073 1156 2191 1188 partem
2207 1156 2257 1178 tii-

1273 1192 1386 1222 tiorem
1396 1200 1461 1221 non
1471 1189 1570 1222 solum
1585 1190 1631 1223 is,
1647 1188 1822 1230 quidubius
1832 1188 1890 1223 est,
1906 1199 1940 1220 ut
1955 1189 1989 1221 in
2006 1189 2121 1229 juribus
2132 1192 2164 1221 in
2180 1200 2258 1221 con—

1273 1234 1403 1264 trarium
1420 1233 1574 1274 allegatis·,
1592 1231 1746 1263 sedetiam
1761 1232 1805 1266 is,
1821 1234 1875 1272 qui
1891 1232 1982 1264 habet
2000 1232 2201 1265 formidinem
2220 1243 2257 1264 ex

1272 1277 1455 1308 credulitate
1465 1277 1538 1310 levi,
1548 1284 1582 1307 ut
1590 1274 1658 1306 sunt
1668 1284 1768 1307 textus
1776 1275 1850 1306 clari
1859 1276 1922 1307 inc.
1930 1283 1985 1315 per
1992 1285 2071 1311 tuas,
2080 1276 2106 1308 il
2117 1287 2144 1307 2.
2154 1275 2192 1307 de
2202 1278 2240 1307 Si
2243 1294 2255 1298 -

1273 1329 1351 1351 mon.
1360 1321 1393 1351 &
1404 1321 1437 1351 in
1445 1329 1471 1351 c.
1478 1318 1672 1362 Inquisitioni
1681 1338 1691 1353 ‚
1701 1316 1738 1349 de
1737 1318 1870 1360 sentent.
1880 1329 2067 1351 excommun.
2082 1321 2257 1360 ponderan-

1273 1364 1313 1394 do
1328 1363 1417 1397 illos,
1433 1372 1466 1394 ut
1485 1363 1549 1393 dixi
1560 1360 1699 1402 supra'in
1709 1372 1758 1402 24.
1773 1360 1987 1404 fundamento,
2003 1370 2141 1401 num.95.
2160 1359 2256 1397 &96.

1273 1404 1372 1437 Ratio
1379 1404 1419 1436 est
1427 1425 1437 1439 ,
1446 1406 1519 1446 quia
1527 1405 1623 1436 etiam
1632 1403 1866 1439 (reformidans,
1874 1406 1908 1437 ὅ(
1917 1405 2082 1440 Ηυέῑυαης,
2092 1406 2220 1446 exponit
2231 1404 2257 1435 se

1272 1448 1458 1482 discrimini,
1469 1457 1503 1479 ut
1513 1447 1556 1478 ibi
1567 1448 1632 1479 dixi
1641 1446 1770 1487 verſsEt
1777 1450 1859 1479 ratio
1867 1447 2028 1491 decifionis
2036 1447 2088 1490 est,
2096 1450 2129 1481 δι
2140 1447 2258 1480 constat

1272 1501 1308 1522 ex
1318 1491 1410 1522 dicitis
1420 1493 1452 1522 ln
1462 1494 1492 1523 6.
1502 1490 1539 1523 Θ·
1547 1499 1577 1529 7.
1580 1488 1784 1533 fundamento
1791 1502 1802 1521 .·
1820 1493 1895 1524 &in
1905 1491 1964 1523 hoc
1974 1492 2045 1523 casu
2052 1493 2148 1523 etiam
2157 1491 2259 1532 loqui-

1272 1533 1510 1566 turS.Thomas
1526 1531 1654 1572 quodlib·
1664 1536 1693 1566 8.
1703 1536 1794 1566 artic.
1809 1543 1853 1576 13.
1871 1544 1906 1566 ut
1913 1533 2001 1576 plene
2009 1533 2161 1567 ostensum
2171 1534 2212 1565 est
2221 1536 2256 1565 in

161 1595 224 1629 114
245 1586 397 1617 humanas
406 1592 514 1615 verum
529 1581 702 1621 attingere?
723 1579 852 1621 Qiippe
869 1579 908 1610 ad
923 1580 1088 1610 veritatem
1098 1580 1163 1610 nati
1174 1578 1230 1609 ho-
1264 1575 1468 1623 fundamento
1487 1585 1533 1617 25.
1549 1588 1628 1609 num.
1647 1586 1698 1616 77.

1314 1620 1364 1652 Ad
1373 1621 1520 1652 ultimum
1528 1620 1742 1662 respondetur,
1762 1619 1938 1653 dosttinam
1949 1621 2029 1653 hanc
2039 1621 2076 1653 de
2086 1621 2182 1653 libera
2199 1618 2259 1652 ele-

1273 1662 1379 1696 ‹stione
1389 1666 1549 1704 opinionis
1558 1664 1722 1705 probabilis
1733 1664 1790 1695 effe
1808 1675 1925 1696 novam
1936 1666 1967 1696 in
1978 1663 2112 1696 Ecclesia
2121 1684 2131 1699 ‚
2149 1664 2183 1695 &
2201 1673 2259 1694 no-

1273 1707 1332 1739 stro
1351 1706 1459 1738 saeciilo
1477 1706 1708 1742 introduCtam,
1724 1717 1758 1739 ut
1778 1706 1839 1748 sup.
1855 1709 1991 1739 diximus
2012 1717 2091 1739 num.
2110 1715 2157 1747 23.
2173 1705 2260 1738 Nam
2306 1717 2317 1728 ³

1273 1760 1390 1782 veteres
1400 1749 1581 1782 Scholastici
1596 1750 1771 1792 oppositum
1791 1752 1985 1785 docuerunt,
2006 1751 2161 1782 tradentes
2171 1749 2259 1781 theo-

1272 1795 1370 1827 ricas,
1390 1803 1458 1834 quae
1479 1792 1547 1825 usui
1569 1794 1819 1834 probabilitatum
1834 1792 1968 1826 omnino
1988 1792 2204 1827 adversantur,
2225 1801 2260 1823 ut

1272 1837 1390 1869 constat
1399 1847 1436 1868 ex
1455 1835 1549 1868 dictis
1566 1835 1643 1877 supr.
1660 1839 1693 1868 in
1707 1846 1753 1875 14.
1763 1834 1966 1879 fundamento
1980 1846 2046 1868 cum
2062 1832 2200 1876 pluribus
2208 1834 2260 1876 se-

1272 1881 1444 1918 quentibus.
1466 1878 1633 1922 roirca
1651 1890 1715 1911 non
1731 1880 1886 1921 possumus
1907 1879 2086 1911 doetrinam
2106 1879 2261 1909 recentio-

1271 1933 1342 1954 rum
1361 1921 1598 1963 Theologorum
1615 1923 1800 1963 approbare,
1821 1925 1899 1963 quin
1915 1925 2135 1963 redarguamus
2151 1922 2185 1953 &
2201 1920 2261 1951 im-

1273 1965 1437 2006 probemus
1447 1964 1623 1997 ‹icelii-inam
1634 1963 1835 2007 antiquorum
1847 1965 2029 2007 Sapientum
2038 1985 2048 2000 ,
2063 1963 2262 1997 consuetudi-

1273 2018 1312 2040 ne
1322 2007 1464 2040 Ecclesiae
1484 2018 1538 2049 pet
1554 2017 1603 2040 tot
1621 2008 1727 2040 saecula
1741 2009 1919 2040 roboratam
1929 2029 1939 2044 ,
1954 2009 2010 2050 qui
2024 2008 2196 2040 contrarias
2214 2015 2262 2037 re-

1272 2052 1359 2093 gulas
1375 2052 1588 2082 tradiderunt.
1607 2049 1790 2083 Consultius
1807 2061 1914 2083 autem
1922 2051 2158 2084 estamodernis
2176 2059 2262 2081 rece-

1271 2096 1363 2128 dere,
1384 2095 1417 2125 &
1428 2093 1584 2125 veteribus
1594 2103 1726 2126 numero
1742 2095 1879 2135 pluribus
1899 2094 2072 2130 adhaerere,
2094 2091 2264 2126 secundum

1272 2137 1347 2168 illud
1358 2136 1414 2177 Job
1425 2146 1436 2167 1
1445 2147 1471 2166 2.
1486 2145 1531 2176 13.
1541 2139 1579 2168 In
1589 2139 1724 2174 antiquis
1732 2135 1774 2177 est
1774 2136 1949 2178 sapientia,
1966 2139 2000 2169 &
2010 2136 2076 2168 fuse
2085 2137 2200 2177 patebit
2214 2137 2263 2166 in-

1272 2178 1317 2211 fra
1327 2189 1405 2210 num.
1413 2187 1482 2219 349.
1491 2180 1594 2218 Atque
1603 2181 1647 2209 ita
1656 2180 1771 2219 regula,
1783 2178 1882 2219 Qiod
1891 2178 1908 2209 a
1916 2178 2052 2219 pluribus
2060 2178 2209 2219 quaeritur
2219 2178 2264 2209 sa-

1274 2222 1430 2264 pientibus
1440 2240 1451 2255 ,
1461 2219 1584 2252 facilius
1595 2222 1767 2254 invenitur,
1777 2221 1811 2252 &
1821 2221 1887 2251 aliae
1897 2222 1930 2251 in
1938 2230 2129 2261 argumento
2136 2229 2262 2252 contra-

1273 2267 1322 2296 rio
1330 2263 1470 2296 addustae
1478 2283 1488 2299 ‚
1497 2262 1531 2294 in
1539 2262 1715 2304 oppositum
1723 2272 1941 2305 retorquentur
1950 2285 1959 2294 .
1967 2263 2006 2295 Et
2015 2272 2052 2294 ex
2062 2263 2110 2295 his
2119 2264 2262 2304 expedita

1273 2308 1310 2340 sit
1325 2307 1390 2339 haec
1413 2308 1510 2348 prima
1529 2305 1671 2347 quaestio.

1314 2350 1420 2382 Venio
1428 2359 1511 2381 nunc
1521 2350 1560 2381 ad
1568 2348 1734 2380 secundam
1749 2348 1950 2390 quaestionem
1969 2350 2192 2390 principalem,
2213 2351 2262 2381 vi—

1273 2394 1404 2425 delicet:
1421 2392 1471 2426 An
1480 2402 1517 2423 ex
1537 2392 1654 2424 duabus
1663 2393 1865 2433 opinionibus
1879 2392 2028 2434 oppositis
2049 2391 2133 2434 aeque
2152 2393 2262 2434 proba-

1274 2437 1386 2468 bilibus
1397 2455 1408 2470 ,
1429 2436 1477 2467 vel
1485 2435 1569 2476 quasi
1579 2455 1590 2470 ,
1606 2435 1738 2467 liberum
1747 2434 1782 2467 sit
1791 2436 1917 2468 cuilibet
1926 2435 2010 2478 sequi
2019 2445 2183 2478 utramque
2190 2455 2201 2472 ,
2210 2435 2259 2468 vel

1274 2480 1424 2513 alteram,
1444 2488 1541 2519 quarn
1556 2477 1718 2509 maluerit.

1318 2521 1377 2554 Pro
1396 2521 1546 2552 sententia
1561 2520 1764 2556 affirmativa,
1780 2531 1875 2562 quarn
1885 2521 2052 2563 sequuntur
2068 2525 2257 2555 recentiores

1275 2564 1400 2597 Theolo
1411 2603 1415 2605 ἢ
1424 2566 1432 2596 i
1444 2564 1621 2605 supracitati
1631 2573 1683 2605 per
1692 2563 1860 2597 discursum
1869 2564 1886 2596 a
1895 2576 1976 2597 num.
1988 2575 2005 2596 2
2009 2574 2036 2605 5.
2051 2567 2084 2598 &
2094 2565 2260 2607 praesertim

1276 2620 1305 2640 n.
1318 2617 1365 2649 30.
1432 2616 1480 2648 31.
1491 2607 1726 2648 supponendum
1735 2607 1775 2638 est
1785 2629 1795 2642 ‚
1811 2618 1874 2639 non
1883 2608 2042 2649 implicare
2051 2610 2127 2640 duas
2136 2618 2262 2641 contra-

1277 2650 1427 2684 diCtorias
1448 2652 1614 2691 opiniones
1629 2650 1684 2682 effe
1706 2652 1894 2692 probabiles3
1915 2661 1990 2683 narn
2007 2652 2194 2691 probabilem
2203 2653 2260 2684 effe

1277 2694 1355 2725 nihil
1365 2693 1405 2725 est
1414 2693 1495 2724 aliud
1505 2712 1515 2727 ‚
1535 2693 1628 2734 quani
1639 2703 1743 2724 veram
1754 2704 1898 2734 apparete
1915 2704 1952 2725 ex
1962 2694 2067 2734 aliquo
2077 2693 2261 2727 fundamen—

1277 2746 1312 2769 to
1322 2746 1386 2768 non
1409 2736 1487 2767 levi.
1508 2734 1608 2768 Potest
1617 2746 1722 2768 autem
1743 2736 2122 2777 utraquecontradidmria
2140 2747 2191 2778 pet
2212 2740 2261 2770 di-

1277 2779 1363 2811 versa
1374 2780 1494 2810 motiva
1503 2799 1513 2814 ,
1534 2779 1595 2811 sive
1606 2782 1707 2810 media
1716 2778 1944 2819 cognoscendi,
1960 2789 2103 2819 apparere
2113 2791 2184 2812 vera
2193 2801 2203 2815 ,
2224 2783 2260 2814 &

1277 2823 1318 2855 sic
1340 2822 1358 2853 a
1376 2822 1700 2863 potentiarationabili
1718 2821 1849 2864 judicati
1867 2822 2047 2864 probabilis.
2070 2822 2259 2865 thuamvis

1277 2865 1420 2906 Vasquez
1430 2868 1463 2896 in
1478 2875 1503 2896 1.
1515 2875 1542 2897 2.
1552 2862 1643 2907 quaest.
1652 2874 1697 2901 19.
1707 2869 1800 2896 art.6.
1809 2865 1937 2907 distam-
1946 2876 1972 2897 c.
1982 2873 2008 2905 3.
2019 2877 2048 2897 n.
2063 2876 2109 2899 10.
2120 2869 2152 2899 δέ
2164 2867 2257 2899 Azor.

1277 2906 1377 2949 Instit.
1388 2908 1494 2939 moral.
1505 2917 1578 2940 tom.
1592 2917 1618 2939 1.
1628 2905 1680 2939 lib.
1692 2918 1719 2938 2.
1730 2918 1754 2939 c.
1769 2911 1815 2939 16.
1826 2906 1918 2950 quaest.
1929 2919 1955 2939 2.
1965 2907 2004 2941 &⁹
2013 2918 2038 2949 3.
2047 2907 2085 2941 ὠ·
2093 2921 2117 2941 c.
2132 2919 2178 2947 17.
2189 2920 2215 2948 q.
2228 2919 2256 2948 7.

1278 2953 1384 2983 dicant
1406 2961 1470 2983 non
1488 2951 1566 2992 poffe
1575 2949 1923 2982 eumdemintelleeium
1933 2961 1984 2992 per
1994 2955 2135 2992 proptia,
2156 2955 2189 2986 δε
2210 2956 2258 2984 in-

1277 2994 1409 3027 trinseca
1431 2994 1474 3025 rei
1497 2995 1667 3034 principia,
1688 2992 1788 3027 idest,
1810 2994 1974 3034 percausas
1985 2997 2045 3030 rei,
2067 2996 2257 3028 aureffedius

1278 3038 1379 3071 illius,
1400 3046 1453 3067 aut
1463 3036 1607 3070 absurda,
1629 3035 1869 3077 &impossibilia
1879 3038 1950 3068 inde
1959 3039 2155 3075 deducenda,
2177 3040 2260 3082 judi-

1277 3090 1347 3112 care
1355 3088 1517 3119 utramque
1538 3078 1722 3119 opinionem
1731 3079 1934 3120 probabilem,
1949 3083 2023 3121 quia
2045 3083 2074 3113 id
2083 3083 2154 3114 effer
2169 3084 2260 3114 intel-

1279 3122 1393 3155 lestum
1403 3123 1522 3153 duobus
1531 3120 1786 3154 contradictoriis
1795 3122 1930 3154 assentiri
1942 3134 1950 3160 ·,
1970 3124 2017 3156 sed
2027 3124 2103 3157 bene
2118 3127 2196 3167 posse
2207 3136 2258 3167 per

1278 3167 1446 3197 extrinseca
1456 3166 1625 3206 principia,
1647 3165 1747 3200 idest,
1768 3164 2195 3204 Do&oruiiiautboritatein,
2210 3170 2258 3211 ju-

1278 3210 1381 3240 dicare
1390 3210 1581 3240 contrariam
1594 3209 1776 3248 opinionem
1787 3209 1843 3239 esse
1862 3211 2067 3249 probabilem:
2089 3222 2194 3243 tamen
2205 3222 2257 3243 eos

1278 3251 1388 3283 refellit
1398 3250 1537 3283 Sanchcz
1547 3250 1581 3283 in
1599 3251 1707 3283 Decal.
1718 3248 1771 3282 lib.
1788 3260 1811 3282 1.
1822 3262 1847 3283 c.
1857 3262 1886 3289 9.
1897 3263 1926 3283 n.
1941 3263 1985 3284 12.
1995 3255 2046 3285 ubi
2055 3256 2154 3286 ass'crit
2162 3255 2258 3286 eriam

1277 3305 1313 3326 ex
1324 3295 1422 3335 princi
1447 3294 1485 3325 iis
1494 3293 1667 3326 intrinsecis
1678 3294 1756 3334 poss'e
1766 3294 1956 3327 intellectum
1969 3307 2129 3339 utramque
2140 3306 2258 3339 partem

1278 3305 1687 3377 contradigkionisopinari,
1704 3336 1754 3368 seu
1770 3338 1972 3374 illiass'entiri‚
1993 3342 2066 3380 quia
2084 3350 2148 3372 non
2168 3349 2259 3381 repu-

1277 3389 1352 3421 gnat
1361 3390 1397 3410 ex
1417 3379 1532 3411 eisdem
1543 3379 1703 3420 principiis
1723 3380 1927 3413 diversimode
1943 3383 2127 3419 intellectis,
2147 3384 2258 3425 seuap-

1279 3422 1417 3464 plicatis,
1436 3425 1608 3455 contrarias
1625 3424 1789 3462 opiniones
1805 3425 1899 3455 oriri.

1319 3465 1358 3498 Et
1375 3464 1474 3507 posito
1492 3465 1552 3498 hoc
1574 3465 1777 3500 fundamento
1798 3468 1943 3508 probatur
1964 3469 2027 3502 iia-c
2049 3468 2198 3501 sententia
2221 3479 2259 3501 ex

2115 3521 2219 3544 omni-

2283 1107 2341 1136 1¹8

2288 2360 2341 2384 121
