2397 3664
323 81 393 133 60

266 161 354 194 habet
365 163 537 193 libertatem
544 161 742 201 opinandum
754 158 836 191 iiber,
847 158 1014 189 secundum
1024 155 1243 198 Philosophum

262 205 524 246 supracitatumin
555 206 637 234 rimo
647 201 869 234 fundamento,
891 198 940 231 sed
950 201 1073 240 cogitur
1081 200 1119 230 ab
1129 200 1244 232 intelli-

268 248 370 290 gibili,
381 257 414 279 ut
425 247 524 279 sensus
532 258 548 278 a
557 244 697 277 sensibili,
708 251 741 274 ut
749 242 876 273 habetur
885 243 918 273 in
930 241 995 283 3.de
1003 242 1123 274 Anima
1131 251 1243 282 text.3.

263 295 295 323 δε
306 293 450 331 quamvis
466 291 626 322 voluntas,
649 286 810 327 propositis
826 285 947 317 duobus
956 286 1066 320 bonis,
1087 294 1139 326 pet
1155 285 1244 317 illum

263 333 350 375 pomt
359 342 456 367 unum
465 334 576 374 eligere
584 351 594 364 ‚
603 331 637 361 &
645 329 776 360 alterum
784 327 917 359 refutare
926 347 936 363 ,
957 326 1030 360 cum
1038 327 1148 359 habeat
1155 327 1244 359 liber-

262 386 360 408 tatem
367 375 595 408 contrarietatis
604 392 614 407 ,
622 370 791 403 [Libertas
798 368 1077 413 ,ffidestat.homin.
1087 379 1192 403 tamen
1201 370 1244 402 se-

260 429 316 451 cus
326 420 367 451 esi
378 421 410 450 in
419 415 577 449 intellectu
586 435 595 449 .
605 416 679 456 quia
688 424 753 446 non
761 415 826 455 agit
837 412 930 446 libere
939 433 950 448 ,
958 413 1006 446 sed
1016 415 1139 455 cogitur
1148 413 1243 445 ab'in-

263 461 419 503 telligibili
428 481 438 495 ,
455 458 526 491 licet
534 459 681 490 voluntas
689 467 754 489 non
762 466 893 498 cogatur
910 457 949 489 ab
958 457 1133 498 appetibili.
1157 457 1204 488 Ita
1212 455 1241 487 S.

259 504 377 536 Thom.
389 505 422 534 in
437 511 462 532 1.
465 500 545 541 sent.
555 499 746 543 ‹iustitia-48.
756 509 817 532 art.
826 510 851 541 3.
861 500 904 532 ad
917 508 942 531 t.
951 501 984 531 ὃ(
994 498 1114 541 plenius
1121 498 1243 531 dietum

261 547 302 578 est
312 543 395 586 supi-5
405 546 437 575 in
449 542 570 585 2.quaest.
581 555 610 576 n.
621 552 685 583 155.
696 541 734 576 ὠ·
746 541 1114 585 156.1taqueintelle6l:us
1124 543 1243 574 violen-

259 598 305 621 ter
314 588 430 628 rapitur
440 589 474 618 in
493 597 563 619 eam
573 597 709 630 partem,
727 587 762 618 in
769 596 832 628 qua
851 588 986 618 rationes
994 588 1152 627 graviores
1170 595 1242 625 prae-

255 632 432 672 ponderant
441 652 449 662 .
460 630 496 662 in
503 632 655 672 opimone
663 639 771 662 autem
780 628 885 661 minus
895 628 1043 670 probabili
1053 649 1063 663 ‚
1085 627 1107 659 si
1117 637 1243 668 compa-

260 683 342 705 retur
352 682 424 705 cum
433 673 533 714 magis
542 674 692 716 probabili
702 694 712 708 ,
721 683 786 705 non
795 672 862 704 sunt
873 673 958 713 plura
968 670 1140 704 &fortiora
1148 672 1242 702 moti-

259 727 299 748 va
309 736 319 751 ,
337 726 395 748 nec
407 718 640 758 praeponderant
651 719 786 749 rationes
794 715 953 756 graviores
962 735 972 750 ‚
987 716 1065 755 quin
1075 712 1177 755 potitis
1186 713 1242 744 illae

256 760 493 801 praeponderant
510 761 542 791 in
552 761 652 801 magis
669 758 833 800 probabili.
855 756 952 789 Unde
967 757 1023 799 qui
1034 756 1168 798 sequitur
1182 757 1242 787 mi-

258 801 318 834 nus
329 803 539 845 probabilem,
555 802 726 844 posthabita
736 800 955 843 probabiliori,
977 809 1041 832 non
1050 799 1184 844 sequitur
1194 799 1242 829 in-

257 846 465 878 clinationem
485 844 659 878 intellectus
669 847 707 877 ad
723 843 890 879 assensum,
913 849 963 875 leu
971 844 1008 874 ad
1024 843 1185 873 dissensum
1195 843 1242 881 ip-

260 889 345 925 sum3
365 889 482 920 neeesse
500 889 541 920 est
563 888 667 923 enirn,
689 897 723 920 ut
740 886 916 919 intellectus
924 886 969 918 illi
990 886 1186 931 assentiatur,
1207 884 1242 915 in

256 933 342 973 quod
353 930 463 963 fortius
484 931 653 963 inclinatur
662 951 673 966 ‚
693 929 768 966 cum
777 930 908 961 liberum
919 938 982 960 non
997 927 1033 959 sit
1042 928 1165 967 opinari
1175 947 1186 961 ‚
1208 936 1242 958 ut

257 973 364 1015 saepius
374 976 540 1015 repetitum
549 973 590 1005 est
600 996 607 1003 .
631 973 713 1015 Ergo
721 972 737 1004 a
748 974 853 1013 primo
867 973 903 1002 ad
913 971 1058 1018 ultimum
1070 974 1094 1001 is
1103 990 1113 1005 ,
1134 971 1188 1016 qui
1199 970 1242 1001 se—

256 1018 364 1059 quitur
380 1016 484 1048 minus
494 1016 681 1059 probabilem
692 1036 702 1050 ,
718 1014 825 1046 relitsta
835 1014 1053 1054 probabiliori,
1069 1023 1133 1043 non
1145 1015 1241 1053 lequi-

257 1070 306 1093 tur
315 1059 474 1093 distamen
484 1059 616 1092 rationis
624 1079 633 1092 ‚
655 1059 689 1090 δε
697 1056 921 1099 consequenter
929 1056 1037 1088 illicite
1048 1059 1111 1098 agit
1131 1065 1138 1086 ε
1158 1057 1242 1096 quod

257 1111 477 1144 argumentum
486 1104 520 1133 in
529 1101 642 1135 effectu
656 1101 697 1133 est
706 1100 838 1133 Henrici
849 1099 1061 1132 Gandavensis
1071 1119 1081 1133 ‚
1101 1096 1240 1131 Conradi

255 1148 288 1181 δε
297 1145 451 1178 Corduba:
459 1165 469 1179 ‚
483 1154 620 1186 quorum
630 1145 722 1176 verba
732 1143 905 1175 reseruntur
915 1142 995 1174 insta
1003 1154 1033 1174 n.
1045 1152 1112 1183 342.

293 1188 457 1230 Qintum
465 1187 706 1219 fundamentum
714 1187 754 1218 est
763 1207 773 1221 ‚
790 1188 865 1227 quia
874 1187 902 1218 is
911 1206 921 1221 ,
936 1185 991 1226 qui
1002 1185 1076 1217 facit
1089 1183 1194 1216 astum
1204 1194 1239 1215 ex

254 1232 308 1264 suo
324 1241 436 1273 genere
448 1232 569 1263 licitum
579 1251 589 1264 ‚
610 1230 630 1261 si
642 1229 868 1262 conscientiam
883 1228 993 1261 habeat
1001 1227 1086 1270 quod
1105 1227 1140 1258 sit
1150 1228 1241 1258 illici—

252 1284 302 1307 tus
312 1294 322 1309 ,
343 1274 454 1315 absque
464 1274 560 1305 dubio
589 1282 675 1306 eccat
684 1293 694 1307 ,
717 1273 778 1304 sive
793 1270 863 1304 talis
873 1271 1063 1303 conscientia
1081 1270 1115 1301 sit
1126 1270 1218 1301 dubia
1228 1290 1237 1304 ‚

254 1327 290 1350 ut
298 1328 323 1350 c.
333 1317 444 1350 Nervi
457 1326 468 1348 1
476 1326 503 1357 3.
513 1315 564 1359 dis
574 1338 582 1346 .
591 1315 629 1349 Θ
638 1327 662 1348 c.
671 1314 755 1349 Illud
763 1316 800 1347 de
816 1315 902 1347 Cler.
911 1325 1025 1346 excom.
1035 1311 1165 1354 ministr.
1178 1312 1239 1344 sive

251 1361 289 1393 sit
297 1370 334 1392 ex
342 1361 524 1393 credulitate
535 1359 639 1394 levi&
650 1357 822 1400 scrupulosa
829 1378 840 1393 ,
860 1368 884 1390 c.
895 1359 957 1390 Per
964 1366 1031 1389 tuas
1039 1377 1049 1392 ,
1067 1358 1092 1388 il
1103 1368 1130 1389 2.
1141 1355 1177 1386 de
1186 1358 1239 1387 Si-

250 1414 330 1436 mon.
341 1414 365 1436 c.
374 1403 569 1446 Inquifitwni
579 1423 589 1438 ,
607 1402 687 1444 vers.
695 1399 859 1444 insecundo
867 1399 904 1433 de
910 1399 992 1441 sent.
1002 1409 1147 1431 excomm.
1158 1398 1239 1430 Pon-

252 1448 391 1480 derando
399 1446 536 1488 haecjura
544 1467 554 1482 ,
563 1455 597 1478 ut
605 1446 670 1478 dixi
679 1444 763 1486 supra
771 1456 819 1477 nu.
831 1452 879 1484 95.
891 1443 928 1477 (θ’
937 1454 1016 1476 num.
1019 1445 1102 1484 seqq.
1112 1442 1150 1475 ά*
1156 1452 1236 1473 num.

252 1493 323 1530 246.
333 1489 394 1521 sive
405 1489 440 1521 sii
450 1500 487 1521 ex
502 1489 684 1521 credulitate
694 1509 704 1524 ,
728 1487 779 1520 seu
789 1489 944 1529 ‘opinione
958 1487 1128 1528 probabili,
1149 1494 1181 1516 ut
1204 1487 1237 1515 in

251 1531 281 1565 d.
292 1544 316 1565 c.
329 1533 521 1576 Inquifitiom'
530 1553 541 1567 ,
562 1530 644 1573 vers
652 1534 762 1564 Verum
771 1553 778 1561 .
801 1530 885 1572 Ergo
892 1529 993 1561 multo
1005 1531 1103 1570 magis
1113 1537 1219 1569 peccat
1228 1547 1237 1562 ,

250 1576 273 1607 si
283 1576 393 1610 habeat
403 1575 629 1608 conscientiam
638 1595 648 1610 ,
669 1576 754 1617 quod
762 1573 850 1606 aetus
866 1573 903 1605 sit
912 1572 1041 1604 illicitus
1059 1582 1096 1603 ex
1106 1571 1238 1602 creduli-

246 1628 314 1651 tate
324 1639 335 1654 ‚
358 1619 408 1651 seu
423 1618 575 1661 opinione
583 1620 683 1660 magis
705 1618 869 1659 probabili.
891 1614 992 1658 Qiod
1010 1615 1050 1646 sic
1068 1614 1238 1660 ostenditur

247 1664 426 1694 evidenter.
449 1661 676 1696 Conscientia,
694 1662 780 1702 quod
788 1657 902 1701 spectat
913 1660 950 1690 ad
962 1666 1029 1689 rem
1038 1660 1215 1700 praesentem
1226 1676 1237 1691 ,

248 1705 330 1737 nihil
342 1705 383 1738 est
399 1706 482 1737 aliud
491 1724 502 1739 ,
522 1705 616 1745 quam
632 1704 799 1736 credulitas
810 1723 820 1738 ,
841 1701 893 1734 seu
910 1702 1061 1742 judicium
1069 1703 1105 1732 de
1114 1701 1235 1731 bonita-

247 1759 277 1781 te
287 1769 297 1783 ,
321 1748 369 1780 vel
379 1748 501 1780 malitia
509 1746 598 1780 astus
606 1767 616 1782 ,
637 1756 672 1779 ut
682 1747 841 1788 colligitur
850 1755 887 1777 ex
898 1744 937 1776 D.
949 1743 1075 1776 Thoma
1087 1746 1118 1774 in
1133 1753 1157 1774 1.
1166 1750 1236 1784 par.

244 1789 338 1832 quast.
350 1800 401 1830 79.
411 1800 472 1824 art.
487 1799 532 1831 13-
542 1791 577 1822 in
587 1797 700 1830 corpor.
708 1791 741 1822 δι
751 1799 786 1820 ex
798 1788 839 1820 D.
849 1788 1068 1820 Bonaventura
1079 1788 1112 1818 in
1123 1797 1149 1817 2.
1152 1785 1235 1827 sent.

158 1840 217 1871 ἑὸ]
240 1834 311 1876 dist·
324 1844 371 1876 39·
383 1845 464 1867 num.
480 1843 526 1870 19.
537 1835 586 1866 Ad
597 1832 772 1875 hujusmodi
788 1841 894 1864 autem
904 1831 1119 1863 credulitatem
1132 1838 1237 1870 perve-

243 1883 331 1912 nitur
348 1888 400 1920 per
409 1886 542 1919 quatuor
561 1878 694 1919 gradus,
716 1886 750 1907 ur
770 1874 888 1916 optime
897 1875 1031 1906 declarat
1052 1872 1193 1904 Bartolus
1201 1874 1237 1919 in

243 1924 266 1955 έ-
280 1919 478 1953 Αάησοηεηάὶ
487 1930 569 1952 num.
583 1929 631 1957 19.
640 1929 705 1951 cum
713 1917 785 1951 trib.
787 1918 870 1961 seqq.
872 1916 911 1960 ff
919 1919 969 1950 De
977 1916 1100 1955 jurejur.
1109 1917 1142 1948 &
1152 1925 1188 1946 ex
1198 1915 1231 1946 11-

245 1966 276 1997 lo
286 1965 396 1997 Baldus
406 1965 441 1995 in
451 1964 471 1995 l.
481 1964 518 1995 In
527 1960 687 2003 bonafidei
696 1972 775 1994 num.
792 1972 838 2002 14.
847 1964 883 1993 C.
895 1962 945 1994 De
955 1957 1014 1992 reb.
1025 1958 1107 1992 cred.
1116 1958 1236 1991 Primus

243 2010 358 2051 gradus
368 2006 409 2039 est
418 2027 428 2042 ,
448 2004 522 2038 cum
530 2006 601 2047 quis
609 2005 723 2047 incipit
730 2005 871 2037 dubitare
881 2025 891 2039 ,
912 2014 952 2036 an
962 2001 1049 2035 aCtus
1058 2002 1094 2034 sit
1115 2002 1214 2033 malus
1226 2021 1236 2036 ,

247 2051 454 2085 seuillicitus,
475 2049 523 2080 vel
535 2059 619 2084 non,
638 2048 734 2081 &iste
744 2048 923 2080 nihilhabet
931 2046 1141 2081 credulitatis3
1163 2054 1237 2076 nam

244 2095 386 2127 dubitare
401 2095 471 2134 quis
481 2094 615 2127 dicitur,
635 2089 806 2123 secundum
827 2091 1005 2124 Bartolum,
1024 2089 1151 2130 quando
1171 2097 1236 2137 non

244 2138 380 2179 applicat
401 2135 502 2176 magis
523 2136 668 2168 animum
689 2134 776 2167 suum
797 2135 835 2166 ad
857 2142 952 2165 unam
974 2141 1091 2173 partem
1108 2150 1119 2165 ,
1139 2139 1234 2177 quam

244 2182 286 2213 ad
296 2180 408 2216 aliam3
429 2178 564 2220 ideoque
580 2178 651 2210 talis
661 2179 817 2210 dubitatio
825 2186 890 2208 non
901 2175 941 2207 est
960 2178 1072 2216 gradus
1081 2174 1237 2215 probatio-

248 2227 316 2259 nis,
338 2222 390 2256 seu
399 2221 591 2255 credulitatis
601 2242 611 2256 ‚
631 2220 681 2254 sed
689 2221 834 2255 estillud,
855 2229 908 2260 per
915 2219 1000 2261 quod
1012 2217 1189 2258 pervenitur
1198 2215 1238 2246 ad

248 2267 540 2308 investigationem,
560 2274 628 2306 quae
646 2265 684 2296 ad
702 2264 921 2297 credulitatem
942 2258 1237 2307 perducit35ecun-

248 2312 306 2342 dus
315 2311 427 2352 gradus
435 2330 445 2344 ,
464 2310 520 2350 qui
529 2309 645 2340 dicitur
655 2309 773 2349 primus
784 2304 975 2347 probationis
984 2324 995 2339 ,
1015 2303 1056 2335 est
1064 2323 1074 2338 ,
1083 2310 1235 2353 cum-quis

247 2363 286 2384 ex
303 2352 483 2393 aliquolevi
502 2352 638 2390 iudicio,
662 2351 709 2383 vel
719 2360 755 2381 ex
764 2349 870 2390 aliquo
879 2348 940 2380 levi
959 2354 1237 2389 argumenroinci-

249 2398 296 2439 pit
306 2397 456 2427 inclinare
465 2396 608 2426 animum
617 2394 631 2426 s
630 2403 705 2426 uum
727 2395 761 2424 in
771 2402 840 2424 eam
850 2400 967 2433 partem
975 2410 986 2425 ,
1005 2389 1090 2430 quod
1105 2387 1192 2438 astus
1202 2386 1238 2437 sit

250 2439 367 2475 malus3
386 2438 498 2470 &talis
508 2437 676 2478 appellatur
687 2435 836 2478 suspicio,
857 2434 908 2466 seu
925 2433 1081 2480 scrupulus
1091 2451 1102 2466 2
1122 2440 1177 2480 qui
1189 2440 1238 2460 ni-

252 2482 295 2514 hil
305 2481 345 2514 est
365 2481 470 2516 aliud,
490 2478 585 2521 quam
604 2480 770 2511 creduiitas
780 2488 817 2510 ex
838 2478 956 2510 levibus
977 2473 1238 2521 conledkurtsffi&

250 2524 323 2558 ideo
333 2525 399 2565 plus
416 2523 505 2554 habet
515 2522 708 2555 credulitatis
718 2541 728 2556 ,
748 2520 843 2563 quam
859 2520 1031 2552 dubitatio,
1054 2515 1103 2549 sed
1112 2525 1217 2548 minus
1227 2535 1239 2550 ‚

252 2569 344 2609 quam
365 2566 494 2608 opinio3
515 2567 549 2597 &
567 2566 629 2597 haec
651 2565 767 2598 dicitur
789 2562 980 2596 conscientia
1001 2570 1039 2592 ex
1057 2559 1240 2592 credulitate

254 2611 332 2646 levi,
353 2609 404 2642 seu
413 2611 588 2643 temeraria,
597 2610 631 2640 in
640 2608 670 2639 d.
680 2619 704 2640 c.
716 2607 911 2650 Inquifitioni
918 2605 955 2638 de
965 2604 1041 2640 sent.
1052 2611 1238 2635 excommun.

255 2653 289 2685 δὲ
306 2653 496 2685 conscientia
505 2650 675 2693 scrupulosa
684 2651 896 2691 appellaturin
917 2659 942 2680 c.
953 2650 1014 2680 Per
1023 2656 1108 2681 tuas,
1125 2646 1150 2677 il
1162 2655 1188 2676 2.
1202 2646 1241 2675 de

255 2695 506 2728 Simon.Tertius
513 2697 645 2737 gradus,
666 2696 722 2735 qui
739 2695 853 2724 dicitur
861 2691 1009 2723 secundus
1025 2689 1241 2736 probationis,

258 2738 318 2773 est,
340 2737 411 2769 cum
425 2741 495 2779 quis
504 2749 540 2770 ex
550 2737 730 2770 fortioribus
751 2736 943 2777 argumentis
951 2734 1049 2765 credit
1066 2731 1172 2763 aetum
1182 2729 1240 2779 esse

258 2781 424 2816 illicitum,
445 2791 508 2813 non
528 2790 634 2813 tamen
643 2780 683 2812 eii
699 2778 834 2812 omnino
849 2787 950 2810 certus
968 2788 976 2809 ι
997 2775 1104 2808 &haec
1121 2773 1163 2805 est
1172 2783 1241 2813 opi—

258 2825 333 2858 nio,
341 2833 409 2865 quae
419 2825 483 2864 plus
490 2823 682 2856 credulitatis
692 2823 784 2855 habet
793 2842 802 2856 ,
811 2822 905 2863 quam
913 2818 1043 2861 suspicio
1051 2838 1061 2853 ,
1071 2818 1219 2867 &minus
1229 2835 1242 2850 ,

259 2869 353 2910 quam
363 2868 453 2907 plena
467 2869 630 2899 credulitas
653 2878 660 2898 :
681 2867 788 2899 &haec
810 2865 978 2906 appellatur
993 2860 1185 2910 conscientia
1204 2868 1242 2890 ex

261 2909 444 2943 credulitate
455 2911 642 2949 probabili&
652 2911 783 2942 discreta
793 2908 827 2939 in
836 2909 866 2939 d.
875 2918 899 2939 c.
908 2905 1099 2948 Inqusfitiom
1109 2924 1120 2950 ·.
1133 2901 1242 2943 Qiar-

262 2963 312 2986 tus
321 2954 354 2985 &
364 2953 492 2984 ultimus
501 2955 610 2993 gradus
618 2974 627 2988 ,
636 2955 692 2995 qui
700 2955 816 2984 dicitur
827 2951 937 2983 tertius
948 2948 1139 2993 probationis
1150 2965 1160 2980 ,
1169 2944 1221 2995 'est
1231 2963 1242 2979 ,

262 2995 414 3037 cumquis
424 2995 515 3026 habet
521 3004 636 3027 certam
646 2996 860 3028 credulitatem
867 2992 950 3035 quod
959 2991 1047 3023 aetus
1056 2989 1093 3021 sit
1101 2989 1240 3021 illicitus:

262 3042 296 3073 &
319 3040 382 3071 haec
392 3037 559 3079 appellatur
579 3038 694 3071 fides&
717 3039 805 3080 plena
814 3037 997 3070 credulitas,
1018 3043 1053 3065 ut
1074 3029 1243 3078 ind.c.ln7

264 3082 423 3127 quifitioni
443 3084 476 3112 in
489 3082 587 3120 princ.
603 3079 731 3113 Constat
747 3090 852 3114 autem
861 3082 939 3120 apud
959 3086 1069 3110 omnes
1077 3084 1166 3110 eum,
1187 3083 1243 3115 qut

265 3126 371 3159 aetum
379 3134 415 3156 ex
426 3123 479 3155 suo
488 3132 599 3164 genere
610 3123 730 3155 licitum
738 3125 836 3156 credit
843 3123 900 3155 esse
923 3129 1084 3163 peccatum
1093 3119 1222 3150 mortale
1232 3136 1243 3152 ,

265 3179 300 3202 ut
322 3171 421 3200 levare
442 3166 589 3198 festucam
610 3167 646 3196 de
668 3175 746 3198 terra
760 3187 770 3201 ,
794 3166 965 3199 mortaliter
987 3171 1114 3205 peccare
1133 3170 1245 3193 contra

267 3212 509 3245 conscientiam,
531 3210 675 3250 quamvis
695 3219 758 3239 non
768 3219 876 3241 contra
897 3209 996 3250 legem
1005 3207 1085 3241 Dei,
1106 3205 1129 3237 si
1150 3204 1244 3236 saciat

267 3256 373 3287 actum
394 3254 501 3287 illum,
520 3255 595 3294 quia
615 3252 783 3283 secundum
804 3253 982 3292 Apostolum
1004 3261 1011 3281 :
1031 3250 1149 3282 Omne,
1169 3243 1245 3285 quod

268 3309 326 3330 non
336 3295 376 3338 est
386 3308 424 3328 ex
430 3295 495 3339 fide
502 3317 512 3331 ‚
518 3303 669 3336 peccatum
679 3292 720 3335 est
728 3313 738 3328 ,
754 3304 777 3324 c·
787 3295 939 3339 Qoniam
950 3304 1032 3326 omne
1041 3292 1077 3323 de
1082 3291 1244 3332 praescript.

268 3352 292 3375 c.
300 3342 436 3373 Litteras
446 3339 480 3370 de
490 3337 586 3380 restit.
590 3338 715 3381 spoliat.
724 3338 756 3368 ὅ(
766 3347 871 3370 omne,
879 3339 962 3377 quod
971 3345 1080 3368 contra
1087 3333 1246 3366 conscien-

270 3386 348 3415 tiam
358 3383 411 3416 fit,
431 3384 563 3413 aedincat
573 3384 610 3414 ad
620 3380 793 3423 gehennam
803 3398 813 3413 ,
833 3389 900 3419 quae
918 3379 984 3411 sunt
995 3382 1085 3411 verba
1100 3385 1201 3409 textus
1211 3377 1245 3406 in

270 3429 296 3464 §·
309 3428 362 3458 Ex
371 3424 418 3456 his
427 3445 436 3459 ‚
456 3423 516 3465 post
525 3436 548 3456 c.
559 3427 675 3457 Omnes
685 3426 732 3455 28.
742 3419 833 3462 quaest-
847 3431 871 3452 1·
880 3423 1053 3453 &declarat
1064 3420 1245 3453 §.Thomas

271 3466 438 3508 quodlib-8.
454 3476 514 3500 art.
530 3477 574 3509 13.
585 3470 617 3500 ὅ(
628 3465 753 3508 egregie
771 3465 800 3497 S.
812 3465 1026 3497 Bonavcntura
1042 3467 1074 3495 in
1093 3465 1203 3504 2.Jent.
1216 3461 1245 3493 d.

605 72 784 145 Prosp.
801 71 1035 143 Fagnan.
1059 72 1116 127 in
1135 68 1378 128 Primum
1399 69 1628 126 Librum
1649 66 1931 129 Decretal.

1282 155 1413 196 distinct.
1425 164 1473 196 39.
1484 167 1563 187 num.
1577 165 1625 194 19.
1635 154 1716 199 Qo
1723 155 1777 191 fit,
1797 154 1958 197 utquanto
1968 156 2138 198 proximius
2144 159 2265 192 accedit

1281 198 1394 240 aliquis
1414 199 1453 230 ad
1467 208 1585 231 certam
1604 199 1718 234 fidem,
1739 198 1789 230 sed
1810 199 1931 239 plenam
1945 200 2162 234 credulitatem
2175 203 2262 244 quod

1282 241 1369 274 aetus
1379 240 1415 272 stt
1424 242 1541 276 malus,
1562 241 1652 274 tanto
1661 244 1761 283 magis
1778 251 1881 282 peccet
1890 250 2000 273 contra
2018 242 2264 280 conscientiam,

1286 284 1306 316 si
1316 283 1519 316 aetumillum
1529 283 1640 320 faciat,
1659 286 1733 326 quia
1742 284 1853 327 majori
1872 284 2009 327 periculo
2019 283 2048 316 se
2060 288 2188 326 exponit
2198 307 2209 324 ,
2230 289 2265 320 &

1281 335 1433 368 quantum
1443 326 1518 368 sapit
1535 328 1746 362 credulitatis,
1767 336 1891 359 tantum
1902 326 1977 368 sapit
1991 329 2263 362 determinationis

1282 371 1318 402 ad
1330 379 1492 410 peccatum
1501 391 1509 400 .
1532 368 1643 411 Qxate
1653 370 1673 402 si
1685 379 1792 411 peccat
1802 370 1829 402 is
1837 372 1907 411 ,qui
1919 370 2063 412 agitcum
2073 369 2265 405 conscientia

1281 414 1373 445 dubia
1383 433 1394 447 ,
1415 412 1492 444 nihil
1504 412 1619 444 habens
1626 413 1836 448 credulitatis,
1844 413 1952 462 urique
1963 415 2062 455 magis
2073 422 2197 454 peccat,
2206 415 2263 456 qui

1271 458 1347 497 ‘agit
1360 464 1435 487 cum
1443 454 1637 487 conscientia
1648 454 1818 495 scrupulosa
1826 475 1837 489 ,
1857 465 1931 488 cum
1951 456 2061 489 habeat
2071 457 2187 498 aliquid
2197 466 2265 489 cre-

1281 499 1423 531 dulitatis
1441 507 1633 539 quamquam
1654 498 1731 529 levis
1752 509 1759 528 z
1780 499 1814 529 &
1823 497 1923 530 adhuc
1940 501 2040 541 magis
2063 508 2185 540 peccat,
2206 502 2263 541 qui

1282 543 1348 583 agit
1357 550 1431 574 cum
1447 540 1683 574 conscientiaex
1699 540 1902 575 credulitate,
1923 541 1974 574 seu
1993 544 2144 584 opinione
2154 544 2265 583 proba-

1282 586 1336 616 bili
1345 585 1378 617 &
1389 582 1517 617 discreta
1524 604 1534 619 ,
1555 583 1629 616 cum
1639 583 1710 615 talis
1720 583 1786 625 plus
1795 583 1906 615 habeat
1915 586 2106 618 credulitatis
2126 586 2164 617 de
2174 586 2265 618 mali-

1281 629 1326 659 tia
1346 626 1452 662 adltus‚
1472 626 1567 669 quam
1589 626 1659 662 ille,
1678 625 1915 667 quisimplicem
1929 627 2020 660 habet
2031 628 2233 669 suspicionem
2253 649 2264 659 .

1282 669 1366 711 Ergo
1386 669 1476 702 fateri
1495 678 1638 712 oportet,
1659 668 1750 710 longe
1772 669 1873 708 magis
1894 676 2020 709 peccare
2034 681 2128 706 eum,
2148 671 2203 713 qui
2226 672 2265 703 de

1282 721 1409 754 peccato
1418 712 1508 745 habet
1516 712 1760 746 conscientiam,
1781 711 1832 743 seu
1839 710 2023 752 opinionem
2045 715 2145 755 magis
2156 715 2267 755 proba-

1282 757 1396 791 bilem,
1437 757 1491 787 uia
1505 756 1576 787 talis
1585 755 1697 797 absque
1717 754 1813 786 dubio
1823 752 1949 795 propius
1969 756 2266 789 acceditadcertam

1281 799 1391 832 fidem,
1424 807 1463 830 eu
1481 799 1604 839 plenam
1611 797 1828 830 credulitatem
1844 795 1930 837 quod
1940 795 2029 829 astus
2045 798 2082 830 sit
2092 800 2209 835 malus,
2229 802 2266 832 δε

1281 841 1354 873 ideo
1375 840 1402 872 se
1423 842 1553 881 exponit
1572 841 1685 882 majori
1703 839 1879 872 discrimini
1895 859 1906 874 ‚
1932 840 1968 872 &
1987 840 2114 882 gravius
2133 842 2265 875 offendit

1280 883 1386 916 Deum
1397 903 1406 918 ,
1427 892 1515 925 cujus
1532 893 1718 925 praeceptum
1728 885 1827 924 magis
1836 885 2012 915 contemnit
2020 903 2032 918 ,
2052 892 2144 925 prout
2153 883 2186 916 hi
2195 894 2266 926 gra—

1280 929 1336 966 dus
1345 927 1594 968 distinguuntur,
1614 928 1649 958 &
1660 925 1825 958 efficaciter
1842 927 2010 967 probantur
2019 926 2053 958 in
2075 927 2267 969 praeallegata

1279 969 1658 1011 decretalilnquisitione.
1680 968 1749 1001 Ubi
1758 968 1891 1010 conjux,
1909 969 1927 999 si
1940 968 2265 1003 habetconscientiam

1280 1012 1500 1054 impedimenti
1517 1011 1695 1045 dirimentis
1704 1021 1742 1044 ex
1757 1011 1939 1044 credulitate
1948 1012 2008 1043 levi
2029 1014 2063 1045 &
2079 1015 2264 1049 temeraria,

1280 1056 1376 1097 potest
1396 1055 1519 1104 exigere
1537 1058 1571 1088 &
1592 1056 1717 1088 reddere
1732 1056 1871 1087 debitum
1886 1054 2068 1097 conjugale,
2088 1055 2264 1089 dummodo

1280 1108 1385 1130 tamen
1396 1100 1480 1140 prius
1498 1097 1908 1141 hujusmodiconscientiam
1928 1099 2088 1140 explodat,
2111 1098 2264 1140 seudepo-

1281 1151 1335 1173 nat
1344 1163 1351 1171 .
1375 1141 1433 1173 Sed
1443 1141 1464 1172 si
1484 1141 1594 1174 habeat
1603 1142 1698 1174 talem
1709 1141 1933 1173 conscientiam
1949 1151 1986 1173 ex
1995 1142 2177 1174 credulitate
2194 1152 2264 1183 pro-

1280 1185 1415 1217 babili&
1425 1183 1556 1216 discreta
1566 1205 1575 1219 ,
1586 1184 1681 1225 potest
1690 1186 1815 1216 reddere
1823 1205 1833 1218 ,
1843 1184 1891 1216 sed
1901 1194 1965 1216 non
1974 1187 2096 1227 exigere
2102 1185 2244 1217 debitum
2252 1206 2263 1220 ,

1279 1237 1318 1258 ne
1328 1236 1440 1259 contra
1456 1228 1557 1268 legem
1565 1227 1764 1259 conscientiae
1779 1227 1958 1260 committat
1974 1227 2142 1263 offensam,
2164 1238 2199 1260 ut
2219 1229 2265 1260 ibi

1279 1278 1362 1311 patet
1380 1272 1413 1301 in
1427 1272 1495 1302 1.&
1515 1281 1541 1301 2.
1552 1270 1692 1302 membro
1707 1270 1934 1303 distinctionis.
1955 1271 1998 1304 At
2015 1271 2091 1303 vero
2109 1271 2130 1302 si
2153 1270 2263 1303 habeat

1279 1321 1396 1344 certam
1413 1313 1530 1347 fidem,
1551 1312 1602 1345 seu
1619 1314 1962 1354 plenamcredulitatem
1980 1315 2018 1346 de
2034 1315 2265 1355 impedimento

1278 1365 1343 1388 non
1354 1356 1449 1397 potest
1458 1356 1597 1387 debitum
1605 1359 1727 1398 exigere
1736 1376 1747 1392 ,
1769 1366 1827 1389 nec
1848 1357 1974 1389 reddere
1983 1356 2046 1389 sine
2060 1357 2184 1389 mortali
2193 1367 2264 1398 pec-

1277 1408 1370 1434 cato,
1391 1408 1426 1431 ut
1444 1400 1487 1430 ibi
1496 1400 1652 1431 deciditur
1669 1402 1703 1431 in
1712 1401 1853 1441 princ.&
1874 1401 2044 1433 concordat
2065 1409 2167 1433 textus
2183 1402 2218 1432 in
2237 1409 2264 1433 c.

1277 1443 1420 1475 Litteras
1430 1440 1468 1473 de
1482 1439 1578 1484 restit.
1585 1441 1710 1483 spoliat.

1320 1484 1448 1516 Sextum
1465 1484 1705 1517 fundamentum
1714 1485 1777 1522 est,
1796 1488 1871 1529 quia
1890 1488 1924 1519 in
1941 1488 2106 1529 agibilibus
2119 1488 2264 1530 quicum-

1276 1537 1336 1568 que
1345 1537 1410 1559 non
1419 1528 1544 1560 adhibet
1555 1530 1705 1561 moralem
1712 1530 1909 1571 diligentiam
1916 1551 1927 1566 ,
1935 1540 2033 1572 quam
2042 1531 2132 1563 debet
2141 1550 2152 1565 ,
2161 1531 2200 1562 ad
2210 1540 2265 1562 co·

1276 1569 1489 1612 gnoscendum
1509 1573 1593 1612 quod
1611 1571 1648 1603 sit
1668 1582 1795 1608 verum,
1816 1573 1864 1604 vel
1885 1572 2015 1609 falsum,
2036 1573 2148 1615 absque
2167 1572 2266 1605 dubio

1277 1622 1401 1654 peccat,
1426 1623 1460 1645 ut
1471 1615 1562 1646 docet
1572 1613 1602 1646 S.
1613 1614 1754 1647 Thomas
1763 1617 1797 1646 in
1810 1624 1835 1647 1.
1848 1626 1876 1647 2.
1887 1614 1980 1657 quast.
1991 1620 2043 1654 76.
2052 1618 2144 1648 artic.
2154 1626 2181 1648 2.
2192 1615 2264 1648 talis

1276 1658 1551 1697 enimignorantia
1570 1656 1644 1689 ct'tm
1654 1658 1691 1689 sit
1700 1667 1829 1693 eorum,
1848 1668 1917 1700 quae
1933 1658 2009 1691 scire
2018 1658 2134 1700 potest,
2154 1660 2189 1692 &
2209 1660 2265 1691 de-

1277 1700 1326 1731 bet
1336 1720 1347 1734 ,
1356 1699 1471 1732 dicitur
1482 1700 1640 1732 vincibilis
1650 1701 1684 1733 δε
1694 1700 1855 1737 affectata,
1875 1711 1943 1743 quae
1952 1703 2157 1744 aequiparatur
2166 1701 2265 1734 scien-

1275 1745 1327 1774 tiae
1338 1762 1348 1778 ,
1357 1752 1390 1774 ut
1399 1753 1423 1774 c.
1434 1743 1488 1775 ult.
1500 1751 1547 1783 37.
1558 1741 1628 1784 άιβ.
1638 1745 1672 1776 &
1681 1743 1753 1775 ideo
1762 1754 1826 1776 non
1834 1744 1956 1777 excusat
1964 1745 1981 1776 a
1990 1744 2266 1786 peccatoomiffio·

1276 1789 1325 1817 nis
1334 1806 1344 1821 ,
1351 1797 1374 1818 c.
1387 1784 1468 1818 Citm
1479 1783 1621 1819 inhibitio
1630 1785 1667 1820 de
1675 1785 1819 1828 clandest.
1830 1786 1963 1830 desponfi
1972 1798 2028 1820 c.2.
2036 1789 2069 1820 &
2079 1788 2124 1819 ibi
2131 1786 2224 1829 glossa
2231 1788 2266 1819 in

1277 1839 1343 1860 ver.
1361 1827 1503 1877 affeciata
1522 1828 1559 1861 de
1579 1837 1704 1870 tempor.
1715 1829 1814 1861 ordin.
1836 1829 1972 1864 lib-6.&
1991 1829 2111 1872 optime
2131 1831 2197 1863 decl
2233 1839 2266 1862 at

1277 1874 1361 1903 idem
1371 1874 1402 1904 δ.
1411 1871 1553 1904 Thomas
1562 1870 1614 1914 ‚ubi
1622 1872 1718 1914 [κενά
1727 1894 1735 1903 .
1758 1872 1819 1905 sed
1827 1873 1883 1914 qui
1898 1873 2034 1915 sequitur
2041 1872 2148 1905 mimis
2154 1883 2211 1914 pro
2251 1891 2266 1896 -

1277 1915 1370 1946 bilem
1380 1935 1390 1950 ,
1412 1913 1521 1946 relista
1531 1916 1751 1956 probabiliori,
1761 1925 1827 1948 non
1838 1916 1963 1948 adhibet
1971 1916 2122 1948 moralem
2129 1917 2266 1957 diligen-

1276 1960 1354 1989 tiam
1362 1967 1456 1999 quam
1465 1959 1555 1990 debet
1563 1979 1574 1994 ,
1594 1960 1628 1991 &
1637 1958 1733 2000 potest
1743 1978 1753 1994 ,
1773 1960 1813 1990 ad
1823 1958 2075 2001 cognoscendum
2081 1959 2158 2001 quid
2166 1958 2204 1991 fit
2211 1967 2266 1991 ve—

1276 2010 1346 2032 rum
1353 2020 1364 2035 ,
1385 2001 1433 2033 vel
1443 2000 1550 2033 falsum
1559 2023 1568 2031 .
1586 2001 1668 2043 Ergo
1677 2001 1694 2033 a
1703 2010 1908 2042 peccato‘non
1916 2001 2078 2034 excusatur
2085 2022 2094 2032 .

1319 2043 1431 2075 Minor
1448 2045 1593 2085 probatur
1605 2064 1617 2079 ,
1636 2046 1711 2085 quia
1726 2043 1859 2076 minime
1867 2044 1985 2077 dicitur
2000 2045 2146 2077 adhibere
2161 2054 2265 2078 mora-

1276 2087 1372 2118 ralem
1379 2086 1577 2128 diligentiam
1587 2088 1625 2119 ad
1643 2087 1772 2128 aliquod
1782 2090 1948 2128 negotium
1962 2087 2046 2120 reete
2055 2089 2265 2130 peragendum

1277 2131 1322 2163 is,
1342 2129 1398 2170 qui
1419 2128 1525 2169 sponte
1534 2129 1633 2161 utitur
1653 2131 1765 2162 mediis
1774 2128 1880 2162 minus
1901 2131 2110 2171 probabilibus
2131 2132 2167 2163 ὅ(
2187 2141 2265 2163 con-

1277 2174 1362 2213 gruis
1378 2171 1500 2202 adillud
1513 2171 1597 2203 reste
1606 2173 1832 2212 expediendum
1853 2183 1861 2202 :
1883 2172 1935 2203 hic
1952 2175 2037 2204 enim
2046 2182 2080 2204 ut
2096 2174 2265 2213 plurimum

1276 2216 1293 2247 a
1302 2215 1363 2246 fine
1381 2214 1500 2245 aberrat
1510 2232 1521 2248 ,
1541 2214 1581 2245 ad
1590 2223 1685 2254 quem
1706 2223 1770 2244 non
1779 2216 1959 2254 pervenitur
1979 2215 2034 2245 nisi
2046 2225 2097 2255 per
2106 2218 2244 2247 medium
2253 2236 2265 2252 ,

1277 2258 1298 2290 l.
1314 2256 1385 2289 1.de
1401 2258 1476 2296 orig.
1485 2254 1544 2295 jur.
1559 2266 1625 2288 cum
1633 2253 1808 2299 fimilibus.
1829 2255 1916 2298 Quis
1937 2259 2022 2289 enim
2044 2258 2157 2290 dixerit
2177 2259 2266 2291 illum

1278 2299 1477 2341 diligentiam
1497 2299 1660 2333 adhibere,
1681 2307 1716 2330 ut
1735 2299 1902 2340 cognoscat
1913 2309 2097 2341 peccatum,
2121 2302 2170 2333 seu
2180 2311 2265 2334 erro-

1276 2353 1363 2378 rem,
1384 2351 1437 2382 aut
1456 2340 1639 2376 salfitatem‚
1659 2341 1715 2383 qui
1735 2343 1939 2384 de'ditaopera
1961 2342 2094 2384 sequitur
2107 2346 2155 2379 id,
2176 2347 2262 2385 quod

1277 2387 1378 2428 magis
1384 2394 1510 2427 apparet
1521 2393 1683 2426 peccatum
1691 2404 1702 2420 ,
1722 2386 1755 2417 &
1764 2394 1850 2417 error
1859 2405 1871 2421 ‚
1891 2388 1925 2419 &
1934 2385 2046 2418 falsitas
2054 2406 2065 2422 ,
2085 2387 2179 2429 quam
2188 2398 2267 2419 con-

1278 2429 1429 2462 trarium?
1452 2427 1539 2468 Nam
1554 2430 1575 2461 si
1598 2430 1699 2469 magis
1715 2428 1880 2468 probabilis
1900 2439 2024 2470 apparet
2042 2433 2142 2472 magis
2163 2440 2236 2462 vera
2251 2450 2263 2466 ,

1278 2480 1401 2514 oportet
1418 2480 1452 2502 ut
1462 2471 1544 2503 illius
1563 2470 1809 2503 contradictoria
1823 2471 1927 2504 minsis
1937 2474 2104 2513 probabilis
2119 2482 2264 2515 appareat

1280 2514 1382 2556 magis
1390 2512 1464 2546 falsa
1472 2533 1483 2548 ,
1504 2511 1598 2554 quam
1607 2523 1680 2545 vera
1689 2533 1700 2549 ‚
1708 2515 1784 2555 quia
1793 2524 1888 2546 unam
1899 2514 2003 2547 falsam
2010 2517 2066 2548 esse
2076 2516 2192 2549 neceffe
2202 2517 2244 2548 est
2253 2536 2266 2553 ,

1280 2567 1314 2590 ut
1324 2560 1358 2589 in
1367 2567 1397 2598 4.
1407 2554 1550 2596 Metaph.
1559 2567 1584 2589 c.
1595 2560 1625 2589 6.
1636 2555 1770 2598 Ideoque
1778 2556 1807 2589 S.
1817 2557 1843 2588 T
1850 2559 1957 2590 homas
1964 2559 2094 2598 quodlib.
2103 2563 2132 2592 8.
2141 2569 2203 2592 art.
2216 2569 2228 2591 1
2236 2568 2263 2600 3.

1279 2603 1325 2633 ait
1346 2609 1431 2639 quem
1445 2608 1569 2640 peccare
1577 2599 1610 2643 fi
1619 2598 1726 2642 faciat
1741 2610 1845 2632 contra
1852 2601 1968 2640 legem,
1988 2603 2173 2645 etiamfinon
2181 2600 2267 2634 arbi-

1280 2652 1379 2677 tretur
1387 2641 1495 2686 facere
1515 2653 1523 2674 t
1543 2646 1627 2684 quod
1645 2642 1882 2685 intelligendum
1890 2646 1950 2680 est,
1971 2645 2067 2676 finon
2089 2645 2265 2678 adhibuerit

1280 2687 1418 2720 debitam
1426 2686 1622 2727 diligentiam
1631 2705 1642 2721 ,
1663 2695 1697 2718 ut
1704 2688 1869 2719 veritatem
1877 2687 2076 2729 cognosceret
2084 2710 2092 2717 .

1323 2728 1499 2770 Septimum
1507 2728 1743 2761 fundamentum
1753 2730 1794 2761 est
1804 2750 1814 2764 ,
1835 2732 1909 2771 quia
1918 2732 1951 2761 in
1961 2731 2046 2762 nullo
2054 2732 2116 2762 alio
2125 2731 2264 2764 humano

1281 2774 1370 2815 gravi
1379 2774 1508 2814 negorio
1517 2792 1527 2807 ,
1548 2772 1582 2803 in
1590 2782 1655 2814 quo
1663 2781 1772 2814 agatur
1787 2774 1824 2803 de
1833 2773 1958 2814 proprio
1966 2773 2111 2814 cujusque
2120 2784 2265 2806 commo-

1283 2818 1324 2848 do
1331 2835 1343 2851 ,
1363 2813 1414 2847 seu
1421 2815 1558 2847 interesse
1566 2835 1577 2850 ,
1593 2815 1729 2857 sequitur
1736 2816 1807 2856 quis
1815 2816 1919 2847 minus
1928 2817 2117 2857 probabilem
2125 2827 2244 2858 partem
2252 2837 2265 2852 ,

1281 2869 1336 2890 aut
1345 2858 1450 2890 minsis
1459 2858 1640 2890 verisimilia
1656 2859 1695 2890 ad
1703 2858 1785 2889 illius
1795 2858 1891 2891 finem
1905 2859 2158 2900 consequendum
2168 2871 2177 2897 ς
2197 2861 2232 2892 &
2241 2860 2264 2892 si

1281 2903 1352 2943 quis
1360 2902 1412 2933 illa
1424 2901 1564 2943 sequatur
1572 2921 1583 2936 ,
1591 2901 1789 2942 negligentia:
1798 2921 1809 2935 ‚
1830 2901 1881 2933 seu
1890 2903 1986 2942 culpae
1996 2902 2087 2943 ipsius
2096 2904 2265 2944 imputabi—

1282 2954 1332 2977 tur
1342 2965 1352 2980 ,
1375 2947 1401 2982 §.
1410 2946 1509 2984 Igitur
1518 2942 1586 2976 ciam
1593 2953 1659 2982 ςιω
1666 2946 1698 2975 in
1713 2941 1772 2985 fin.
1782 2942 1879 2985 instit.
1887 2944 1924 2976 de
1933 2943 2056 2984 obligat.
2066 2955 2123 2984 φα
2131 2957 2171 2977 ex
2181 2956 2236 2984 qua
2232 2946 2266 2990 st

1282 2988 1434 3021 contrastu
1443 3007 1453 3023 ,
1461 2985 1628 3019 t-Haeredes
1637 3007 1647 3022 ‚
1657 2988 1683 3024 §.
1693 2986 1769 3018 Non
1779 2985 1900 3020 tantiam
1908 3007 1918 3022 ‚
1919 2984 1959 3030 ff
1970 2990 1997 3020 F
1997 2990 2107 3020 amiliae
2115 2989 2267 3030 ercijcun-

1282 3029 1325 3062 dae
1333 3051 1343 3066 ,
1351 3031 1413 3062 l-In
1422 3027 1508 3063 rebus
1518 3050 1527 3065 ,
1528 3026 1567 3072 ff
1572 3031 1621 3062 De
1629 3031 1814 3068 tundant-Si
1819 3028 1972 3072 constante
1980 3051 1992 3066 ,
2002 3033 2068 3069 §.Si
2075 3035 2204 3064 maritus
2213 3029 2265 3076 ,ff-

1276 3075 1368 3117 salut.
1377 3075 1514 3105 matrim.
1523 3074 1608 3114 Ergo
1617 3072 1716 3105 multo
1731 3071 1835 3105 minus
1843 3075 1875 3105 id
1890 3073 2067 3107 faciendum
2074 3075 2115 3106 est
2125 3077 2157 3107 in
2169 3086 2266 3117 nego-

1284 3119 1331 3149 tio
1338 3116 1449 3149 animae
1458 3137 1468 3151 ,
1489 3118 1522 3147 in
1529 3127 1593 3158 quo
1600 3118 1702 3158 agitur
1711 3117 1749 3148 de
1758 3115 1874 3148 offensa
1881 3115 1961 3152 Dei,
1970 3120 2004 3151 ὅ(
2012 3120 2049 3149 de
2059 3120 2124 3150 vita
2132 3128 2265 3156 aererna5

1284 3171 1321 3192 ac
1332 3160 1353 3191 st
1364 3161 1395 3191 id
1404 3160 1457 3192 fiat
1465 3179 1475 3194 ,
1485 3160 1595 3200 majori
1604 3160 1842 3201 negligentiae&
1854 3161 1950 3201 culpae
1957 3164 2017 3193 erit
2025 3162 2244 3202 imputandum
2254 3181 2266 3196 2

1285 3205 1323 3235 ad
1333 3203 1447 3234 tradita
1456 3212 1508 3243 per
1515 3202 1641 3244 glossam
1652 3204 1716 3234 2.in
1725 3204 1746 3234 Ι.
1754 3211 1778 3233 1.
1780 3199 1820 3244 ff
1831 3204 1881 3235 De
1889 3203 1966 3243 past.
1975 3206 2008 3236 &
2019 3206 2051 3236 in
2063 3206 2211 3237 Aurhent.
2221 3203 2266 3239 Ut

1285 3257 1349 3278 cum
1363 3246 1401 3278 de
1415 3246 1558 3285 appellat.
1575 3243 1702 3286 cognosc.
1725 3246 1752 3282 §.
1762 3248 1801 3277 Si
1818 3248 1883 3284 quis
1891 3245 1929 3278 de
1942 3246 2090 3286 prediHis
2106 3251 2139 3279 iri
2153 3258 2219 3279 ver.
2228 3249 2267 3278 Si

1285 3291 1364 3321 enim
1373 3309 1383 3323 ‚
1406 3288 1443 3321 (θ’
1451 3291 1484 3320 in
1495 3290 1521 3326 §.
1531 3292 1629 3321 Sacra
1637 3290 1671 3320 in
1692 3298 1758 3319 ver.
1769 3297 1895 3329 exceptet
1904 3288 2001 3329 instit.
2010 3290 2047 3322 de
2063 3301 2162 3323 rerum
2170 3289 2267 3330 divis.

1286 3332 1325 3364 Et
1335 3332 1451 3363 constat
1460 3342 1498 3363 ex
1508 3331 1548 3363 D.
1558 3331 1684 3363 Thoma
1692 3329 1888 3369 d-quodlib.8.
1898 3334 1932 3364 in
1935 3332 1992 3375 fin.
2001 3343 2062 3366 arr.
2076 3343 2122 3375 13.
2134 3334 2194 3365 ibi:
2209 3336 2268 3365 Pe-

1286 3375 1418 3416 riculose
1425 3376 1591 3407 committit
1599 3394 1610 3408 ‚
1618 3372 1655 3406 (9·
1657 3373 1704 3416 fic
1710 3374 1900 3414 proculdubio
1904 3383 2024 3415 peccato
2031 3397 2042 3413 ‚
2063 3376 2162 3416 utpote
2169 3377 2268 3414 magis

1288 3428 1394 3449 amans
1401 3415 1574 3459 beneficium
1582 3417 1744 3456 temporale
1751 3437 1761 3452 ,
1772 3417 1858 3455 qua'm
1866 3422 2019 3459 propriam
2019 3420 2153 3463 fidutcm
2161 3442 2169 3450 .
2179 3417 2268 3450 Con-

1289 3460 1347 3494 sert
1358 3470 1432 3493 text.
1444 3461 1477 3492 in
1485 3471 1509 3493 c.
1520 3457 1580 3493 Ubi
1588 3461 1751 3500 periculum
1765 3462 1803 3494 de
1811 3462 1892 3495 cleti.
1900 3461 1951 3497 ab.
1962 3467 1992 3496 6.

2128 3505 2226 3539 Osta-

2288 1491 2348 1521 262
