2397 3664
168 3069 221 3093 101

237 182 417 215 insanitum,
438 187 529 219 atque
552 181 716 210 excludens
737 185 864 206 omnem
889 174 1107 204 loriuitliiiciu,
1130 179 1163 202 ut
1185 180 1220 200 ex

235 226 327 257 dichs
348 223 484 257 constari
505 232 539 253 tu
555 219 879 258 ostendisopinionem
896 215 1106 257 probabilem,
1128 211 1221 254 quaeii

235 270 355 300 ratione
366 267 489 298 virtutis
499 264 672 296 excluditur
683 281 692 295 ‚
713 257 794 291 &est
806 257 962 292 fallibilis,
984 260 1017 290 ὅ(
1028 266 1100 288 cum
1112 255 1219 288 sormi·

235 316 325 343 dine.
348 309 446 342 Unde
456 316 612 349 perperam
622 314 659 335 ex
669 313 706 335 co
718 303 787 332 loco
796 301 954 332 deducunt
964 299 1136 333 defensores
1152 307 1221 339 pro-

237 355 450 387 babilitatum,
472 354 504 382 in
523 348 690 381 moralibus
710 346 748 376 ad
770 342 853 376 redte
874 346 906 375 &
920 345 1221 384 prudentcroperan-

234 398 309 429 dum
321 395 453 429 sufficere
461 394 643 433 opinionem
656 387 862 428 probabilem3
884 387 942 418 hoc
952 389 1038 418 enim
1059 393 1222 425 nunquam

236 441 403 471 somniavit
415 434 588 467 Aristotcles
599 453 607 466 ,
628 431 706 472 quin
717 429 820 471 potius
830 431 1014 470 opinionem
1024 427 1151 461 exclusit
1160 448 1168 462 ›
1186 428 1221 459 &

235 481 483 513 contradistinxit
493 478 508 508 Ji
518 474 698 517 prudentia,
720 475 752 506 ὅ(
765 474 833 506 aliis
843 472 1011 504 virtutibus
1028 469 1222 504 intellectua-

236 527 313 556 libus
322 545 330 558 ‚
353 534 388 555 ea
398 523 518 552 ratione
529 520 619 559 ,quia
630 518 662 549 in
673 517 824 558 opinione
835 516 902 548 fieri
914 515 1008 557 potest
1018 536 1028 550 ,
1046 524 1078 546 ut
1089 516 1222 546 mentia-

235 578 320 600 mur.
344 564 508 605 Quocirca
519 572 554 594 cx
565 570 668 594 mente
680 559 771 601 ipsius
787 560 820 591 in
831 560 942 591 morali
953 560 1083 590 materia
1100 559 1145 590 uti
1157 555 1222 598 pos-

235 612 336 642 sumus
358 606 550 639 rationibus,
571 607 604 637 δε
626 605 818 644 argumentis
836 602 1041 643 probabilibus
1063 609 1221 641 tamquam

234 653 364 685 mediis,
385 652 424 683 &⁴
436 649 647 681 instrumentis
657 649 695 680 ad
711 647 935 679 ostendendum
954 655 1082 679 verum,
1103 646 1136 676 &
1153 653 1222 674 tan-

233 704 329 736 quam
339 693 435 727 causis
445 692 665 732 generantibus
679 691 712 722 in
723 691 811 722 nobis
822 689 972 720 moralem
983 688 1202 720 certitudinem
1213 707 1220 715 .

236 739 293 770 Sed
315 746 421 769 tamen
444 737 518 768 illud
540 744 650 766 verum
670 732 840 766 ostensum,
861 734 894 765 &
915 732 1071 763 certitudo
1092 739 1129 760 ex
1153 738 1222 769 pro-

233 782 385 813 babilibus
402 779 590 819 consurgens
608 776 759 809 debetesse
780 775 842 806 sine
852 776 943 806 omni
965 773 1133 805 formidine
1155 780 1222 812 par-

234 825 276 856 tis
293 823 438 858 alterius,
461 821 534 855 cum
555 823 687 854 veritas,
707 821 740 852 ὃ(
757 820 914 850 certitudo
934 817 1136 849 formidinem
1157 824 1221 845 non

236 867 430 903 admittant·,
449 866 583 905 ideoque
605 873 669 894 non
691 861 801 894 sufficit
822 863 856 893 in
877 861 1030 893 sententia
1051 858 1222 890 Aristotelis

236 912 391 953 judicium
406 908 581 950 probabile,
601 908 685 947 quod
696 905 723 936 se
741 906 831 936 habet
840 905 878 935 ad
899 913 1027 936 verum,
1049 900 1222 935 &salsurm

236 955 316 986 &de
325 953 413 995 cujus
428 953 549 983 ratione
559 948 725 981 intrinseca
745 948 803 982 est,
826 957 861 978 ut
871 946 1092 978 formidinem,
1113 946 1146 977 δε
1165 944 1221 975 flu-

234 997 430 1028 &nationem
441 995 596 1026 includat.
618 989 849 1023 Similitercum
863 989 892 1020 S.
904 989 1104 1022 Antoninus,
1126 986 1223 1018 &alii

234 1039 400 1072 exadverso
415 1038 505 1069 citati
525 1046 604 1067 num.
627 1043 674 1074 51.
696 1035 806 1065 dicunt
828 1032 976 1063 moralem
998 1031 1220 1063 certitudinem

234 1083 416 1123 consurgere
426 1090 462 1111 ex
473 1078 661 1115 conjecturis
671 1076 877 1118 probabilibus
885 1095 895 1110 ,
903 1074 1010 1116 grossis
1019 1094 1029 1109 ,
1044 1075 1077 1107 ὃ(
1087 1073 1223 1119 figuran—

236 1128 319 1157 tibus
339 1136 346 1156 ε
367 1125 433 1156 haec
453 1123 545 1153 verba
555 1130 620 1152 non
641 1122 831 1160 important,
851 1127 886 1150 ur
906 1120 939 1149 in
951 1118 1120 1150 moralibus
1144 1115 1223 1147 suffi-

237 1170 299 1201 ciat
308 1167 464 1200 certitudo
473 1164 656 1206 probabilis3
678 1161 877 1197 sedtantum,
899 1157 1223 1193 utinmoralibussuf-

235 1213 319 1243 ficiat
341 1208 578 1242 illacertitudO,
597 1205 852 1248 quaeconsurgit,
874 1204 975 1238 idest,
997 1203 1149 1237 nascitur,
1174 1201 1224 1232 seu

234 1263 400 1296 generatur
411 1262 447 1283 ex
457 1249 630 1291 hujusmodi
641 1250 849 1291 probabilibus
858 1246 1048 1287 conjesturis
1058 1267 1068 1281 ,
1089 1247 1122 1277 ὃ(
1132 1254 1223 1285 argu-

234 1299 366 1331 mentis.
388 1295 428 1327 Et
437 1296 548 1326 eodem
558 1295 652 1325 modo
663 1294 737 1324 dum
747 1293 845 1332 leges,
866 1292 899 1324 &
915 1288 1063 1322 Canones
1073 1289 1223 1320 decidunt

233 1339 437 1381 quaestioneS,
458 1339 492 1370 &
513 1335 618 1368 causas
637 1346 675 1367 ex
695 1337 889 1377 argumentis
911 1332 1137 1374 probabilibus,
1158 1340 1223 1361 non

235 1384 404 1418 intendunt
413 1401 423 1416 ,
446 1391 480 1412 ut
489 1379 616 1412 sufficiat
625 1379 778 1420 judicium
789 1378 943 1418 probabile
951 1377 989 1408 ad
1001 1375 1203 1416 judicandum
1213 1394 1223 1407 s

235 1429 269 1462 &c
290 1425 512 1459 decidendum,
535 1422 584 1454 sed
607 1422 750 1456 tantum,
770 1431 805 1452 ut
821 1431 857 1451 ex
869 1420 1074 1461 probabilibus
1091 1417 1222 1449 rationi-

236 1472 291 1502 bus
302 1469 389 1501 simul
405 1467 521 1509 junffis
532 1465 619 1506 poslit
637 1466 730 1507 Judex
741 1467 784 1496 ita
796 1465 988 1495 illuminatus
998 1461 1131 1494 formare
1142 1460 1220 1501 judi-

232 1516 319 1545 cium
339 1520 479 1545 certum,
501 1512 534 1541 &
556 1508 718 1540 infallibile
738 1509 774 1539 de
796 1507 842 1538 rei
862 1508 1011 1541 veritate,
1031 1507 1106 1546 quia
1128 1505 1223 1535 nimi-

232 1566 305 1588 rum
326 1555 379 1587 etsi
398 1562 582 1595 argumenta
602 1551 779 1592 hujusmodi
801 1549 925 1582 seorsim
944 1548 1136 1580 considerata
1157 1557 1221 1578 non

231 1599 423 1631 concludant
449 1595 583 1628 omnino
604 1615 614 1630 ,
644 1604 701 1626 nec
724 1595 784 1626 sint
811 1593 971 1625 evidentia
987 1613 998 1627 ,
1028 1592 1076 1623 sed
1098 1588 1222 1622 tantum

233 1642 421 1685 probabilia;
443 1649 549 1670 tamen
566 1638 683 1669 sisimul
702 1638 888 1679 jungantur,
909 1637 943 1667 &
965 1634 1124 1666 sintmulti
1145 1643 1222 1674 pon-

233 1687 314 1716 deris
324 1705 333 1719 ,
356 1683 423 1715 sunt
431 1691 503 1723 apta
511 1690 585 1713 nata
592 1691 739 1722 generare
748 1681 842 1711 talem
851 1679 1090 1711 certitudinem,
1112 1685 1147 1708 ut
1160 1677 1222 1707 vir-

232 1737 282 1761 tus
300 1726 518 1767 apprelienfiva
540 1724 728 1764 cognoscar,
750 1725 783 1756 δε
798 1722 1008 1762 apprehendat
1028 1719 1140 1760 absque
1161 1719 1222 1750 ulla

232 1771 441 1811 trepidatione
458 1768 579 1798 remita
596 1766 624 1796 se
636 1767 762 1800 babere,
783 1775 876 1805 atque
898 1764 943 1796 ita
953 1763 1049 1794 causae
1071 1763 1139 1794 sunt
1150 1772 1222 1803 pro-

232 1815 364 1846 babiles,
387 1809 569 1844 sedeffeerus
586 1820 621 1841 ex
631 1810 690 1840 illis
708 1809 857 1839 resultans
877 1807 918 1838 est
941 1805 1077 1838 omnino
1098 1814 1220 1839 certus,

231 1859 263 1887 δέ
275 1855 461 1887 infallibilis.
484 1853 523 1884 Et
541 1853 598 1884 boc
607 1854 711 1883 innuit
727 1860 829 1883 textus
839 1853 872 1882 in
891 1849 1158 1891 cap.Judicantem
1173 1857 1220 1888 30.

229 1897 322 1940 qnaest.
335 1901 403 1937 §.in
414 1897 475 1928 illis
492 1897 612 1929 verbis,
632 1895 674 1928 Uc
683 1892 726 1926 ibi
735 1894 812 1927 aelio
829 1891 986 1925 ambarum
1000 1895 1138 1932 partium
1147 1891 1221 1924 illu-

229 1941 398 1982 minarastt
405 1941 520 1979 plenior
531 1961 538 1969 .
562 1939 668 1979 Itaque
678 1938 699 1968 si
711 1939 848 1968 rationes
860 1936 1031 1977 probabiles
1040 1934 1100 1967 sint
1109 1935 1220 1975 plures,

229 1985 525 2024 &tantiponderis,
547 1991 638 2021 atque
648 1983 820 2014 momenti,
839 1989 872 2012 ut
883 1979 987 2010 inillis
996 1977 1172 2011 intelleclkus
1183 1977 1220 2008 si-

227 2039 266 2060 ne
289 2028 350 2060 ulla
371 2026 538 2058 formidine
556 2024 750 2066 acquiescat,
771 2024 805 2056 &
826 2022 943 2064 judicet
962 2031 1029 2053 rem
1049 2025 1094 2052 ita
1115 2020 1143 2051 se
1164 2020 1220 2052 ha—

228 2073 316 2107 bere3
337 2070 401 2102 haec
411 2069 452 2102 est
462 2069 587 2099 moralis
597 2069 773 2101 certitudo,
793 2076 861 2107 qua:
871 2064 981 2098 sufficit
997 2065 1034 2096 ad
1045 2062 1128 2098 redte
1145 2073 1219 2104 ope-

228 2116 362 2145 randum
384 2124 392 2143 :
412 2112 432 2143 si
444 2111 518 2143 vero
526 2112 662 2144 rationes
680 2111 738 2142 illae
747 2109 807 2140 sint
827 2110 955 2150 quidem
966 2108 1086 2148 plures,
1107 2109 1221 2147 &pro-

230 2158 343 2191 babiles
354 2177 363 2191 ,
386 2156 432 2186 sed
441 2164 546 2187 tamen
563 2164 627 2185 non
637 2152 715 2186 adeo
738 2153 852 2186 firmae,
874 2153 907 2183 &
918 2150 1056 2182 efficaces
1067 2170 1077 2185 ,
1097 2159 1131 2181 ut
1142 2151 1221 2180 adae-

228 2209 325 2241 quent
335 2198 469 2231 omnino
479 2196 691 2232 intellestum,
715 2196 764 2228 sed
775 2193 901 2228 tantum
911 2193 1109 2234 persuadeant
1118 2212 1128 2227 ,
1143 2191 1221 2223 adeo

230 2254 263 2276 ut
281 2241 456 2274 intellectus
476 2241 520 2272 eis
542 2250 607 2272 non
628 2240 805 2271 assentiatur
827 2236 1026 2279 simpliciter,
1047 2237 1080 2268 &
1103 2234 1222 2266 absolu-

229 2287 278 2321 te,
300 2285 348 2318 sed
369 2283 575 2318 tantumcum
595 2282 784 2316 formidine,
805 2279 1071 2314 &fludkuationffi
1092 2288 1132 2310 ne
1154 2287 1222 2318 pars

232 2328 372 2370 opposita
388 2328 423 2359 sit
434 2338 524 2364 vera3
545 2328 607 2359 baec
628 2326 669 2358 est
677 2327 788 2367 opinio
805 2323 990 2366 probabilis,
1009 2331 1078 2363 quae
1089 2331 1153 2352 non
1162 2320 1222 2352 sus-

231 2374 299 2404 ficit
322 2373 358 2402 ad
371 2372 544 2402 bonitatem
564 2370 735 2404 moralem,
757 2378 791 2400 ur
812 2367 917 2399 solidis
934 2365 1167 2399 fundamentis,
1188 2365 1222 2396 &

231 2414 473 2448 authoritatibus
493 2413 649 2453 majorum
663 2412 838 2444 nostrorum
859 2413 893 2442 in
912 2408 1116 2449 superioribus
1132 2417 1222 2439 mon·

234 2460 357 2490 stratum
375 2457 431 2488 est.
453 2455 565 2496 Quare
581 2455 696 2487 nonest
719 2457 800 2486 bona
809 2453 1031 2494 consequentia
1053 2462 1060 2483 ε
1082 2449 1223 2482 Cei-titu-

235 2505 274 2533 do
285 2501 410 2532 moralis
419 2498 596 2540 consurgit,
617 2500 650 2530 id
658 2498 717 2532 est,
739 2497 876 2529 nascitur
891 2497 924 2528 &
934 2504 1100 2537 generatur
1121 2495 1155 2524 in
1166 2503 1224 2525 no—

236 2545 281 2577 bis
289 2554 325 2575 ex
336 2541 542 2585 probabilibus
561 2552 568 2572 :
591 2541 673 2582 Ergo
683 2540 854 2581 probabilia
864 2538 932 2570 sunt
951 2538 1109 2569 moraliter
1119 2545 1203 2568 certa
1214 2558 1222 2565 .

236 2586 325 2627 Qiia
336 2589 368 2618 in
386 2585 487 2626 primo
495 2582 568 2616 casu
587 2583 799 2615 consideratur
809 2583 883 2614 illud
892 2590 1014 2615 totum,
1034 2582 1224 2620 &aggrega-

238 2639 305 2661 tum
315 2628 484 2669 perfeetum
493 2647 503 2662 ,
524 2627 609 2668 quod
618 2625 761 2660 resultat,
783 2627 816 2657 ὅ(
828 2624 960 2664 emergi:
970 2633 1007 2654 ex
1020 2624 1155 2663 pluribus
1164 2623 1225 2654 sin-

238 2673 392 2713 gularibus
402 2669 592 2711 imperfetffis
614 2680 621 2701 :
645 2668 823 2700 insecundo
833 2676 937 2698 autern
947 2665 1018 2698 casu
1027 2663 1225 2696 consideran-

242 2725 290 2745 tur
299 2714 359 2754 ipsa
370 2714 532 2754 singularia
541 2723 592 2754 per
602 2711 629 2744 se
639 2709 821 2752 imperfecta
831 2730 840 2745 ‚
855 2708 1118 2742 &insufficientia
1127 2729 1134 2738 .
1145 2706 1226 2749 Qio

242 2759 277 2788 iit
289 2777 298 2791 ,
319 2766 352 2788 ut
364 2755 384 2786 si
394 2757 494 2797 aliqua
505 2754 674 2797 propositio
697 2754 819 2785 haberet
831 2763 885 2794 pro
896 2752 923 2783 se
933 2762 1028 2784 unam
1044 2749 1169 2783 tantum
1178 2760 1226 2781 ra—

242 2803 381 2833 tionem,
403 2798 452 2830 seu
466 2798 732 2840 praesumptionem
741 2807 806 2828 non
825 2796 1087 2829 convincentem,
1110 2793 1159 2825 sed
1181 2792 1227 2824 so-

245 2844 307 2874 lum
320 2842 522 2883 probabilem,
543 2841 711 2883 propositio
722 2841 772 2871 illa
781 2849 845 2870 non
865 2839 936 2869 esset
946 2838 1105 2869 moraliter
1121 2845 1226 2871 certa,

242 2887 317 2927 quia
326 2885 395 2916 esset
405 2893 476 2915 cum
486 2883 652 2916 formidine
668 2885 762 2925 partis
771 2882 916 2924 oppositae
939 2892 945 2910 ε
968 2880 1052 2911 secus
1062 2879 1136 2911 vero
1147 2879 1167 2910 si
1178 2890 1227 2910 ra-

244 2932 308 2962 tio,
331 2927 382 2959 seu
402 2925 651 2967 praesumptioilla
671 2927 743 2959 esset
758 2927 970 2958 convincens,
990 2925 1065 2964 quia
1087 2922 1139 2954 etsi
1162 2932 1228 2953 non

246 2972 370 3003 liaberet
387 2970 575 3000 evidentiam
584 2970 874 3002 demonstrationis,
895 2977 1001 2999 tamen
1019 2965 1167 2997 sufficeret
1188 2966 1228 2997 ad

246 3014 456 3057 generandam
475 3013 621 3043 moralem
636 3012 860 3046 certitudinem
871 3031 880 3046 ,
903 3020 936 3042 ut
947 3010 986 3041 est
1003 3018 1105 3041 textus
1113 3010 1146 3039 in
1162 3016 1226 3048 cap.

247 3054 369 3100 Afferte
377 3056 414 3087 de
428 3054 590 3095 praefhmpt·
601 3057 651 3086 ubi
672 3055 853 3097 proponitur
865 3053 1016 3095 judicium
1032 3051 1228 3086 Salomonis,

247 3103 301 3142 qui
323 3109 359 3131 cx
377 3097 610 3140 praesumptione
627 3098 764 3131 violenta
786 3097 999 3139 pronuntiavit
1023 3105 1078 3136 pro
1098 3104 1196 3127 matre
1218 3115 1228 3129 ,

249 3146 355 3175 dicens
376 3153 382 3173 :
406 3143 491 3175 Date
505 3139 570 3172 huic
587 3138 737 3184 infantem
757 3144 886 3176 vivum,
907 3139 945 3173 Θ
966 3150 1024 3171 non
1042 3137 1197 3170 occidatur
1216 3148 1227 3173 ,-

249 3186 302 3218 hec
311 3185 351 3226 cst
360 3187 440 3217 enim
448 3193 546 3215 mater
553 3182 615 3221 ejus
624 3206 631 3214 .
642 3182 737 3215 Unde
749 3185 900 3222 iudicium
909 3182 1086 3216 Salomonis
1094 3191 1158 3212 non
1170 3179 1229 3213 fuit

252 3230 426 3270 probabile,
448 3226 497 3259 sed
512 3225 790 3262 omninocertum,
810 3237 875 3260 nori
895 3227 1024 3268 quidem
1041 3225 1229 3256 certitudine

172 3284 228 3307 102
250 3272 488 3304 mathematica,
510 3269 559 3301 sed
575 3269 701 3300 morali.
727 3269 860 3310 Ideoque
878 3270 964 3310 Joan.
976 3269 1115 3301 Andr.&
1127 3270 1228 3298 caetcri

250 3313 425 3346 canonista,-
442 3313 504 3355 post
514 3322 586 3344 eum
601 3312 641 3343 sic
651 3312 803 3342 summanr
821 3312 907 3344 illum
922 3321 1060 3345 textum,
1083 3309 1229 3341 videlicet

253 3357 296 3389 Ex
306 3357 441 3388 violenta
450 3356 682 3396 praesumptione
691 3353 785 3387 fertur
795 3354 959 3387 diffinitiva
969 3375 979 3390 ‚
987 3355 1155 3386 concordat
1164 3362 1230 3384 tex—

256 3400 556 3438 tusi'ncap.Lcttcris
565 3398 759 3431 eodan-ibi,
781 3396 824 3429 Ex
835 3397 1175 3438 liujulmodiviolcnra,
1196 3398 1229 3428 ὃς

255 3452 339 3475 certa
366 3441 534 3482 suspicione
556 3441 775 3473 fornicationis
806 3440 899 3480 potest
923 3440 1072 3471 sententia
1100 3439 1229 3471 divortii

257 3486 461 3528 promulgari.
482 3484 587 3526 Surgit
598 3486 692 3525 igitur
701 3485 855 3516 certitudo
864 3483 986 3515 moralis
998 3494 1031 3514 ex
1043 3483 1136 3515 unica
1158 3492 1227 3524 pra·—

572 92 752 164 Prosp.
771 89 1003 161 Fagnan.
1023 87 1080 142 in
1100 84 1345 143 Primum
1363 81 1592 144 Librum
1618 80 1898 140 Decretal.

1260 168 1436 209 sumptione
1453 167 1593 199 violenta
1601 186 1611 201 ,
1634 167 1727 198 velex
1738 166 1874 207 pluribus
1890 166 2064 200 rationibus
2075 187 2083 202 ‚
2105 169 2137 200 &
2156 178 2248 209 argu.

1261 212 1376 243 inentis
1398 209 1605 251 probabilibus
1627 209 1714 241 simul
1738 208 1852 250 ,unciis
1867 228 1877 243 ‚
1907 218 1975 249 qua:
1996 217 2102 242 tamen
2125 210 2247 244 seorsim

1260 254 1453 287 considerata
1463 263 1526 284 non
1544 252 1613 284 sunt
1622 261 1726 288 certa,
1748 251 1797 284 sed
1808 251 1905 284 solum
1921 251 2110 293 probabilia,
2129 255 2244 287 &cum

1260 297 1429 329 formidine
1451 295 1546 336 partis
1555 295 1700 337 opposita:
1708 317 1723 329 .,
1738 295 1776 327 Et
1797 295 1860 327 haec
1877 295 1917 326 est
1940 294 2002 335 ipsa
2024 296 2137 327 veritas
2145 316 2156 331 .
2177 308 2251 329 nam

1260 342 1292 372 &
1305 341 1337 370 in
1348 338 1472 380 judiciis
1483 339 1581 379 plures
1600 339 1797 379 probationes
1807 337 1993 378 imperfeetae
2014 337 2250 380 simulijungun-

1260 393 1311 414 tur
1319 384 1357 414 ad
1366 381 1542 414 faciendam
1553 382 1695 422 plenam,
1716 383 1750 415 &
1762 380 1940 422 perfectam
1951 382 2185 422 probationem,
2206 382 2249 414 se-

1260 424 1399 458 cundum
1410 425 1484 457 illud
1493 425 1671 465 vulgatum:
1684 426 1728 456 Et
1735 434 1792 462 quae
1799 435 1858 456 non
1866 424 1987 465 prosunt
1989 424 2115 468 fingnln
2124 444 2134 458 ‚
2151 425 2248 457 multa

1260 469 1382 507 juvant,
1391 467 1445 499 l.2.
1457 469 1482 505 §.
1493 467 1593 502 AEtas,
1602 468 1637 498 &
1647 467 1691 498 ibi
1701 466 1820 508 gloss-in
1830 469 2064 507 ver.Legitimis
2072 464 2122 509 ,ff-
2133 468 2183 500 De
2192 478 2248 499 ex—

1260 511 1318 552 cus-
1328 520 1421 544 tutor.
1431 508 1660 552 lJnstrumenta
1668 529 1680 545 ,
1689 511 1741 542 ubi
1749 511 1844 541 etiam
1853 510 1934 549 gloss.
1944 512 1977 542 in
1985 509 2068 543 verb.
2081 511 2170 542 Aliis
2180 520 2249 548 quo·

1262 565 1314 593 que
1323 575 1331 590 ‚
1342 552 1458 586 Cod.de
1467 551 1582 594 probat.
1615 554 1716 586 loss-in
1724 552 1832 585 c.Citm
1841 552 1961 593 causam
1969 555 2003 584 in
2009 551 2250 586 verb-Admini-

1261 598 1329 630 cula
1346 596 1409 629 eod.
1419 600 1470 630 tit.
1479 595 1517 629 de
1525 595 1594 637 testi
1614 619 1621 627 .
1633 596 1670 628 Et
1681 599 1747 629 duae
1758 596 1954 636 probationes
1976 596 2147 638 semiplenae
2154 599 2251 629 etiam

1263 640 1372 673 diversi
1383 642 1505 681 generis
1520 640 1660 671 similiter
1671 640 1840 680 junguntur
1849 639 1888 669 ad
1896 637 2070 673 faciendam
2081 650 2177 672 unam
2187 641 2251 681 ple—

1262 693 1334 715 nam
1345 685 1559 725 probationem
1568 703 1578 718 ,
1588 693 1621 715 ut
1632 692 1719 714 notat
1730 682 1810 714 Bart.
1821 681 1854 713 in
1864 680 2088 714 l-Admonendi
2096 703 2107 718 ,
2116 685 2248 723 num-48.

1263 726 1341 767 vers.
1351 728 1474 759 Veritas
1483 725 1523 768 est
1532 747 1543 762 ‚
1565 724 1640 764 qu‘od
1648 724 1707 758 duae
1716 725 1878 765 semiplenae
1881 722 2004 765 faciunt
2013 736 2102 757 unam
2112 726 2230 766 alenam
2240 746 2250 760 ‚

1256 767 1292 812 ff.
1304 770 1341 801 de
1349 768 1542 807 iureiurando
1553 791 1561 799 .
1572 769 1668 801 Unde
1677 779 1756 801 unus
1765 767 1848 800 testis
1856 787 1866 801 ‚
1883 767 1939 809 qui
1949 766 2025 800 facit
2035 767 2233 809 semiplenam
2240 790 2250 804 ‚

1262 815 1295 845 &
1306 811 1453 846 confessio
1466 811 1550 844 facta
1558 812 1680 845 absente
1699 822 1782 853 parte
1790 832 1801 847 ‚
1820 821 1887 852 quae
1909 809 1986 842 facit
1993 810 2088 842 aliam
2109 810 2250 853 semiple-

1263 866 1338 888 nam
1346 876 1356 891 ,
1368 856 1454 888 simul
1465 854 1572 896 juncia
1582 853 1670 896 plene
1682 857 1811 896 probant
1820 875 1828 884 .
1839 852 1937 886 Casus
1947 853 1988 885 est
1997 855 2029 885 in
2040 861 2104 893 cap.
2113 851 2193 886 Cicm
2200 856 2250 888 di-

1262 899 1370 935 leffus,
1391 897 1428 931 de
1439 897 1557 940 [πορθ.
1568 895 1605 930 ab
1615 896 1716 938 intest.
1726 900 1760 930 ὅ(
1771 906 1860 929 notat
1882 896 1963 929 Bart.
1973 896 2023 929 ubi
2035 895 2132 938 Juprd
2141 917 2149 927 .
2165 897 2251 929 Item

1263 953 1343 975 unus
1360 942 1442 974 testis
1451 944 1485 975 δε
1507 941 1589 974 fama
1600 942 1722 982 publica
1739 953 1777 973 eo
1785 941 1855 973 casu
1865 960 1875 975 ,
1895 950 1960 982 quo
1977 939 2094 973 faceret
2112 938 2251 980 semiple-

1263 996 1337 1017 nam
1346 1006 1356 1020 ‚
1379 995 1412 1018 ut
1420 986 1454 1017 in
1464 993 1527 1025 cap.
1541 995 1567 1016 1.
1575 985 1612 1016 de
1635 985 1797 1025 Appellat.
1806 985 1839 1016 &
1849 993 1975 1016 notatur
1984 985 2017 1015 in
2027 983 2050 1015 l.
2065 992 2091 1024 3.
2102 984 2128 1020 §.
2139 982 2252 1024 Iisdem

1263 1038 1371 1067 quoque
1387 1030 1548 1069 principiis
1556 1049 1566 1063 ,
1582 1026 1618 1070 ff.
1630 1030 1680 1060 De
1696 1026 1793 1069 testib.
1803 1029 1836 1060 &
1848 1037 1899 1068 per
1917 1027 1998 1059 Bart-
2009 1027 2072 1059 loco
2079 1028 2190 1058 citato.
2212 1024 2251 1057 Et

1264 1074 1348 1104 idem
1361 1081 1442 1113 patet
1450 1073 1483 1103 in
1494 1071 1576 1104 fama
1596 1073 1630 1103 Sc
1641 1071 1789 1112 scriptura
1798 1073 1917 1112 privata
1932 1071 2094 1112 recognita
2104 1079 2155 1110 per
2163 1078 2252 1102 com-

1264 1118 1458 1156 parationem
1467 1136 1476 1149 ,
1497 1125 1564 1156 quse
1575 1125 1738 1155 tamquam
1753 1114 1871 1156 singula
1881 1124 1945 1145 non
1965 1113 2085 1146 faciunt
2093 1112 2149 1145 nisi
2161 1111 2252 1144 semi-

1265 1160 1385 1198 plenam
1395 1178 1403 1193 ,
1425 1160 1458 1190 &
1469 1168 1574 1190 tamen
1584 1157 1753 1199 conjuncta
1764 1157 1884 1190 faciunt
1893 1167 1989 1188 unam
1999 1157 2122 1198 plenam
2130 1175 2140 1190 ‚
2157 1165 2191 1188 ut
2200 1165 2251 1197 pei·

1264 1202 1350 1233 Alex.
1361 1201 1439 1241 conſs
1452 1211 1520 1241 103.
1528 1201 1653 1241 Insuper
1662 1212 1693 1233 eo
1701 1221 1711 1236 ,
1720 1211 1800 1232 num.
1807 1209 1831 1239 5.
1841 1200 1921 1242 verfi
1932 1199 2042 1232 Terti'o
2049 1198 2232 1239 presuppono
2241 1219 2250 1231 ,

1263 1243 1316 1276 lib.
1327 1253 1356 1282 7.
1367 1247 1399 1277 ἃ
1411 1247 1443 1276 in
1453 1244 1522 1276 aliis
1533 1245 1667 1285 pluribus
1677 1245 1823 1285 exemplis
1831 1264 1840 1278 ‚
1861 1254 1929 1285 quae
1938 1243 2075 1276 cumulat
2090 1243 2251 1274 Antonius

1264 1287 1389 1319 Gabriel
1400 1298 1546 1319 commun.
1556 1289 1649 1320 cnncl.
1665 1297 1676 1319 i
1683 1310 1690 1317 .
1701 1296 1754 1327 per
1763 1296 1818 1319 tot.
1828 1286 1922 1318 Plena
1932 1289 2017 1318 enim
2027 1285 2169 1327 probatio
2178 1295 2252 1317 con-

1264 1331 1369 1362 ficitur
1377 1341 1413 1362 ex
1425 1333 1551 1363 diversis
1561 1332 1796 1371 probationibus
1804 1329 1997 1370 imperfestis
2006 1349 2016 1365 ,
2033 1327 2109 1361 curn
2118 1329 2252 1361 tendunt

1263 1376 1301 1406 ad
1311 1375 1455 1406 eumdem
1463 1374 1576 1405 finem:
1587 1384 1660 1405 nam
1672 1373 1842 1415 junguntur
1849 1372 2004 1414 scripturae
2014 1373 2114 1414 plures
2123 1391 2133 1406 ,
2143 1370 2252 1405 testes,

1263 1417 1345 1448 fama
1355 1438 1364 1452 ,
1375 1416 1524 1449 confessio
1534 1438 1543 1451 s
1554 1418 1586 1449 &
1595 1418 1655 1448 alia
1666 1417 1857 1449 adminicula
1867 1418 1904 1449 ad
1913 1427 2012 1448 urium
2020 1413 2191 1456 perfecit-um
2200 1434 2210 1448 s
2219 1423 2253 1445 ut

1263 1470 1351 1491 notat
1362 1460 1444 1492 Bald.
1456 1460 1532 1501 conſs
1546 1469 1613 1497 397.
1623 1461 1756 1492 Ptinfsus
1766 1461 1842 1492 talis
1850 1480 1860 1494 ,
1881 1471 1962 1492 num.
1973 1471 2000 1491 2.
2012 1458 2093 1498 verfi
2104 1456 2253 1490 Praedir'sae

1262 1503 1478 1543 confhltnt‘iom'
1487 1524 1498 1538 ‚
1519 1501 1570 1535 lib.
1583 1513 1608 1544 3.
1627 1504 1685 1535 Sed
1706 1504 1740 1535 Sc
1761 1513 1797 1536 ex
1808 1505 1945 1544 pluribus
1967 1501 2253 1544 praesumptionibus

1263 1548 1460 1579 tendentibus
1472 1549 1509 1578 ad
1531 1546 1613 1578 idem
1623 1546 1782 1587 consurgit
1804 1548 1890 1586 plena
1901 1548 2043 1587 probatio
2053 1565 2062 1580 ‚
2083 1545 2139 1584 leg.
2151 1545 2253 1575 Exci-

1259 1593 1385 1630 piuntur
1394 1588 1487 1632 ,ffiad
1494 1591 1612 1622 Sillan.
1622 1600 1696 1621 cum
1705 1591 1985 1624 concordantibus,
1995 1599 2029 1620 ut
2039 1587 2252 1629 perLudovic.

1264 1633 1400 1664 Roman.
1409 1632 1486 1673 confi
1497 1642 1525 1670 7.
1536 1635 1577 1666 V:
1573 1633 1618 1676 fis
1627 1631 1796 1674 neceffizriis
1805 1653 1815 1667 ,
1837 1644 1885 1664 nu.
1898 1642 1924 1672 3.
1937 1634 1971 1665 ὃς
1980 1631 2166 1664 Cravettam
2175 1629 2253 1671 cons.

1266 1679 1332 1715 158.
1345 1688 1392 1707 nu.
1405 1686 1451 1707 11.
1461 1675 1625 1717 Qiinimo
1636 1677 1723 1717 plena
1735 1677 1876 1717 probatio
1894 1674 2018 1707 resultat
2028 1676 2123 1707 etiam
2134 1683 2171 1704 eie
2188 1673 2254 1714 plu-

1263 1720 1348 1751 ribus
1358 1719 1557 1751 adminiculis
1565 1739 1575 1754 ‚
1584 1721 1710 1760 quando
1720 1729 1818 1751 unum
1827 1720 1915 1750 alteri
1923 1717 2168 1750 adminiculatur
2176 1736 2187 1750 ‚
2196 1715 2254 1747 So-

1262 1762 1326 1794 cin.
1337 1763 1412 1803 confi
1422 1766 1471 1799 98.
1481 1763 1568 1794 col.6.
1578 1760 1631 1794 lib.
1645 1772 1671 1793 1.
1684 1762 1722 1794 Et
1729 1762 1813 1803 quod
1824 1772 1861 1793 ex
1870 1762 2006 1802 pluribus
2016 1760 2254 1792 vehementibus

1262 1806 1463 1837 adminiculis
1471 1806 1564 1846 Judex
1573 1807 1718 1840 reddatur
1727 1815 1828 1837 certus
1839 1826 1848 1840 ,
1869 1806 1915 1837 ita
1925 1815 1959 1836 ut
1971 1803 2057 1845 possit
2068 1802 2192 1834 causam
2200 1803 2254 1833 de-

1262 1848 1364 1880 cidere
1374 1869 1384 1883 ,
1403 1848 1442 1880 est
1453 1858 1554 1880 textus
1563 1851 1595 1880 in
1603 1848 1633 1879 d.
1642 1860 1665 1879 c.
1677 1851 1704 1880 C
1705 1847 1757 1881 itm
1766 1847 1894 1880 dileffus
1904 1868 1914 1883 ,
1935 1844 2094 1888 desusceſjl
2105 1843 2144 1878 ab
2151 1843 2251 1889 intest-

1262 1890 1348 1924 Nam
1359 1901 1392 1923 ut
1402 1891 1573 1923 formaliter
1582 1893 1625 1923 ait
1636 1892 1720 1923 Bald.
1731 1895 1763 1923 in
1774 1891 1803 1922 d.
1815 1900 1878 1931 cap.
1889 1889 1971 1924 Ciam
1988 1889 2108 1930 causam
2117 1901 2165 1920 nu.
2180 1898 2204 1919 1.
2215 1891 2253 1920 δ’

1263 1945 1291 1966 2.
1302 1933 1339 1965 de
1344 1932 1566 1975 probat.Judex
1577 1936 1742 1976 inquisitor
1752 1935 1894 1966 veritaris
1902 1936 1992 1966 debet
2002 1932 2117 1965 cuneta
2125 1931 2253 1966 rimari,

1260 1987 1319 2008 nec
1336 1977 1522 2018 adstringere
1532 1980 1675 2010 animum
1692 1978 1782 2009 suum
1791 1980 1830 2009 ad
1839 1988 1936 2009 unam
1955 1977 2087 2019 speciem
2098 1975 2256 2016 probatio-

1260 2020 1310 2052 nis
1322 2039 1332 2055 ,
1351 2022 1425 2061 quia
1435 2030 1498 2052 una
1505 2020 1620 2061 species
1628 2022 1796 2061 coadjuvat
1803 2022 1952 2056 alteram,
1973 2022 2006 2053 &
2015 2019 2202 2053 confirmat,
2220 2026 2255 2051 ut

1259 2063 1282 2096 l.
1297 2072 1322 2103 3.
1336 2065 1361 2100 §.
1377 2073 1401 2095 1.
1403 2059 1442 2105 ff
1454 2064 1503 2095 De
1513 2061 1610 2104 testib.
1620 2063 1709 2096 Sicut
1720 2067 1752 2096 in
1762 2075 1892 2104 corpore
1902 2065 2043 2096 humano
2057 2072 2095 2094 ex
2105 2060 2255 2094 membris

1260 2107 1368 2138 multis
1378 2106 1432 2138 sibi
1443 2106 1582 2138 invicem
1599 2106 1827 2139 cohaerentibus
1835 2108 1871 2140 fit
1889 2106 2062 2148 perfeetum
2068 2114 2180 2146 corpus
2189 2124 2199 2139 2
2220 2113 2256 2136 ut

1260 2148 1396 2181 l.Rerum
1403 2151 1544 2181 mixtura
1554 2148 1643 2190 ,ffide
1652 2150 1804 2191 usumin&
1815 2153 1849 2182 in
1861 2151 2006 2182 melodiis
2014 2160 2051 2180 ex
2061 2150 2168 2180 multis
2177 2157 2255 2180 con-

1262 2190 1415 2223 sonantiis
1423 2191 1542 2222 constat
1553 2191 1718 2223 harmonia
1726 2214 1733 2221 .
1755 2192 1852 2223 Unde
1863 2192 1897 2222 in
1912 2191 2149 2232 probationibus
2159 2190 2255 2230 surgit

1260 2235 1419 2266 certitudo
1428 2243 1465 2265 ex
1476 2234 1603 2265 diversis
1611 2233 1800 2276 conjecturis
1810 2254 1820 2268 ,
1841 2235 1915 2274 quia
1936 2236 2051 2265 cedunt
2061 2235 2097 2264 ad
2111 2235 2256 2265 eamdem

1262 2277 1495 2310 conclusionem
1507 2276 1631 2308 finalem
1642 2297 1652 2311 ,
1672 2277 1830 2309 &liabent
1839 2276 1944 2309 causas
1953 2297 1963 2311 ‚
1972 2280 2004 2309 ὄε
2015 2277 2233 2309 similitudines
2243 2296 2254 2310 ,

1261 2322 1294 2353 &
1306 2319 1529 2352 consonantias
1545 2329 1725 2355 contextaS,
1747 2321 1780 2352 ὃ(
1795 2321 1934 2352 invicem
1951 2320 2135 2362 colligatas,
2156 2320 2179 2351 l.
2189 2319 2255 2362 Qi

1255 2363 1445 2406 sententiam
1453 2383 1463 2399 ,
1479 2365 1516 2395 C.
1525 2361 1563 2394 de
1579 2370 1657 2403 poen.
1671 2365 1704 2395 in
1715 2363 1777 2394 illIs
1790 2364 1911 2400 verbis·,
1932 2363 2148 2404 Conspirantes
2156 2383 2166 2397 ‚
2187 2372 2255 2394 con-

2278 308 2329 337 ¹³3

2276 607 2332 638 104

2281 1290 2336 1316 ἰοί)

2279 1509 2336 1538 107

2279 1890 2335 1919 108

1261 2405 1476 2446 cordantesque
1485 2408 1518 2437 in
1527 2416 1615 2437 unum
1624 2408 1669 2436 rei
1671 2404 1768 2448 finem
1779 2405 1924 2438 tendunt.
1946 2405 2170 2448 Quamobrem
2178 2406 2216 2437 sic
2221 2414 2255 2438 ut
2282 2442 2286 2451 ¹

1263 2451 1297 2482 in
1314 2449 1440 2491 judiciis
1461 2449 1561 2489 plures
1578 2449 1777 2489 probationes
1798 2450 1990 2491 semiplenae,
2011 2453 2045 2481 bc
2066 2447 2256 2490 imperfetstae

1265 2493 1517 2534 praesumptiones
1527 2511 1538 2527 ,
1555 2493 1589 2524 &
1597 2493 1790 2524 adminicula
1800 2493 1984 2533 disjuntStim
1993 2492 2202 2527 considerata,
2222 2494 2257 2525 δε

1265 2545 1427 2583 tamquam
1448 2534 1566 2576 singula
1576 2535 1700 2575 plenam
1721 2537 1939 2576 probationem
1959 2546 2025 2568 non
2041 2535 2179 2570 faciunt,
2201 2544 2258 2567 ne-

1263 2588 1324 2620 que
1334 2588 1371 2610 ex
1382 2577 1545 2618 illisJudex
1554 2577 1703 2610 informat
1711 2589 1784 2610 cum
1801 2579 1988 2612 certitudine
1998 2581 2140 2612 animum
2149 2579 2162 2609 s
2162 2588 2255 2612 uum,

1266 2622 1314 2654 sed
1323 2622 1436 2654 dubius
1448 2630 1606 2658 remanet,
1627 2631 1719 2656 nam,
1742 2632 1776 2653 ut
1792 2625 1836 2654 ait
1851 2623 2001 2662 Baldleg.
2012 2623 2047 2654 In
2065 2620 2143 2654 bona
2159 2619 2233 2660 fidei
2243 2641 2254 2657 ,

1265 2675 1345 2697 num.
1358 2672 1403 2704 15.
1414 2663 1498 2696 C.de
1514 2662 1575 2696 reb.
1585 2666 1785 2697 crea.dubius
1801 2666 1840 2697 est
1851 2685 1861 2700 ,
1881 2668 1936 2707 qui
1957 2666 2091 2707 applicat
2109 2664 2254 2696 animum

1266 2707 1354 2740 suum
1365 2709 1402 2739 ad
1418 2707 1616 2747 semiplenam
1627 2709 1860 2748 probiitionenu
1881 2711 1916 2741 ὃς
1925 2718 2031 2740 tamen
2048 2718 2085 2739 ex
2095 2708 2155 2738 illis
2167 2707 2254 2739 simul

1263 2750 1381 2794 juanis
1389 2750 1547 2791 consurgit
1556 2752 1644 2792 plena
1654 2751 1794 2791 probatio
1805 2772 1814 2784 ,
1823 2755 1856 2783 ὅ(
1864 2753 2020 2783 certitudo
2030 2751 2186 2792 judicialis
2195 2750 2255 2782 sus-

1265 2794 1374 2826 ficiens
1384 2795 1423 2824 ad
1433 2793 1555 2825 causam
1564 2793 1624 2825 sine
1637 2795 1696 2826 ulla
1705 2795 1914 2835 trepidatione
1923 2796 2129 2826 decidendam
2138 2814 2148 2828 ,
2170 2803 2255 2834 Juxta

1267 2846 1388 2868 textum
1398 2836 1431 2867 in
1440 2834 1470 2868 d.
1481 2847 1505 2868 c.
1516 2835 1595 2869 Ciam
1603 2836 1728 2869 dilec'lus
1736 2847 1745 2873 ς
1754 2839 1796 2869 ita
1806 2839 1881 2869 &in
1891 2837 2060 2870 moralibus
2069 2838 2168 2877 plures
2177 2846 2254 2868 con-

1269 2879 1391 2921 jectura:
1407 2882 1635 2922 &argumenta
1651 2880 1840 2920 probabilia,
1859 2882 2004 2921 quamvis
2027 2879 2114 2921 perse
2137 2879 2255 2920 singula

1268 2934 1332 2954 non
1345 2932 1493 2965 generent
1503 2925 1536 2954 in
1544 2923 1634 2954 nobis
1643 2923 1790 2954 assensum
1800 2923 1935 2956 omnino
1942 2933 2061 2955 certum
2071 2943 2082 2958 ,
2099 2922 2147 2954 sed
2157 2921 2256 2954 solum

1267 2965 1516 2999 cumsormidine
1526 2965 1696 3001 contrarii3
1717 2975 1823 2997 tamen
1830 2976 1867 2998 ex
1882 2967 2029 2998 omnibus
2041 2966 2128 2998 simul
2138 2965 2255 3008 junc'tis

1267 3010 1426 3050 consurgit
1435 3008 1593 3040 certitudo
1602 3009 1728 3041 moralis
1738 3028 1748 3043 s
1762 3019 1829 3050 quae
1838 3009 1911 3041 licet
1918 3019 1983 3041 non
1994 3010 2029 3040 sit
2040 3010 2255 3043 demonstrati-

1267 3062 1326 3086 va,
1347 3051 1554 3083 nihilominus
1573 3051 1819 3083 exceditlimites
1834 3054 2078 3093 probabilitatis,
2099 3055 2133 3085 δέ
2154 3052 2254 3083 estex-

1269 3104 1315 3128 tra
1325 3104 1453 3126 omnem
1465 3093 1681 3126 formidinem.
1695 3094 1743 3127 -Et
1754 3095 1813 3127 boc
1824 3095 1909 3127 lensu
1918 3096 2072 3127 verissima
2092 3095 2133 3126 est
2143 3105 2253 3136 propo-

1269 3138 1356 3172 sitio,
1378 3137 1462 3179 quod
1483 3139 1516 3169 in
1528 3138 1696 3169 moralibus
1717 3137 1846 3170 sufficiat
1855 3142 2012 3171 certitudo
2031 3149 2067 3170 ex
2090 3139 2254 3184 probabili-

1270 3182 1343 3215 bus,
1366 3183 1397 3212 id
1419 3180 1476 3214 est,
1497 3182 1655 3212 certitudo
1676 3181 1747 3215 illa,
1768 3191 1836 3221 qua:
1850 3182 1994 3216 resultat,
2015 3192 2198 3223 generatur,
2220 3184 2254 3213 &

1270 3226 1303 3255 in
1324 3223 1381 3255 effe
1389 3223 1572 3265 producitur
1591 3233 1627 3255 ex
1639 3224 1775 3265 pluribus
1788 3226 1979 3265 conjecturis
1991 3224 2198 3267 imperfectis,
2220 3228 2253 3256 et

1270 3267 1696 3312 argumentisprobabilibus,
1716 3277 1783 3308 quae
1793 3278 1844 3308 per
1855 3268 1881 3300 se
1893 3268 1970 3303 sola,
1991 3266 2253 3310 &tanquauisin-

1270 3311 1361 3350 gula,
1383 3313 1527 3342 nonlunt
1547 3310 1705 3341 moraliter
1715 3320 1817 3346 certa,
1839 3322 1896 3344 nec
1919 3311 2072 3344 sufficiunt
2082 3313 2119 3344 ad
2130 3310 2252 3343 honeste

1270 3354 1460 3400 operandum
1470 3374 1477 3382 .
1501 3353 1604 3393 Atque
1614 3352 1694 3385 lianc
1713 3353 1898 3387 sententiam
1908 3366 1944 3388 ex
1954 3355 2176 3388 recentioribus
2186 3364 2253 3385 am-

1272 3395 1414 3435 plectitur
1431 3395 1589 3427 Antonius
1598 3395 1749 3428 Merenda
1767 3396 1800 3428 in
1812 3398 1864 3430 suo
1883 3409 1973 3440 opere
1983 3402 2020 3430 de
2031 3397 2178 3430 consilio,
2201 3398 2253 3428 ubi

1272 3440 1444 3471 innumeris
1465 3437 1527 3469 sere
1548 3440 1646 3469 Sacra·
1674 3440 1837 3480 Scriptura:
1858 3442 1935 3474 locis
1956 3452 2041 3484 Juxta
2068 3438 2254 3472 Sanctorum

1272 3481 1395 3514 l’atmm
1418 3481 1704 3523 interpretationem
1725 3494 1871 3517 accurato
1893 3486 1991 3518 studio
2014 3487 2174 3525 impugnat
2192 3504 2200 3516 ‚
2222 3489 2253 3517 ὥς

2088 3537 2211 3569 prorsus
