2397 3664
769 0 873 53 De
885 0 1052 54 blect-
1070 9 1114 51 ci
1130 0 1282 51 iacet
1292 0 1582 51 devitanda
1599 32 1618 46 .

169 116 176 120 ,
187 86 263 118 DD.
283 86 318 117 in
336 84 365 116 d.
377 95 443 127 cap.
455 86 534 119 Cam
546 85 697 128 expediat
706 109 717 124 ‚
737 94 773 118 ut
783 95 868 127 patet
878 95 916 118 ex
936 84 1029 120 dictis
1039 93 1117 119 num,
1128 90 1178 121 75,

167 167 173 169 ξ
187 129 272 169 Ergo
284 128 426 161 finiiliter
438 129 471 161 in
483 130 620 162 Ecclesia
629 129 778 163 Romana
788 129 823 165 in
839 127 1019 171 hujusmodi
1037 135 1180 168 compto-

187 171 278 203 misso
296 171 408 204 sufficit
423 173 588 204 consensus
607 175 739 205 duarum
760 173 897 212 partium
913 194 924 211 ,
952 180 1020 204 non
1039 169 1181 203 obstante

186 215 389 255 Gregoriana
408 216 657 253 constitutiones
677 217 710 250 &
729 216 788 247 hoc
807 225 860 256 per
869 215 1030 247 rationem
1047 212 1183 261 ejusdcm

137 259 141 262 ’
163 258 167 263 ’
187 256 265 297 Lapi
276 280 286 295 ,
306 259 382 300 quia
392 269 465 291 cuin
475 259 509 292 in
520 259 578 290 hac
591 258 693 290 forma
699 258 845 294 omnium
856 267 933 289 vota
943 257 1137 297 singillatim,
1149 255 1182 287 &

119 689 160 720 80

116 1509 155 1540 81

187 300 308 333 secreto
329 301 453 343 exquiri
469 303 623 337 debeant,
646 301 729 333 nulli
748 302 785 333 fit
803 300 1021 342 praejudicium
1047 299 1082 330 in
1101 309 1180 329 voce

185 342 239 378 sua
252 367 260 375 .
281 344 320 377 Et
342 343 415 377 ideo
434 344 470 376 in
491 343 639 378 Ecclesiis
649 343 857 380 inferioribus
875 342 1027 386 ejusmodi
1040 351 1183 382 compro-

186 387 314 419 miffum
333 388 402 421 fieri
420 386 517 429 potest
537 385 555 417 ὲ
572 386 685 429 majori
705 396 791 427 parte
803 385 968 427 Capituli,
987 386 1020 417 &
1033 385 1066 417 in
1076 384 1182 416 Eccle-

186 429 229 461 iia
247 429 396 467 Romana
413 430 430 462 a
439 430 558 461 duabus
569 440 604 460 ex
616 430 717 461 tribus
727 430 866 471 partibus
876 428 1100 461 Cardinalium
1111 450 1121 465 ,
1141 427 1183 458 se-

185 471 328 511 cundum
337 470 521 514 opinionem
534 472 650 508 Ant,.de
659 472 777 509 Rosell.
790 477 827 504 de
837 483 901 514 qua
911 472 1000 513 supra
1003 470 1060 512 sub
1069 482 1119 502 nu.
1130 479 1181 508 77.

184 516 240 549 cui
261 516 295 548 in
314 516 374 548 hoc
385 515 487 556 primo
495 515 567 547 casu
577 526 643 549 non
656 516 836 552 adversatur
856 514 1056 555 Gregoriana
1065 512 1180 560 consii-

185 559 270 594 tutio
281 582 290 595 ,
312 569 380 601 quse
389 558 515 590 videtur
524 558 734 600 intelligenda
744 558 780 592 in
789 557 1011 599 compromisso
1022 556 1152 597 simplici
1172 578 1182 591 ,

183 612 251 635 non
261 600 407 637 autemin
421 600 581 638 limitato,
605 602 684 634 sicut
695 601 851 638 Dostores
871 599 1058 641 intelligunt
1076 601 1182 634 decre·

185 654 254 680 tum
262 643 583 681 ConciliiGenei-alis
594 667 605 683 ‚
625 645 659 676 in
670 644 700 677 d.
711 657 735 678 c.
746 647 833 689 Quia
844 652 986 684 propter,
1006 641 1064 683 inf.
1076 641 1139 674 eod.

225 687 388 723 Secundus
407 687 493 723 casus
513 687 600 725 estin
617 688 841 730 compromisso
852 697 926 720 cum
937 685 1086 722 formauit
1098 695 1180 717 com.

181 729 373 772 promiffarii
385 753 394 766 ‚
415 731 497 767 votis
509 731 704 772 singulorum
715 730 874 773 inquisitis
888 752 898 766 ,
918 729 1037 770 eligere
1045 729 1182 765 debeant

170 775 276 812 'eum,
297 773 331 805 in
355 784 450 815 quem
467 776 534 806 duae
551 786 587 811 ex
599 775 699 813 tribus
708 774 850 817 partibus
863 772 1086 809 Cardinalium
1107 782 1184 804 con-

181 815 352 854 senserint.
374 816 444 857 Qii
462 820 574 853 modus
591 818 626 851 iri
645 819 705 850 lioc
724 816 1076 857 differtapraecedenti,
1096 814 1182 857 quod

182 860 219 892 in
240 859 298 891 illo
317 861 488 901 expressum
498 861 561 898 est,
581 871 617 893 ut
626 871 700 893 vota
709 860 903 902 singulorum
914 859 1039 901 exquiri
1048 860 1183 891 debeant

181 913 236 977 ἱει-
247 903 400 941 secretum
410 904 620 942 scrutinium;
645 904 750 936 inlioc
762 903 838 936 vero
860 902 1066 944 simpliciter,
1086 912 1122 933 ut
1131 903 1183 933 de-

206 957 279 978 cant
291 947 434 988 exquiri,
453 948 541 980 nulla
551 947 632 981 fac’ta
641 947 806 982 mentione
825 944 1093 980 scrutiniisecreti
1105 967 1114 981 ‚
1134 945 1182 975 vel

183 990 301 1029 aperti,
321 990 379 1027 Sed
391 989 604 1026 nihilominus
618 991 754 1023 arbitror
766 991 848 1025 hunc
870 989 1041 1021 secundum
1052 990 1184 1019 modum

185 1032 220 1064 in
231 1032 343 1071 effedbu
353 1043 420 1066 non
429 1031 555 1070 differre
567 1033 583 1064 a
595 1033 697 1073 primo
708 1056 718 1070 ,
740 1034 880 1074 quiailla
891 1032 987 1063 verba
996 1053 1005 1068 ,
1026 1031 1183 1074 Vm‘sstn-

179 1077 315 1115 gulorum
339 1076 515 1118 inquifitc's,
535 1077 676 1117 intelligi
695 1077 811 1108 debent
829 1086 883 1117 per
901 1076 1056 1112 secretum
1075 1074 1184 1106 scruti-

183 1119 294 1155 nium,
313 1119 404 1161 juxta
416 1119 581 1151 textumin
595 1118 750 1151 Λιβίου·
761 1142 770 1156 ,
791 1118 870 1151 (fd.
880 1129 905 1150 c.
916 1116 997 1149 cism
1008 1116 1151 1157 expediat
1173 1140 1182 1153 ‚

182 1160 220 1193 a'e
239 1163 323 1194 cleti.
343 1164 376 1192 in
394 1152 427 1198 ἒ,
448 1162 603 1203 Alioquin
624 1163 645 1194 si
666 1162 985 1203 intelligerenturpet
995 1160 1184 1192 scrutinium

183 1214 344 1246 apertum,
368 1205 625 1245 compromissum
644 1216 711 1237 non
731 1207 870 1241 valeret,
891 1213 925 1235 ut
946 1203 1067 1245 patebit
1078 1204 1113 1235 in
1134 1215 1183 1235 ca-

185 1247 221 1279 su
241 1247 382 1288 proxime
400 1248 542 1289 sequenti
555 1272 562 1278 .
585 1249 625 1280 Et
645 1248 690 1280 ita
710 1247 855 1280 existimo
875 1247 956 1279 hanc
978 1246 1113 1278 formam
1133 1258 1184 1279 va-

183 1291 282 1322 lidam
311 1291 369 1328 else
390 1314 399 1328 ‚
429 1293 463 1324 &
493 1292 561 1324 fieri
591 1292 673 1332 posse
694 1289 712 1322 ὲ
730 1292 851 1323 duabus
870 1301 906 1322 ex
925 1291 1026 1322 tribus
1045 1291 1184 1331 partibus

183 1333 407 1367 Cardinalium
433 1334 458 1371 ‚¹
479 1334 652 1366 dummodo
690 1334 855 1367 consensus
885 1335 1019 1365 duarum
1047 1334 1184 1374 partium

183 1377 201 1409 ὲ
234 1378 512 1418 compromiffariis
544 1378 726 1419 exquiratur
756 1388 808 1418 per
829 1378 947 1409 secreta
969 1377 1184 1408 schedularum

183 1420 350 1462 suffragia,
372 1420 543 1453 secundum
562 1432 599 1453 ea
618 1444 627 1458 ,
648 1431 716 1462 quse
735 1420 819 1453 dicia
849 1421 920 1452 sunt
941 1421 975 1452 in
994 1421 1183 1461 praecedenti

183 1464 254 1501 casu
266 1488 273 1495 .

225 1506 356 1541 Tettius
367 1508 453 1540 casus
464 1531 473 1545 ,
493 1510 526 1540 δε
535 1509 664 1549 quidem
675 1507 778 1539 multo
789 1507 951 1539 difficilior
969 1528 979 1544 ,
1001 1506 1086 1539 estin
1098 1517 1184 1539 com-

185 1551 334 1592 promiffo
347 1551 430 1584 inito
442 1552 499 1584 hac
515 1552 618 1584 forma
629 1551 749 1592 adjecta
760 1573 770 1587 ,
790 1561 824 1582 ut
845 1551 1109 1591 compromissarii
1129 1561 1184 1582 vo-

185 1594 226 1627 tis
249 1594 445 1636 singulorum
467 1595 709 1636 quomodolibet
721 1595 817 1626 etiam
828 1594 1079 1636 perscrutinium
1100 1605 1184 1635 aper-

186 1647 255 1670 tum
274 1638 455 1679 inquisitis,
474 1638 589 1679 eligere
608 1638 742 1669 debeant
763 1648 834 1669 eum
854 1659 863 1674 ,
886 1637 920 1669 in
939 1648 1034 1678 quem
1054 1637 1184 1669 consen-

183 1679 282 1713 serint
292 1683 360 1712 duae
371 1692 406 1712 ex
420 1681 519 1712 tribus
530 1681 668 1721 partibus
679 1680 915 1714 Cardinalium:
942 1691 1004 1722 que
1016 1680 1118 1712 forma
1129 1704 1139 1717 ,
1161 1681 1184 1712 si

183 1724 257 1756 esset
268 1724 447 1760 canonica,
472 1725 567 1764 posset
579 1724 751 1765 aliquando
761 1724 898 1755 multum
909 1726 1089 1755 conducere
1100 1726 1182 1756 cele-

182 1767 272 1799 ritati
291 1766 475 1803 electionis,
497 1778 549 1807 per
566 1779 601 1798 ea
614 1789 623 1803 ,
643 1777 710 1807 qua:
729 1766 813 1799 dicta
825 1767 893 1799 sunt
908 1767 1109 1807 inprincipio
1129 1768 1185 1798 lui-

185 1810 230 1842 'us
251 1809 438 1851 ‚quaestionis
467 1820 547 1842 num.
577 1819 626 1847 72.
656 1810 693 1841 Et
722 1810 853 1851 quidem
873 1813 998 1854 dejure
1019 1810 1184 1842 communi

205 1863 247 1885 xc
264 1853 365 1885 forma
378 1853 482 1887 valida
493 1863 576 1890 erat,
597 1857 761 1894 &poterat
773 1854 841 1886 fieri
861 1854 877 1884 a
888 1854 1008 1885 duabus
1019 1864 1055 1885 ex
1077 1854 1180 1885 tribus

186 1896 326 1936 partibus
342 1895 586 1932 Cardinaliuin,
608 1906 644 1929 ut
665 1896 786 1929 constat
808 1908 843 1928 ex
855 1897 947 1928 dictis
959 1897 1020 1937 sup.
1032 1908 1111 1927 num.
1133 1905 1181 1935 75.

183 1939 285 1970 Ratio
305 1939 366 1976 est,
386 1939 464 1980 quia
484 1949 561 1971 tunc
586 1941 737 1980 temporis
760 1941 848 1971 nulla
858 1940 1006 1975 formain
1025 1940 1182 1972 electione

186 1981 507 2018 Romanis’ontificis
517 1991 583 2014 erat
594 1982 789 2022 pra-scripta,-
811 1983 859 2015 sed
880 1982 952 2015 satis
964 1992 1030 2014 etat
1042 2005 1050 2018 ,
1072 1985 1184 2015 utduae

183 2035 285 2068 partes
305 2025 547 2061 Cndinalium,
570 2025 630 2056 sive
653 2036 706 2065 per
726 2026 916 2058 scrutinium
926 2026 1101 2062 secretum,
1124 2026 1183 2057 five

185 2078 347 2110 apertum,
370 2068 430 2101 sive
441 2079 493 2109 per
505 2068 725 2105 adorationem
740 2091 750 2105 ,
771 2068 832 2101 sive
855 2069 930 2100 alias
939 2070 1182 2110 quomodolibet

182 2112 401 2147 consentirent
423 2111 458 2144 in
480 2111 619 2153 aliquem
630 2112 710 2143 utin
719 2111 874 2148 electum,
896 2112 1067 2144 secundum
1089 2113 1184 2144 Inno—

189 2155 335 2188 centium
345 2153 393 2188 hic
403 2178 413 2192 ,
433 2165 507 2186 cuin
517 2165 582 2196 quo
595 2154 756 2188 transeunt
767 2155 984 2187 communiter
997 2155 1153 2187 Deciores
1174 2178 1184 2192 ,

183 2208 220 2233 ut
239 2197 306 2230 dixi
326 2195 412 2240 supra
431 2200 464 2229 in
482 2198 537 2231 ult.
557 2196 708 2232 notab.Et
720 2199 800 2229 hanc
812 2198 970 2230 rationem
993 2198 1026 2229 in
1039 2199 1184 2230 terminis

184 2241 318 2281 assignat
325 2242 413 2282 gloss.
425 2241 641 2272 communiter
652 2242 820 2281 approbata
831 2241 864 2272 in
874 2240 904 2271 d.
915 2252 940 2272 c.
951 2244 989 2273 Si
999 2243 1045 2273 cni
1056 2263 1066 2278 ,
1076 2244 1109 2273 in
1118 2254 1182 2274 ver.

184 2286 354 2322 Praeterea',
373 2283 411 2316 de
432 2284 515 2315 eleis.
534 2284 588 2315 lib.
610 2286 781 2316 6.&tenct
792 2285 826 2316 in
837 2283 1023 2317 fortioribus
1038 2285 1183 2316 terminis

185 2330 310 2361 Anton.
321 2329 358 2360 de
372 2327 490 2360 Rosell.
502 2327 647 2378 supracit.
654 2324 710 2367 sub
719 2338 800 2358 num.
813 2337 862 2365 77.
876 2330 981 2370 versic.
992 2329 1035 2358 Et
1046 2330 1093 2360 ita
1106 2327 1184 2360 hanc

179 2371 384 2413 sententiam.
406 2370 448 2402 At
478 2381 556 2404 vero
584 2370 649 2411 post
675 2371 907 2411 Gregorianam
919 2371 1183 2403 constitutionem

185 2413 331 2448 existimo
340 2413 492 2456 ejusmodi
503 2414 759 2455 compromissum
771 2424 824 2445 aut
844 2414 910 2446 fieri
924 2414 1104 2446 nullatcnus
1115 2415 1182 2456 pos-

190 2458 218 2489 se
227 2479 237 2493 ,
257 2467 310 2489 aut
320 2456 428 2488 saltem
439 2458 475 2487 ad
487 2455 571 2488 illius
583 2456 780 2494 validitatem
789 2458 910 2498 requiri
919 2457 1102 2491 consensiuu
1113 2469 1180 2490 om-

185 2502 275 2534 nium
286 2500 412 2532 nemine
421 2499 616 2538 discrepante
627 2521 634 2529 .

192 2575 196 2579 ,
233 2539 311 2575 Dixi
334 2541 456 2584 primo,
478 2540 659 2575 nullatenus
680 2542 855 2583 fieriposscr
876 2544 1030 2584 quoniam
1050 2544 1113 2575 liaec
1137 2554 1183 2576 ra-

185 2588 235 2620 tio
255 2586 395 2628 eligendi
418 2585 509 2617 liabet
533 2584 722 2624 implicitam
743 2584 878 2618 formam
909 2587 1121 2627 compromiili
1147 2590 1180 2620 &

186 2629 357 2666 scrutinii,
379 2639 413 2660 ut
424 2638 553 2670 patetex
565 2626 657 2659 dictis
670 2627 702 2660 in
712 2629 879 2669 quaessione
892 2632 1078 2670 praeccdcnti
1100 2642 1183 2664 mim.

186 2678 236 2715 56.
254 2676 354 2712 (3⁹57.
375 2672 413 2704 Et
423 2671 567 2712 quamvis
587 2669 723 2711 respectu
735 2673 947 2711 compromissi
959 2672 1087 2707 satisfiat
1110 2685 1185 2705 con—

189 2715 370 2752 nunnoni,
391 2715 412 2746 si
424 2716 477 2746 siat
490 2715 527 2746 ab
538 2714 685 2745 omnibus
696 2713 822 2745 nemine
833 2714 1033 2747 dissentiente
1046 2728 1054 2752 ·‚
1077 2726 1183 2748 tamen

187 2771 255 2793 non
280 2759 389 2791 satisfit
410 2757 546 2799 respecstu
559 2757 726 2794 scrutinii,
745 2757 820 2797 quia
831 2757 863 2788 in
884 2769 922 2788 eo
933 2769 970 2789 ex
981 2759 1183 2791 constitutio-

184 2814 226 2836 ne
246 2802 394 2844 Gregorii
416 2799 586 2833 necessario
606 2799 787 2841 requiritur
807 2800 972 2832 consensus
989 2803 1121 2835 duarum
1143 2813 1179 2834 ex

185 2847 286 2878 tribus
306 2845 445 2886 partibus
465 2843 707 2879 Cardinalium,
728 2853 793 2874 non
815 2853 865 2883 per
888 2843 1077 2875 scrutinium
1099 2856 1182 2886 aper-

188 2899 257 2920 tum
270 2911 280 2925 ,
302 2899 336 2921 ut
357 2890 450 2920 liabet
468 2887 569 2918 forma
589 2887 679 2927 liuius
692 2886 899 2921 tertiieasus;
922 2887 972 2918 sed
992 2897 1044 2927 per
1064 2890 1180 2920 secreta

190 2932 405 2967 schedularum
425 2930 588 2971 suffragia,
611 2940 645 2961 ut
667 2928 760 2961 latius
779 2928 900 2961 dietum
919 2929 959 2961 est
981 2929 1065 2970 supra
1086 2935 1184 2962 codem

189 2985 269 3006 num.
283 2979 331 3013 56.
354 2975 428 3006 Alio
455 2973 510 3005 uin
521 2983 628 3014 praeter
640 2984 700 3004 tres
711 2972 855 3004 formasa
875 2973 1102 3006 constitutione
1112 2985 1184 3014 piur-

189 3018 296 3049 finitas
326 3018 358 3049 in
389 3018 453 3050 elec
470 3017 543 3048 ione
575 3016 715 3048 Romani
736 3015 901 3048 I'ontisicis
922 3018 1048 3048 daretur
1067 3027 1196 3057 quarta,

190 3061 310 3096 forma,
333 3060 593 3092 videlicetmixta
612 3060 853 3100 compromisso,
876 3061 908 3090 ἃ
928 3059 1082 3091 scrutinio
1103 3071 1184 3100 aper-

189 3114 225 3137 to
244 3125 254 3139 ,
282 3105 365 3143 quod
389 3103 429 3134 est
450 3104 613 3135 absurdum
632 3125 639 3133 .
668 3103 707 3134 Et
730 3103 809 3134 lianc
830 3103 989 3140 rationem
1009 3102 1185 3134 considerat

190 3156 293 3179 textus
305 3146 337 3176 in
348 3145 378 3177 d.
389 3148 456 3177 c.Si
466 3148 525 3183 cui,
536 3145 571 3177 de
582 3146 663 3178 eleH.
675 3144 728 3178 lib.
740 3151 769 3176 6.
780 3147 855 3177 dum
866 3145 986 3177 decidit
997 3144 1184 3179 eiectionem

191 3190 381 3222 celebratam
394 3188 428 3220 in
439 3189 504 3220 vim
513 3189 727 3230 compromissi
746 3199 819 3220 cum
830 3188 931 3220 forma
950 3188 1113 3225 scrutinii,
1140 3189 1186 3221 id-

190 3231 280 3265 circo
291 3232 348 3265 esse
361 3231 603 3274 nullam,quia,
615 3233 720 3274 inquit
732 3255 741 3268 ,
762 3242 870 3273 prater
882 3231 1016 3268 formas,
1034 3242 1111 3273 quas
1122 3232 1184 3263 Ge-

191 3277 297 3310 nerale
327 3273 517 3307 Concilium
546 3275 659 3307 servari
686 3275 793 3308 statuit
815 3276 848 3306 in
876 3275 1081 3307 electionibus
1103 3276 1184 3307 cele-

192 3319 338 3354 brandis,
358 3320 529 3350 decernens
544 3328 615 3351 eam
637 3340 647 3355 ‚
681 3319 701 3350 si
721 3319 813 3353 aliter
834 3319 920 3350 fieret
933 3341 941 3355 ,
962 3328 1028 3349 non
1050 3318 1152 3350 valere
1173 3341 1182 3356 ‚

193 3362 255 3394 fuit
267 3370 424 3395 attentata
434 3372 443 3390 .-
453 3360 487 3392 in
497 3361 649 3393 decretali
658 3362 732 3395 vero
742 3385 752 3400 ,
762 3361 841 3395 Ciam
853 3360 1011 3403 expediat,
1022 3360 1121 3393 eodem
1130 3365 1189 3394 tit.-

191 3404 294 3440 truh.
316 3410 345 3439 6.
367 3404 544 3438 declaratur
555 3403 694 3438 validum
714 3406 970 3447 compromissum
989 3415 1063 3438 cum
1083 3403 1184 3438 forma

2052 13 2162 60 ,37

1220 82 1389 119 scrutinii5
1409 82 1487 124 quia
1497 79 1668 116 secundum
1678 80 1831 118 formam,
1853 82 1892 113 de
1910 90 1973 123 qua
1991 82 2058 121 ibi,
2081 85 2212 117 conseri-

1220 125 1267 156 sus
1287 125 1418 166 majoris
1438 135 1534 168 partis
1555 124 1732 167 exquiritur
1748 135 1800 165 per
1810 124 1928 158 secreta
1937 126 2101 168 suffragia,
2124 137 2160 160 ut
2169 128 2215 160 di-

1220 166 1306 201 ‹Slum
1315 168 1357 204 est
1369 168 1458 209 supra
1467 169 1501 200 in
1511 169 1612 211 primo
1623 168 1694 200 casu
1703 178 1782 200 num.
1797 171 1848 206 78.

1263 210 1323 243 Sed
1343 211 1498 252 quatenus
1517 212 1579 243 haec
1602 211 1704 246 forma
1721 210 1861 244 sustineri
1878 212 1974 254 posset
1984 223 2038 253 per
2049 213 2133 247 viam
2146 214 2216 247 fim-
2238 217 2276 248 82

1221 252 1313 294 plicis
1324 254 1537 295 compromisli
1550 253 1779 291 mihilominus
1789 254 1856 287 dixi
1869 257 1905 288 ad
1918 255 2002 288 illius
2014 257 2215 291 validitatem

1222 296 1393 331 necessario
1404 298 1522 338 requiri
1532 297 1716 331 consensum
1727 298 1872 330 omnium
1893 298 2021 333 nemine
2030 298 2216 334 dissentieti-

1222 349 1253 372 te
1264 361 1274 376 ,
1286 339 1363 371 sicut
1375 340 1547 380 requiritur
1558 340 1591 372 in
1602 340 1704 374 forma
1714 340 1877 374 electionis
1889 352 1941 382 pei·
1953 343 2212 383 compromissum

1222 393 1258 413 ex
1277 383 1381 414 verbis
1398 382 1492 415 claris
1511 383 1749 416 constitutionis
1768 385 1935 425 Gregorii.
1958 385 2085 419 Etenim
2104 398 2124 418 o
2146 387 2216 421 inio

1222 424 1298 465 Lapi
1317 426 1468 462 Abbatis,
1488 425 1573 466 quod
1596 426 1628 457 in
1636 428 1858 467 compromisso
1872 450 1881 465 ,
1901 428 1935 460 in
1952 440 2018 471 quo
2027 439 2102 462 vota
2113 397 2215 471 lingue
2236 433 2275 472 83

1222 468 1325 502 lorum
1346 468 1416 500 sunt
1436 468 1674 511 exquirendain
1685 469 1891 503 electionibus
1905 471 2113 510 inferiorum,
2133 473 2213 508 suffi-

1221 511 1287 544 ciat
1306 511 1470 543 consensus
1488 512 1618 553 majoris
1637 513 1732 552 partis
1743 512 1906 553 Capituli,
1927 514 2001 548 cum
2013 520 2079 548 n'on
2101 526 2212 559 agatur

1221 555 1258 586 de
1268 554 1460 595 singulorum
1472 554 1653 596 praejudicio
1663 577 1672 590 ,
1695 557 1835 595 procedit
1848 557 2044 592 solummodo
2055 582 2064 596 ‚
2083 561 2213 601 quando

1221 597 1256 631 in
1266 598 1488 638 compromisso
1500 597 1620 639 adjecta
1630 597 1671 629 est
1682 597 1783 630 forma
1793 621 1802 635 ,
1822 609 1857 631 tit
1869 609 1943 632 vota
1955 602 2149 642 singulorum
2160 614 2211 636 ex·

1219 640 1306 681 quiri
1324 641 1479 677 debeant,
1499 651 1565 673 non
1584 642 1846 681 quomodolibet,
1868 643 1916 677 sed
1943 644 2062 677 secreto
2075 670 2083 677 .
2105 646 2145 678 Et
2166 648 2215 680 ita

1222 683 1425 725 intelligendi
1447 688 1515 715 lunt
1535 682 1689 715 Doctores
1709 684 1891 725 supracitati
1910 697 2046 726 num.75.
2059 688 2217 731 Loquitur

1222 727 1308 759 enim
1329 728 1364 763 in
1382 727 1526 762 terminis
1547 726 1577 759 d.
1598 738 1621 759 c.
1641 730 1719 761 Cum
1737 727 1902 769 expediat,
1923 729 1959 760 de
1977 732 2057 763 elea.
2077 732 2150 765 in'6.
2162 733 2217 765 ubi

1222 770 1326 810 ,agitur
1337 772 1375 805 de
1386 769 1608 811 compromisso
1620 770 1703 803 inito
1722 770 1775 804 sub
1794 772 1850 805 hac
1872 771 1993 812 forma,
2014 783 2048 806 ut
2068 776 2215 811 omnium

1221 814 1401 847 voluntates
1420 813 1604 854 singillatim
1623 836 1632 852 ,
1661 815 1693 845 &
1714 813 1833 848 secreto
1853 815 1979 856 exquiri
1997 818 2132 850 debeant
2153 830 2162 856 ;
2183 820 2218 851 &

1221 855 1392 888 secundum
1412 857 1501 892 illam
1521 856 1655 889 formam
1663 856 1817 891 Doctores
1827 858 1940 890 dicunt
1950 860 2032 900 posse
2043 861 2112 892 fieri
2123 872 2209 893 com—

1221 901 1402 943 promissum
1421 911 1473 941 per
1494 901 1647 945 majorem
1666 910 1783 941 partem
1795 900 1956 943 Capituli,
1979 913 2055 935 tunc
2067 904 2154 936 enim
2163 914 2217 936 ve-

1221 942 1254 978 re
1274 954 1341 978 non
1361 943 1466 984 agitur
1484 946 1521 974 de
1531 943 1714 986 praejudicio
1725 943 1875 985 alicujus,
1896 944 1970 977 cum
1981 943 2214 989 compromissa—

1222 986 1285 1021 rius
1307 996 1452 1022 teneatur
1473 986 1593 1022 secreto
1614 986 1776 1027 exquirere
1794 997 1868 1019 vota
1880 988 2095 1029 singulorum,
2116 990 2210 1033 idque

1221 1028 1259 1060 fit
1278 1032 1316 1061 de
1337 1029 1458 1066 forma,
1479 1039 1512 1062 ut
1534 1030 1568 1060 in
1588 1029 1689 1071 specie
1710 1030 1755 1062 ibi
1776 1040 1868 1063 notat
1878 1032 1968 1072 Joan.
1981 1032 2073 1066 Mon.
2083 1044 2163 1065 num.
2185 1039 2215 1065 6.

1222 1071 1302 1113 vers.
1315 1075 1391 1109 Item
1403 1072 1517 1115 haerefis
1527 1073 1646 1114 acceffio
1657 1096 1664 1104 .
1676 1073 1719 1104 At
1730 1073 1792 1105 haec
1802 1074 1886 1108 ratio
1894 1084 1959 1108 non
1971 1076 2219 1119 applicatur,nec

1225 1115 1267 1147 est
1286 1117 1448 1158 adaequata
1467 1117 1502 1147 in
1523 1115 1641 1152 forma,
1661 1118 1699 1148 de
1708 1126 1771 1158 qua
1782 1117 1885 1157 agitur
1895 1118 1929 1150 in
1939 1118 1998 1152 lioc
2009 1119 2111 1154 tertio
2121 1120 2217 1156 casu‚·

1221 1159 1298 1200 quia
1307 1159 1362 1190 etsi
1370 1169 1480 1190 omnes
1491 1158 1673 1199 suffragium
1684 1158 1786 1192 ferant
1796 1183 1805 1196 ,
1817 1171 1882 1192 non
1893 1160 1997 1195 ferunt
2008 1171 2113 1196 tamen
2122 1163 2218 1199 secre-

1224 1201 1259 1233 ῑὸ
1270 1225 1279 1238 ,
1295 1203 1345 1234 sed
1364 1213 1417 1243 per
1428 1202 1615 1236 scrutinium
1627 1213 1767 1243 apertum
1778 1227 1785 1234 .
1809 1203 1982 1236 Plurimum
2002 1214 2108 1238 autem
2120 1206 2223 1238 unius-
2243 1207 2286 1247 34-

1224 1246 1374 1288 cujusque
1386 1256 1423 1279 ex
1438 1245 1762 1277 electoribusinterest
1774 1247 1954 1279 consensum
1975 1248 2063 1280 suum
2083 1249 2220 1290 explica-

1225 1299 1258 1320 re
1269 1299 1320 1330 per
1331 1288 1486 1322 secretum
1497 1288 1676 1329 suffragium
1688 1290 1730 1321 ob
1740 1289 1904 1322 electionis
1922 1290 2099 1323 libertatem
2111 1314 2120 1329 ,
2140 1301 2174 1324 ut
2186 1293 2221 1324 in

1226 1334 1355 1365 decreto
1364 1331 1468 1367 Conev
1480 1331 1771 1373 Ti·ident.c.6.fi’ffi2
1777 1332 1843 1371 §.de
1853 1334 1980 1372 regul.&
1989 1343 2080 1367 notat
2090 1334 2221 1368 Archid.

1222 1375 1257 1410 in
1265 1375 1339 1407 din.
1355 1385 1422 1416 cap.
1434 1374 1514 1407 Cam
1524 1373 1672 1415 expediat
1682 1397 1692 1411 ‚
1712 1386 1744 1405 m
1756 1386 1820 1407 ver.
1831 1379 1952 1408 Secreto
1963 1399 1970 1407 .
1992 1376 2082 1418 Qiid
2095 1378 2182 1410 enim
2193 1378 2215 1410 si

1220 1419 1291 1460 quis
1312 1429 1364 1459 per
1383 1418 1570 1449 scrutinium
1588 1427 1729 1459 apertum
1749 1418 1801 1449 vix
1821 1418 1982 1460 suffragari
2000 1421 2113 1462 poslit,
2135 1421 2215 1462 quin

1223 1463 1399 1493 multorum
1408 1461 1530 1497 odium,
1542 1463 1588 1492 vel
1603 1461 1858 1502 indignationem
1870 1462 2030 1495 incurrat?
2050 1463 2171 1497 Nonne
2184 1464 2222 1496 il-

1223 1506 1283 1537 lius
1296 1504 1652 1545 singulariterinterest,
1672 1514 1707 1537 ut
1718 1504 1869 1546 ejusmodi
1880 1507 2136 1547 compromissum
2155 1517 2222 1539 non

1225 1549 1303 1586 fiat,
1325 1548 1359 1579 in
1379 1558 1444 1589 quo
1463 1557 1595 1588 cogetur
1615 1546 1715 1589 postea
1736 1557 1846 1581 votum
1858 1548 2027 1594 fumidam
2040 1561 2092 1592 per
2104 1550 2216 1583 scruti-

1222 1592 1315 1624 nium
1325 1601 1467 1632 apertum
1478 1602 1489 1627 ,·
1502 1589 1587 1623 Cum
1600 1591 1706 1632 itaque
1715 1591 1932 1634 praejudicium
1942 1593 1978 1625 sit
1998 1593 2192 1635 singulorum
2202 1617 2213 1632 ,

1222 1636 1417 1675 consequens
1429 1634 1470 1665 est
1481 1657 1490 1671 ,
1503 1644 1535 1665 ut
1550 1634 1745 1675 singulorum
1755 1635 1854 1671 etiam
1867 1637 2012 1670 voluntas
2022 1640 2072 1674 ,&
2083 1638 2214 1670 consen-

1221 1678 1268 1711 sus
1279 1678 1477 1719 requiratur,
1499 1688 1551 1718 per
1562 1677 1765 1717 rationesleg.
1784 1676 1936 1716 Sabinus,
1950 1677 2147 1723 fficommum'
2167 1681 2217 1713 di-
2261 1678 2265 1681 ”

1221 1722 1288 1754 vid.
1301 1724 1332 1754 ὃ(
1345 1731 1412 1753 not.
1425 1721 1511 1762 gloss.
1522 1722 1553 1752 &
1566 1720 1640 1752 DD.
1652 1721 1685 1753 in
1696 1719 1726 1752 d.
1737 1731 1804 1762 cap.
1813 1723 1899 1766 Qia
1909 1730 2029 1764 propter
2039 1747 2049 1762 ,
2069 1725 2142 1766 infr.
2153 1724 2216 1757 eod.

1222 1766 1259 1799 Θ
1266 1768 1302 1797 in
1312 1777 1336 1797 c.
1348 1768 1375 1797 C
1378 1766 1428 1796 im:
1439 1775 1538 1795 omnes
1550 1786 1559 1800 ,
1571 1763 1666 1805 supra*
1676 1762 1713 1795 de
1722 1764 1872 1806 constitut.

1263 1808 1346 1850 Qiae
1375 1807 1586 1839 consideratio
1612 1806 1716 1839 multo
1746 1809 1848 1850 magis
1877 1810 2000 1842 videtur
2029 1815 2139 1853 urgere
2159 1812 2223 1853 post
2244 1815 2282 1853 85

1223 1851 1456 1893 Gregorianam
1476 1850 1758 1884 constitutionem.
1781 1852 1908 1885 Etenim
1927 1854 2100 1896 Gregorius
2113 1856 2145 1887 in
2158 1856 2220 1888 for-

1216 1907 1276 1928 -ma
1286 1894 1431 1927 scrutinii
1442 1917 1452 1931 ,
1474 1894 1580 1935 inqua
1590 1894 1735 1926 omnium
1746 1896 1913 1930 consensus
1924 1907 1988 1930 non
1999 1898 2139 1939 exigitur
2150 1922 2159 1936 ,
2181 1897 2215 1931 ut

1222 1940 1257 1972 in
1276 1937 1431 1973 eledione
1451 1947 1503 1978 per
1523 1937 1796 1978 compromissum,
1817 1941 1850 1971 &
1869 1940 1954 1980 quasi
1976 1942 2216 1985 perinspitatio-

1222 1993 1296 2014 nem
1307 2004 1317 2017 ,
1342 1981 1391 2013 sed
1402 1980 1558 2013 sufficiunt
1569 1983 1635 2012 duae
1646 1991 1682 2012 ex
1695 1982 1794 2013 tribus
1805 1983 1943 2023 partibus
1964 1983 2186 2018 Cardinalium
2208 2009 2218 2023 ,

1222 2025 1408 2067 praecipuam
1418 2025 1509 2056 liabet
1520 2023 1678 2055 rationem
1692 2024 1846 2057 libertatis
1858 2026 2046 2067 eligentium
2056 2050 2065 2065 ,
2085 2028 2218 2061 sustulit-

1221 2079 1282 2110 que
1309 2068 1390 2099 lianc
1419 2069 1460 2099 ob
1472 2068 1595 2099 causam
1623 2067 1810 2100 electionem
1830 2080 1882 2109 per
1902 2071 2124 2104 adorationem
2141 2095 2150 2109 ,
2181 2073 2217 2104 in

1221 2122 1284 2153 qua
1294 2120 1416 2152 poterat
1437 2110 1647 2152 contingere,
1667 2120 1702 2142 ut
1721 2112 1892 2153 aliquando
1913 2113 2027 2145 electio
2047 2125 2113 2148 non
2133 2115 2219 2147 vide-

1222 2165 1308 2187 retur
1325 2153 1449 2195 prorsus
1470 2154 1568 2185 libera
1587 2175 1596 2189 ,
1627 2155 1660 2186 &
1681 2157 1716 2186 ad
1739 2154 1966 2188 vindicandum
1985 2180 1994 2194 ‚
2025 2159 2072 2190 vel
2094 2159 2217 2191 conser-

1222 2200 1360 2230 vandum
1380 2197 1500 2229 sacrum
1521 2195 1704 2237 Collegium
1717 2197 1751 2230 in
1763 2199 1948 2233 omnimoda
1961 2202 2126 2238 libertate,
2150 2212 2219 2243 quae

1222 2240 1358 2273 maxime
1369 2243 1482 2282 pendet
1495 2241 1511 2271 a
1522 2240 1641 2272 secreto
1656 2263 1663 2271 .
1684 2241 1908 2275 exactissimam
1926 2244 2036 2276 secreti
2057 2244 2217 2277 rationem

1221 2285 1400 2326 praesrciplit
1417 2306 1427 2320 ,
1447 2284 1682 2324 declaravitque
1703 2284 1760 2316 sua:
1779 2285 1970 2319 intentionis
1991 2287 2049 2319 esse
2068 2309 2077 2324 ,
2100 2297 2134 2319 ut
2154 2290 2213 2319 lioc

1222 2328 1361 2360 sanctum
1380 2327 1546 2367 negotium
1567 2327 1766 2359 secretissime
1779 2329 1986 2368 transigatur.
2009 2330 2042 2361 Si
2064 2331 2218 2363 autemli—

1221 2381 1307 2404 ceret
1325 2372 1444 2402 duabus
1456 2370 1594 2410 partibus
1605 2369 1826 2402 Cardinalium
1838 2373 1985 2404 ordinare
1995 2395 2004 2409 ,
2028 2382 2062 2406 ut
2076 2374 2147 2405 esset
2159 2373 2217 2405 Pa-

1221 2425 1275 2456 pa,
1293 2424 1389 2455 quem
1407 2413 1670 2453 compromissarii
1691 2413 1842 2453 eligerent
1864 2425 1916 2455 pei·
1925 2416 2114 2448 scrutinium
2126 2427 2214 2457 aper-

1222 2468 1288 2489 tum
1301 2460 1434 2489 duarum
1446 2457 1581 2496 partium
1594 2478 1602 2492 ‚
1623 2457 1732 2496 utique
1744 2457 1931 2489 constitutio
1956 2468 2018 2490 tnui
2029 2458 2131 2491 saneta
2141 2459 2214 2492 esset

1222 2501 1345 2543 prorsus
1357 2500 1510 2535 clusoria,
1531 2509 1605 2539 quia
1615 2498 1802 2531 Cardinales
1823 2501 2017 2540 potentiores
2041 2501 2134 2533 facile
2147 2503 2216 2534 suos

1221 2545 1410 2577 adliaerentes
1421 2542 1538 2582 possent
1550 2544 1703 2573 adducere
1715 2544 1751 2574 ad
1772 2544 2095 2584 compromittendum
2106 2545 2216 2577 secun-

1221 2588 1298 2619 dum
1315 2588 1394 2617 lianc
1416 2585 1567 2619 sormam,
1590 2590 1625 2615 ad
1648 2585 1706 2616 lioc
1720 2595 1753 2616 ut
1765 2586 1865 2626 pollei
1888 2587 2001 2619 electio
2012 2588 2213 2629 fieripoffeta

1221 2631 1340 2662 duabus
1364 2628 1505 2670 partibus
1527 2638 1579 2667 pei·
1599 2627 1785 2659 scrutinium
1805 2630 1987 2669 publicum,
2008 2632 2055 2663 vel
2068 2632 2215 2672 perviam

1222 2672 1416 2705 adorationis
1427 2693 1435 2707 ,
1458 2671 1508 2702 seu
1521 2670 1783 2703 intronizationis
1795 2694 1805 2708 ,
1826 2673 2212 2716 tractatusque&conspi-

1221 2718 1361 2748 rationes
1371 2725 1480 2745 omnes
1491 2715 1572 2744 liunc
1583 2716 1767 2751 tenderent,
1791 2725 1825 2747 ut
1844 2716 2031 2750 Cardinales
2041 2728 2150 2750 omnes
2162 2719 2211 2750 in-

1221 2762 1409 2792 ducerentur
1422 2759 1458 2788 ad
1470 2757 1621 2799 eiusmodi
1634 2759 1887 2798 compromissum
1908 2759 2081 2792 ineundum
2094 2774 2103 2791 :
2124 2764 2210 2802 quod

1222 2803 1295 2835 asset
1317 2800 1406 2832 valde
1428 2800 1613 2834 absurdum,
1634 2802 1666 2831 ὃς
1685 2811 1799 2833 contra
1818 2812 1981 2840 ruentem,
2002 2807 2034 2836 ὅ(
2053 2805 2147 2837 verba
2168 2806 2212 2846 ip-

1222 2846 1279 2877 sius
1288 2843 1526 2876 constitutionis
1538 2866 1545 2873 .
1557 2842 1776 2884 Qiamobrem
1788 2855 1859 2876 cum
1871 2856 1927 2886 pro
1936 2846 2036 2888 forma
2048 2857 2113 2879 tam
2124 2847 2208 2880 clarc

1221 2888 1394 2928 Gregorius
1416 2886 1552 2926 sanxerit
1572 2909 1581 2923 ,
1601 2892 1636 2918 'iit
1656 2889 1910 2927 coiiipromiss'um
1934 2891 2025 2922 aliter
2055 2891 2124 2927 fieri
2145 2902 2212 2923 non

1221 2931 1332 2972 possit,
1353 2931 1446 2971 quam
1470 2928 1507 2961 ab
1527 2929 1674 2961 omnibus
1694 2931 1821 2962 nemine
1840 2932 2039 2967 dissentiente
2058 2956 2067 2970 ,
2090 2934 2211 2966 adeout

1221 2974 1334 3007 electio
1346 2974 1436 3005 aliter
1447 2974 1622 3009 celebrata,
1643 2972 1734 3004 irrita
1747 2973 1780 3005 sit
1791 2985 1829 3005 eo
1842 2975 1922 3015 ipso:
1946 2977 2063 3008 nonest
2073 2978 2212 3008 nostrum

1221 3020 1301 3049 lianc
1319 3016 1455 3050 formam
1473 3016 1664 3056 distinguere
1676 3037 1685 3051 ‚
1708 3018 1741 3047 ὃς
1755 3017 1890 3050 limitare
1901 3041 1911 3055 ,
1933 3029 1967 3051 ut
1979 3030 2044 3052 non
2055 3023 2203 3061 procedat

1222 3062 1255 3093 in
1267 3059 1489 3101 compromisso
1498 3069 1570 3090 cum
1582 3059 1721 3090 mixtura
1731 3060 1873 3092 scrutinii
1886 3063 1984 3102 aperti
1996 3074 2007 3099 ,·
2017 3063 2091 3104 quia
2103 3062 2134 3092 in
2147 3063 2212 3093 cla-

1220 3104 1263 3135 ris
1277 3103 1648 3138 nonsuntextenuenda,
1670 3112 1737 3143 quae
1757 3104 1870 3145 scripta
1889 3105 1972 3143 sunt,
1994 3116 2027 3137 ut
2048 3105 2153 3145 inquit
2163 3105 2210 3145 Jo.

1221 3148 1320 3179 Andr.
1332 3147 1365 3177 in
1375 3155 1439 3185 cap.
1450 3144 1673 3185 Saperspecula
1684 3167 1693 3181 ,
1713 3145 1808 3188 infin.
1819 3145 1959 3188 infr-,Ne
1969 3150 2048 3180 Cler.
2069 3148 2119 3180 vel
2137 3150 2212 3180 Mo-

1220 3189 1306 3222 nach.
1326 3186 1399 3220 cum
1418 3188 1587 3228 praesertii'ii
1609 3189 1707 3224 verbis
1719 3191 1886 3223 admodum
1899 3191 2102 3232 urgentibus,
2120 3192 2212 3232 &ge-

1220 3232 1350 3265 minatis
1363 3232 1396 3263 in
1407 3231 1468 3271 ipsa
1478 3230 1705 3263 constitutione
1724 3234 1917 3274 prohibitum
1928 3236 1963 3266 sit
1982 3233 2209 3266 Cardinalibus

1221 3286 1333 3307 contra
1344 3275 1437 3315 ipsam
1449 3274 1565 3314 aliquid
1580 3274 1710 3308 statuere
1721 3299 1735 3317 ,'
1749 3277 1910 3318 disponere
1921 3299 1930 3313 ,
1942 3278 1988 3308 vel
1999 3276 2211 3314 ordinai·e,seu

1220 3320 1253 3352 in
1264 3319 1371 3359 aliquo
1382 3317 1561 3357 corrigere,
1582 3319 1630 3350 vel
1643 3319 1740 3351 altera
1752 3342 1761 3356 ,
1783 3320 1942 3352 utdicizum
1961 3319 2002 3351 est
2022 3319 2109 3361 supra
2127 3331 2207 3352 num.

1223 3372 1272 3405 53.
1283 3360 1363 3401 vers.
1374 3362 1417 3392 Et
1429 3370 1459 3391 eo
1470 3363 1567 3400 magis
1579 3384 1586 3392 .

1262 3405 1407 3447 Quartus
1428 3404 1513 3438 casus
1531 3404 1573 3437 est
1593 3404 1628 3438 in
1647 3404 2007 3449 comptomiss·0.adie‹sta
2025 3406 2126 3439 forma
2144 3427 2154 3441 ‚
2175 3415 2210 3436 ut

2083 3458 2168 3480 com-
