<?xml version="1.0" encoding="UTF-8"?>
<!DOCTYPE html PUBLIC "-//W3C//DTD XHTML 1.0 Transitional//EN"
    "http://www.w3.org/TR/xhtml1/DTD/xhtml1-transitional.dtd">
<html xmlns="http://www.w3.org/1999/xhtml" xml:lang="en" lang="en">
 <head>
  <title>
</title>
<meta http-equiv="Content-Type" content="text/html;charset=utf-8" />
  <meta name='ocr-system' content='tesseract 3.04.00' />
  <meta name='ocr-capabilities' content='ocr_page ocr_carea ocr_par ocr_line ocrx_word'/>
</head>
<body>
  <div class='ocr_page' id='page_1' title='image "./commentariainpri01fagn_0029.png"; bbox 0 0 2397 3664; ppageno 0'>
   <div class='ocr_carea' id='block_1_1' title="bbox 591 30 1642 98">
    <p class='ocr_par' dir='ltr' id='par_1_1' title="bbox 591 30 1642 98">
     <span class='ocr_line' id='line_1_1' title="bbox 591 30 1642 98; baseline 0.006 -7"><span class='ocrx_word' id='word_1_1' title='bbox 591 31 692 91; x_wconf 85' lang='lat' dir='ltr'>De</span> <span class='ocrx_word' id='word_1_2' title='bbox 729 30 962 92; x_wconf 88' lang='lat' dir='ltr'>Constit.</span> <span class='ocrx_word' id='word_1_3' title='bbox 999 50 1046 90; x_wconf 88' lang='lat' dir='ltr'>c.</span> <span class='ocrx_word' id='word_1_4' title='bbox 1084 34 1381 93; x_wconf 87' lang='lat' dir='ltr'>Canonum</span> <span class='ocrx_word' id='word_1_5' title='bbox 1418 34 1642 98; x_wconf 85' lang='lat' dir='ltr'>statuta.</span> 
     </span>
    </p>
   </div>
   <div class='ocr_carea' id='block_1_2' title="bbox 98 114 1095 1196">
    <p class='ocr_par' dir='ltr' id='par_1_2' title="bbox 98 114 1095 1196">
     <span class='ocr_line' id='line_1_2' title="bbox 102 114 1095 157; baseline -0.009 -1"><span class='ocrx_word' id='word_1_6' title='bbox 102 123 188 157; x_wconf 75' lang='lat' dir='ltr'>fuiffe</span> <span class='ocrx_word' id='word_1_7' title='bbox 196 123 379 155; x_wconf 81' lang='lat' dir='ltr'>damnatam</span> <span class='ocrx_word' id='word_1_8' title='bbox 395 116 590 151; x_wconf 57' lang='lat' dir='ltr'>§.concilim</span> <span class='ocrx_word' id='word_1_9' title='bbox 611 118 695 156; x_wconf 61' lang='lat' dir='ltr'>quod</span> <span class='ocrx_word' id='word_1_10' title='bbox 713 125 749 148; x_wconf 91' lang='lat' dir='ltr'>ea</span> <span class='ocrx_word' id='word_1_11' title='bbox 759 114 951 156; x_wconf 64' lang='lat' dir='ltr'>potissimum</span> <span class='ocrx_word' id='word_1_12' title='bbox 966 117 1005 148; x_wconf 92' lang='lat' dir='ltr'>de</span> <span class='ocrx_word' id='word_1_13' title='bbox 1021 126 1095 150; x_wconf 83' lang='lat' dir='ltr'>cau-</span> 
     </span>
     <span class='ocr_line' id='line_1_3' title="bbox 105 157 1095 199; baseline -0.009 0"><span class='ocrx_word' id='word_1_14' title='bbox 105 167 136 199; x_wconf 88' lang='lat' dir='ltr'>sa</span> <span class='ocrx_word' id='word_1_15' title='bbox 149 166 210 199; x_wconf 84' lang='lat' dir='ltr'>fuit</span> <span class='ocrx_word' id='word_1_16' title='bbox 218 167 255 197; x_wconf 91' lang='lat' dir='ltr'>ab</span> <span class='ocrx_word' id='word_1_17' title='bbox 273 162 462 197; x_wconf 85' lang='lat' dir='ltr'>Innocentio</span> <span class='ocrx_word' id='word_1_18' title='bbox 471 160 526 194; x_wconf 87' lang='lat'>111.</span> <span class='ocrx_word' id='word_1_19' title='bbox 536 159 745 192; x_wconf 80' lang='lat' dir='ltr'>celebratum.</span> <span class='ocrx_word' id='word_1_20' title='bbox 768 157 835 191; x_wconf 86' lang='lat' dir='ltr'>Cur</span> <span class='ocrx_word' id='word_1_21' title='bbox 857 169 965 194; x_wconf 85' lang='lat' dir='ltr'>autem</span> <span class='ocrx_word' id='word_1_22' title='bbox 973 157 1095 191; x_wconf 89' lang='lat' dir='ltr'>Conci-</span> 
     </span>
     <span class='ocr_line' id='line_1_4' title="bbox 104 201 1095 251; baseline -0.009 -9"><span class='ocrx_word' id='word_1_23' title='bbox 104 211 183 242; x_wconf 89' lang='lat' dir='ltr'>lium</span> <span class='ocrx_word' id='word_1_24' title='bbox 193 208 323 251; x_wconf 83' lang='lat' dir='ltr'>appellet</span> <span class='ocrx_word' id='word_1_25' title='bbox 340 207 421 240; x_wconf 87' lang='lat' dir='ltr'>banc</span> <span class='ocrx_word' id='word_1_26' title='bbox 429 202 609 237; x_wconf 58' lang='lat' dir='ltr'>doctrinam</span> <span class='ocrx_word' id='word_1_27' title='bbox 619 212 686 234; x_wconf 92' lang='lat' dir='ltr'>non</span> <span class='ocrx_word' id='word_1_28' title='bbox 701 211 767 234; x_wconf 87' lang='lat' dir='ltr'>tam</span> <span class='ocrx_word' id='word_1_29' title='bbox 782 201 978 237; x_wconf 87' lang='lat' dir='ltr'>haereticam,</span> <span class='ocrx_word' id='word_1_30' title='bbox 1000 202 1095 244; x_wconf 63' lang='lat' dir='ltr'>quam</span> 
     </span>
     <span class='ocr_line' id='line_1_5' title="bbox 101 244 1095 288; baseline -0.008 -4"><span class='ocrx_word' id='word_1_31' title='bbox 101 252 262 287; x_wconf 79' lang='lat' dir='ltr'>insanam,</span> <span class='ocrx_word' id='word_1_32' title='bbox 285 249 376 283; x_wconf 73' lang='lat' dir='ltr'>facile</span> <span class='ocrx_word' id='word_1_33' title='bbox 393 246 585 288; x_wconf 83' lang='lat' dir='ltr'>intuebitur,</span> <span class='ocrx_word' id='word_1_34' title='bbox 606 247 663 286; x_wconf 91' lang='lat' dir='ltr'>qui</span> <span class='ocrx_word' id='word_1_35' title='bbox 685 244 780 286; x_wconf 74' lang='lat' dir='ltr'>ipsius</span> <span class='ocrx_word' id='word_1_36' title='bbox 802 245 957 278; x_wconf 86' lang='lat' dir='ltr'>Almarici</span> <span class='ocrx_word' id='word_1_37' title='bbox 977 255 1095 278; x_wconf 84' lang='lat' dir='ltr'>errores</span> 
     </span>
     <span class='ocr_line' id='line_1_6' title="bbox 103 287 1095 338; baseline -0.008 -10"><span class='ocrx_word' id='word_1_38' title='bbox 103 296 230 338; x_wconf 87' lang='lat' dir='ltr'>legerit.</span> <span class='ocrx_word' id='word_1_39' title='bbox 254 294 325 326; x_wconf 86' lang='lat' dir='ltr'>Fuit</span> <span class='ocrx_word' id='word_1_40' title='bbox 344 287 671 326; x_wconf 73' lang='lat' dir='ltr'>Almaricusnatione</span> <span class='ocrx_word' id='word_1_41' title='bbox 692 287 800 321; x_wconf 82' lang='lat' dir='ltr'>Gallus</span> <span class='ocrx_word' id='word_1_42' title='bbox 817 309 828 323; x_wconf 85' lang='lat'>‚</span> <span class='ocrx_word' id='word_1_43' title='bbox 850 290 950 330; x_wconf 86' lang='lat' dir='ltr'>patria</span> <span class='ocrx_word' id='word_1_44' title='bbox 972 287 1095 321; x_wconf 89' lang='lat' dir='ltr'>Carno-</span> 
     </span>
     <span class='ocr_line' id='line_1_7' title="bbox 104 330 1095 374; baseline -0.009 -3"><span class='ocrx_word' id='word_1_45' title='bbox 104 339 218 374; x_wconf 73' lang='lat' dir='ltr'>tensis,</span> <span class='ocrx_word' id='word_1_46' title='bbox 241 337 369 369; x_wconf 74' lang='lat' dir='ltr'>Lutetiae</span> <span class='ocrx_word' id='word_1_47' title='bbox 386 331 572 365; x_wconf 81' lang='lat' dir='ltr'>Parisiorum</span> <span class='ocrx_word' id='word_1_48' title='bbox 586 330 760 372; x_wconf 84' lang='lat' dir='ltr'>impietatis</span> <span class='ocrx_word' id='word_1_49' title='bbox 775 330 900 365; x_wconf 59' lang='lat' dir='ltr'>Ductor</span> <span class='ocrx_word' id='word_1_50' title='bbox 920 342 929 364; x_wconf 72' lang='grc' dir='ltr'><strong>ε</strong></span> <span class='ocrx_word' id='word_1_51' title='bbox 950 333 1032 364; x_wconf 87' lang='lat' dir='ltr'>inter</span> <span class='ocrx_word' id='word_1_52' title='bbox 1043 342 1095 362; x_wconf 87' lang='lat' dir='ltr'>ve-</span> 
     </span>
     <span class='ocr_line' id='line_1_8' title="bbox 106 373 1094 417; baseline -0.007 -4"><span class='ocrx_word' id='word_1_53' title='bbox 106 382 196 414; x_wconf 90' lang='lat' dir='ltr'>sanos</span> <span class='ocrx_word' id='word_1_54' title='bbox 217 380 331 412; x_wconf 88' lang='lat' dir='ltr'>mentis</span> <span class='ocrx_word' id='word_1_55' title='bbox 346 377 412 414; x_wconf 88' lang='lat' dir='ltr'>eius</span> <span class='ocrx_word' id='word_1_56' title='bbox 433 384 551 406; x_wconf 86' lang='lat' dir='ltr'>errores</span> <span class='ocrx_word' id='word_1_57' title='bbox 569 373 767 407; x_wconf 84' lang='lat' dir='ltr'>recensentur</span> <span class='ocrx_word' id='word_1_58' title='bbox 788 375 954 416; x_wconf 85' lang='lat' dir='ltr'>praecipui,</span> <span class='ocrx_word' id='word_1_59' title='bbox 972 377 1027 417; x_wconf 84' lang='lat' dir='ltr'>qui</span> <span class='ocrx_word' id='word_1_60' title='bbox 1050 374 1094 406; x_wconf 85' lang='lat' dir='ltr'>se-</span> 
     </span>
     <span class='ocr_line' id='line_1_9' title="bbox 104 416 1094 466; baseline -0.008 -9"><span class='ocrx_word' id='word_1_61' title='bbox 104 433 243 466; x_wconf 87' lang='lat' dir='ltr'>quuntur</span> <span class='ocrx_word' id='word_1_62' title='bbox 265 434 273 454; x_wconf 82' lang='lat' dir='ltr'><strong><em>z</em></strong></span> <span class='ocrx_word' id='word_1_63' title='bbox 294 419 400 453; x_wconf 76' lang='lat' dir='ltr'>Primo</span> <span class='ocrx_word' id='word_1_64' title='bbox 409 419 531 451; x_wconf 87' lang='lat' dir='ltr'>dicebar</span> <span class='ocrx_word' id='word_1_65' title='bbox 550 428 664 459; x_wconf 83' lang='lat' dir='ltr'>corpus</span> <span class='ocrx_word' id='word_1_66' title='bbox 672 416 791 451; x_wconf 86' lang='lat' dir='ltr'>Christi</span> <span class='ocrx_word' id='word_1_67' title='bbox 810 428 878 451; x_wconf 89' lang='lat' dir='ltr'>non</span> <span class='ocrx_word' id='word_1_68' title='bbox 886 419 977 452; x_wconf 89' lang='lat' dir='ltr'>aliter</span> <span class='ocrx_word' id='word_1_69' title='bbox 994 418 1051 451; x_wconf 79' lang='lat' dir='ltr'>effe</span> <span class='ocrx_word' id='word_1_70' title='bbox 1059 420 1094 450; x_wconf 89' lang='lat' dir='ltr'>in</span> 
     </span>
     <span class='ocr_line' id='line_1_10' title="bbox 105 462 1093 509; baseline -0.006 -9"><span class='ocrx_word' id='word_1_71' title='bbox 105 478 184 509; x_wconf 89' lang='lat' dir='ltr'>pane</span> <span class='ocrx_word' id='word_1_72' title='bbox 192 466 325 498; x_wconf 81' lang='lat' dir='ltr'>Altaris,</span> <span class='ocrx_word' id='word_1_73' title='bbox 345 462 439 504; x_wconf 73' lang='lat' dir='ltr'>quarn</span> <span class='ocrx_word' id='word_1_74' title='bbox 459 462 568 494; x_wconf 81' lang='lat' dir='ltr'>inalio</span> <span class='ocrx_word' id='word_1_75' title='bbox 586 471 683 503; x_wconf 80' lang='lat' dir='ltr'>pane,</span> <span class='ocrx_word' id='word_1_76' title='bbox 702 462 737 494; x_wconf 86' lang='lat'><strong>&amp;</strong></span> <span class='ocrx_word' id='word_1_77' title='bbox 757 462 792 493; x_wconf 86' lang='lat' dir='ltr'>in</span> <span class='ocrx_word' id='word_1_78' title='bbox 812 462 1019 502; x_wconf 76' lang='lat' dir='ltr'>qualibetalia</span> <span class='ocrx_word' id='word_1_79' title='bbox 1041 472 1093 496; x_wconf 79' lang='lat' dir='ltr'>re,</span> 
     </span>
     <span class='ocr_line' id='line_1_11' title="bbox 105 503 1094 546; baseline -0.007 -3"><span class='ocrx_word' id='word_1_80' title='bbox 105 508 463 543; x_wconf 85' lang='lat' dir='ltr'>transubstantiationem</span> <span class='ocrx_word' id='word_1_81' title='bbox 482 506 655 546; x_wconf 85' lang='lat' dir='ltr'>denegans.</span> <span class='ocrx_word' id='word_1_82' title='bbox 677 503 822 537; x_wconf 70' lang='lat' dir='ltr'>Secundo</span> <span class='ocrx_word' id='word_1_83' title='bbox 831 524 845 539; x_wconf 22' lang='lat'>,⁴</span> <span class='ocrx_word' id='word_1_84' title='bbox 864 504 971 536; x_wconf 89' lang='lat' dir='ltr'>Deum</span> <span class='ocrx_word' id='word_1_85' title='bbox 992 504 1033 536; x_wconf 86' lang='lat' dir='ltr'>fic</span> <span class='ocrx_word' id='word_1_86' title='bbox 1049 504 1094 536; x_wconf 92' lang='lat' dir='ltr'>lo-</span> 
     </span>
     <span class='ocr_line' id='line_1_12' title="bbox 101 547 1094 587; baseline -0.005 -3"><span class='ocrx_word' id='word_1_87' title='bbox 101 562 211 585; x_wconf 86' lang='lat' dir='ltr'>cutum</span> <span class='ocrx_word' id='word_1_88' title='bbox 221 551 305 584; x_wconf 77' lang='lat' dir='ltr'>fuiffe</span> <span class='ocrx_word' id='word_1_89' title='bbox 315 548 499 583; x_wconf 83' lang='lat' dir='ltr'>inOvidio‚</span> <span class='ocrx_word' id='word_1_90' title='bbox 521 547 599 581; x_wconf 84' lang='lat' dir='ltr'>ficut</span> <span class='ocrx_word' id='word_1_91' title='bbox 609 549 643 578; x_wconf 89' lang='lat' dir='ltr'>in</span> <span class='ocrx_word' id='word_1_92' title='bbox 665 547 859 587; x_wconf 80' lang='lat' dir='ltr'>Augustino.</span> <span class='ocrx_word' id='word_1_93' title='bbox 880 547 1014 581; x_wconf 78' lang='lat' dir='ltr'>Tertio,</span> <span class='ocrx_word' id='word_1_94' title='bbox 1039 558 1094 579; x_wconf 89' lang='lat' dir='ltr'>ne-</span> 
     </span>
     <span class='ocr_line' id='line_1_13' title="bbox 100 589 1094 638; baseline -0.005 -11"><span class='ocrx_word' id='word_1_95' title='bbox 100 596 194 638; x_wconf 84' lang='lat' dir='ltr'>gabat</span> <span class='ocrx_word' id='word_1_96' title='bbox 216 592 474 626; x_wconf 67' lang='lat' dir='ltr'>resurrestionem</span> <span class='ocrx_word' id='word_1_97' title='bbox 493 600 662 632; x_wconf 84' lang='lat' dir='ltr'>corporum</span> <span class='ocrx_word' id='word_1_98' title='bbox 677 610 687 626; x_wconf 83' lang='lat'>‚</span> <span class='ocrx_word' id='word_1_99' title='bbox 709 589 890 623; x_wconf 80' lang='lat' dir='ltr'>Paradisum</span> <span class='ocrx_word' id='word_1_100' title='bbox 905 611 916 626; x_wconf 82' lang='lat'>‚</span> <span class='ocrx_word' id='word_1_101' title='bbox 936 591 970 623; x_wconf 93' lang='lat'><strong>&amp;</strong></span> <span class='ocrx_word' id='word_1_102' title='bbox 995 590 1094 623; x_wconf 86' lang='lat' dir='ltr'>Infer-</span> 
     </span>
     <span class='ocr_line' id='line_1_14' title="bbox 102 633 1093 680; baseline -0.003 -10"><span class='ocrx_word' id='word_1_103' title='bbox 102 647 199 675; x_wconf 67' lang='lat' dir='ltr'>num‘,</span> <span class='ocrx_word' id='word_1_104' title='bbox 219 637 329 680; x_wconf 88' lang='lat' dir='ltr'>sedqui</span> <span class='ocrx_word' id='word_1_105' title='bbox 339 638 373 668; x_wconf 89' lang='lat' dir='ltr'>in</span> <span class='ocrx_word' id='word_1_106' title='bbox 383 635 411 667; x_wconf 89' lang='lat' dir='ltr'>se</span> <span class='ocrx_word' id='word_1_107' title='bbox 430 635 493 667; x_wconf 90' lang='lat' dir='ltr'>Dei</span> <span class='ocrx_word' id='word_1_108' title='bbox 501 635 719 676; x_wconf 85' lang='lat' dir='ltr'>cognitionem</span> <span class='ocrx_word' id='word_1_109' title='bbox 736 633 880 669; x_wconf 81' lang='lat' dir='ltr'>habetet,</span> <span class='ocrx_word' id='word_1_110' title='bbox 902 634 992 668; x_wconf 89' lang='lat' dir='ltr'>illum</span> <span class='ocrx_word' id='word_1_111' title='bbox 1001 634 1093 667; x_wconf 89' lang='lat' dir='ltr'>habe-</span> 
     </span>
     <span class='ocr_line' id='line_1_15' title="bbox 103 676 1093 722; baseline -0.003 -9"><span class='ocrx_word' id='word_1_112' title='bbox 103 691 136 713; x_wconf 88' lang='lat' dir='ltr'>re</span> <span class='ocrx_word' id='word_1_113' title='bbox 145 691 269 722; x_wconf 89' lang='lat' dir='ltr'>quoque</span> <span class='ocrx_word' id='word_1_114' title='bbox 280 681 314 712; x_wconf 92' lang='lat' dir='ltr'>in</span> <span class='ocrx_word' id='word_1_115' title='bbox 338 680 365 710; x_wconf 82' lang='lat' dir='ltr'>se</span> <span class='ocrx_word' id='word_1_116' title='bbox 376 678 572 714; x_wconf 74' lang='lat' dir='ltr'>Paradisum3</span> <span class='ocrx_word' id='word_1_117' title='bbox 591 678 647 719; x_wconf 86' lang='lat' dir='ltr'>qui</span> <span class='ocrx_word' id='word_1_118' title='bbox 667 676 776 709; x_wconf 80' lang='lat' dir='ltr'>contra</span> <span class='ocrx_word' id='word_1_119' title='bbox 786 677 918 710; x_wconf 85' lang='lat' dir='ltr'>mortale</span> <span class='ocrx_word' id='word_1_120' title='bbox 928 687 1093 719; x_wconf 86' lang='lat' dir='ltr'>peccatum</span> 
     </span>
     <span class='ocr_line' id='line_1_16' title="bbox 103 720 1093 762; baseline -0.003 -6"><span class='ocrx_word' id='word_1_121' title='bbox 103 725 229 756; x_wconf 86' lang='lat' dir='ltr'>habetet</span> <span class='ocrx_word' id='word_1_122' title='bbox 239 744 250 759; x_wconf 83' lang='lat'>‚</span> <span class='ocrx_word' id='word_1_123' title='bbox 257 725 393 755; x_wconf 88' lang='lat' dir='ltr'>eundem</span> <span class='ocrx_word' id='word_1_124' title='bbox 401 722 561 756; x_wconf 86' lang='lat' dir='ltr'>Infernum</span> <span class='ocrx_word' id='word_1_125' title='bbox 570 720 680 754; x_wconf 83' lang='lat' dir='ltr'>habete</span> <span class='ocrx_word' id='word_1_126' title='bbox 688 720 722 752; x_wconf 87' lang='lat' dir='ltr'>in</span> <span class='ocrx_word' id='word_1_127' title='bbox 732 720 760 752; x_wconf 89' lang='lat' dir='ltr'>se</span> <span class='ocrx_word' id='word_1_128' title='bbox 770 741 780 756; x_wconf 92' lang='lat'>‚</span> <span class='ocrx_word' id='word_1_129' title='bbox 801 731 867 753; x_wconf 91' lang='lat' dir='ltr'>non</span> <span class='ocrx_word' id='word_1_130' title='bbox 875 722 964 754; x_wconf 90' lang='lat' dir='ltr'>aliter</span> <span class='ocrx_word' id='word_1_131' title='bbox 973 742 984 756; x_wconf 81' lang='lat'>,</span> <span class='ocrx_word' id='word_1_132' title='bbox 999 721 1093 762; x_wconf 77' lang='lat' dir='ltr'>quam</span> 
     </span>
     <span class='ocr_line' id='line_1_17' title="bbox 103 762 1092 809; baseline -0.004 -9"><span class='ocrx_word' id='word_1_133' title='bbox 103 769 230 800; x_wconf 88' lang='lat' dir='ltr'>dentem</span> <span class='ocrx_word' id='word_1_134' title='bbox 239 768 397 809; x_wconf 89' lang='lat' dir='ltr'>putridum</span> <span class='ocrx_word' id='word_1_135' title='bbox 404 765 438 797; x_wconf 88' lang='lat' dir='ltr'>in</span> <span class='ocrx_word' id='word_1_136' title='bbox 446 775 499 797; x_wconf 88' lang='lat' dir='ltr'>ore</span> <span class='ocrx_word' id='word_1_137' title='bbox 507 787 515 795; x_wconf 94' lang='lat'>.</span> <span class='ocrx_word' id='word_1_138' title='bbox 537 762 667 808; x_wconf 71' lang='lat' dir='ltr'>Qarto</span> <span class='ocrx_word' id='word_1_139' title='bbox 676 784 689 799; x_wconf 53' lang='grc' dir='ltr'><strong>ι</strong></span> <span class='ocrx_word' id='word_1_140' title='bbox 708 763 828 797; x_wconf 86' lang='lat' dir='ltr'>Altaria</span> <span class='ocrx_word' id='word_1_141' title='bbox 836 763 960 797; x_wconf 70' lang='lat' dir='ltr'>Sanffis</span> <span class='ocrx_word' id='word_1_142' title='bbox 969 764 1072 796; x_wconf 84' lang='lat' dir='ltr'>dicata</span> <span class='ocrx_word' id='word_1_143' title='bbox 1081 785 1092 800; x_wconf 84' lang='lat'>‚</span> 
     </span>
     <span class='ocr_line' id='line_1_18' title="bbox 101 806 1092 852; baseline -0.004 -8"><span class='ocrx_word' id='word_1_144' title='bbox 101 812 137 844; x_wconf 70' lang='grc' dir='ltr'>ὃ(</span> <span class='ocrx_word' id='word_1_145' title='bbox 166 811 325 852; x_wconf 84' lang='lat' dir='ltr'>Imagines</span> <span class='ocrx_word' id='word_1_146' title='bbox 353 809 533 843; x_wconf 83' lang='lat' dir='ltr'>thurificare</span> <span class='ocrx_word' id='word_1_147' title='bbox 553 828 567 845; x_wconf 66' lang='lat'>2</span> <span class='ocrx_word' id='word_1_148' title='bbox 592 806 843 849; x_wconf 65' lang='lat' dir='ltr'>Sanctorumque</span> <span class='ocrx_word' id='word_1_149' title='bbox 872 810 1092 841; x_wconf 75' lang='lat' dir='ltr'>invocationes</span> 
     </span>
     <span class='ocr_line' id='line_1_19' title="bbox 102 849 1092 893; baseline -0.004 -7"><span class='ocrx_word' id='word_1_150' title='bbox 102 854 314 887; x_wconf 78' lang='lat' dir='ltr'>idololatriam</span> <span class='ocrx_word' id='word_1_151' title='bbox 322 852 378 884; x_wconf 81' lang='lat' dir='ltr'>effe</span> <span class='ocrx_word' id='word_1_152' title='bbox 388 852 552 884; x_wconf 83' lang='lat' dir='ltr'>asserebat·</span> <span class='ocrx_word' id='word_1_153' title='bbox 573 849 728 893; x_wconf 70' lang='lat' dir='ltr'>Quinto,</span> <span class='ocrx_word' id='word_1_154' title='bbox 747 861 812 883; x_wconf 90' lang='lat' dir='ltr'>non</span> <span class='ocrx_word' id='word_1_155' title='bbox 822 850 923 883; x_wconf 75' lang='lat' dir='ltr'>solum</span> <span class='ocrx_word' id='word_1_156' title='bbox 943 861 1016 883; x_wconf 89' lang='lat' dir='ltr'>cum</span> <span class='ocrx_word' id='word_1_157' title='bbox 1033 852 1092 882; x_wconf 85' lang='lat' dir='ltr'>Ar-</span> 
     </span>
     <span class='ocr_line' id='line_1_20' title="bbox 101 894 1092 936; baseline -0.003 -7"><span class='ocrx_word' id='word_1_158' title='bbox 101 899 203 929; x_wconf 86' lang='lat' dir='ltr'>menis</span> <span class='ocrx_word' id='word_1_159' title='bbox 213 898 316 930; x_wconf 84' lang='lat' dir='ltr'>Adam</span> <span class='ocrx_word' id='word_1_160' title='bbox 325 916 336 930; x_wconf 84' lang='lat'>‚</span> <span class='ocrx_word' id='word_1_161' title='bbox 351 897 384 927; x_wconf 90' lang='lat'>&amp;</span> <span class='ocrx_word' id='word_1_162' title='bbox 395 895 522 927; x_wconf 89' lang='lat' dir='ltr'>Hevam</span> <span class='ocrx_word' id='word_1_163' title='bbox 536 904 700 935; x_wconf 76' lang='lat' dir='ltr'>nunquam</span> <span class='ocrx_word' id='word_1_164' title='bbox 709 895 827 927; x_wconf 88' lang='lat' dir='ltr'>carnali</span> <span class='ocrx_word' id='word_1_165' title='bbox 835 894 947 935; x_wconf 86' lang='lat' dir='ltr'>copula</span> <span class='ocrx_word' id='word_1_166' title='bbox 959 894 1092 936; x_wconf 82' lang='lat' dir='ltr'>jungen-</span> 
     </span>
     <span class='ocr_line' id='line_1_21' title="bbox 101 936 1087 981; baseline -0.002 -9"><span class='ocrx_word' id='word_1_167' title='bbox 101 942 177 976; x_wconf 82' lang='lat' dir='ltr'>dos,</span> <span class='ocrx_word' id='word_1_168' title='bbox 197 938 460 981; x_wconf 79' lang='lat' dir='ltr'>fipetmanfiffent</span> <span class='ocrx_word' id='word_1_169' title='bbox 481 941 515 970; x_wconf 89' lang='lat' dir='ltr'>in</span> <span class='ocrx_word' id='word_1_170' title='bbox 524 937 682 972; x_wconf 78' lang='lat' dir='ltr'>statuillo,</span> <span class='ocrx_word' id='word_1_171' title='bbox 704 939 812 979; x_wconf 90' lang='lat' dir='ltr'>inquo</span> <span class='ocrx_word' id='word_1_172' title='bbox 827 936 1087 971; x_wconf 84' lang='lat' dir='ltr'>Deusillosctea-</span> 
     </span>
     <span class='ocr_line' id='line_1_22' title="bbox 102 979 1089 1020; baseline 0 -7"><span class='ocrx_word' id='word_1_173' title='bbox 102 985 165 1020; x_wconf 63' lang='lat' dir='ltr'>viv,</span> <span class='ocrx_word' id='word_1_174' title='bbox 186 982 294 1014; x_wconf 83' lang='lat' dir='ltr'>verum</span> <span class='ocrx_word' id='word_1_175' title='bbox 309 984 405 1014; x_wconf 86' lang='lat' dir='ltr'>etiam</span> <span class='ocrx_word' id='word_1_176' title='bbox 423 981 550 1014; x_wconf 87' lang='lat' dir='ltr'>sexuum</span> <span class='ocrx_word' id='word_1_177' title='bbox 570 980 780 1014; x_wconf 83' lang='lat' dir='ltr'>differentiam</span> <span class='ocrx_word' id='word_1_178' title='bbox 801 981 939 1016; x_wconf 87' lang='lat' dir='ltr'>nullam,</span> <span class='ocrx_word' id='word_1_179' title='bbox 962 979 1014 1013; x_wconf 88' lang='lat' dir='ltr'>sed</span> <span class='ocrx_word' id='word_1_180' title='bbox 1033 981 1089 1013; x_wconf 86' lang='lat' dir='ltr'>ho-</span> 
     </span>
     <span class='ocr_line' id='line_1_23' title="bbox 98 1023 1093 1067; baseline -0.001 -9"><span class='ocrx_word' id='word_1_181' title='bbox 98 1028 225 1058; x_wconf 88' lang='lat' dir='ltr'>minum</span> <span class='ocrx_word' id='word_1_182' title='bbox 244 1026 539 1067; x_wconf 79' lang='lat' dir='ltr'>multiplicationem</span> <span class='ocrx_word' id='word_1_183' title='bbox 555 1024 662 1065; x_wconf 66' lang='lat' dir='ltr'>aeque2</span> <span class='ocrx_word' id='word_1_184' title='bbox 681 1034 717 1056; x_wconf 86' lang='lat' dir='ltr'>ac</span> <span class='ocrx_word' id='word_1_185' title='bbox 734 1024 930 1066; x_wconf 82' lang='lat' dir='ltr'>Angelorum</span> <span class='ocrx_word' id='word_1_186' title='bbox 951 1023 1093 1057; x_wconf 84' lang='lat' dir='ltr'>fututam</span> 
     </span>
     <span class='ocr_line' id='line_1_24' title="bbox 102 1067 1089 1104; baseline -0.002 -3"><span class='ocrx_word' id='word_1_187' title='bbox 102 1069 272 1101; x_wconf 86' lang='lat' dir='ltr'>affirmabat</span> <span class='ocrx_word' id='word_1_188' title='bbox 287 1091 294 1098; x_wconf 92' lang='lat'><em>.</em></span> <span class='ocrx_word' id='word_1_189' title='bbox 324 1068 417 1100; x_wconf 77' lang='lat' dir='ltr'>Sexto</span> <span class='ocrx_word' id='word_1_190' title='bbox 432 1089 443 1104; x_wconf 88' lang='lat'>‚</span> <span class='ocrx_word' id='word_1_191' title='bbox 472 1068 615 1101; x_wconf 82' lang='lat' dir='ltr'>afferebat</span> <span class='ocrx_word' id='word_1_192' title='bbox 639 1067 746 1099; x_wconf 87' lang='lat' dir='ltr'>Deum</span> <span class='ocrx_word' id='word_1_193' title='bbox 767 1077 834 1100; x_wconf 90' lang='lat' dir='ltr'>non</span> <span class='ocrx_word' id='word_1_194' title='bbox 850 1069 951 1101; x_wconf 85' lang='lat' dir='ltr'>videri</span> <span class='ocrx_word' id='word_1_195' title='bbox 973 1069 1008 1099; x_wconf 90' lang='lat' dir='ltr'>in</span> <span class='ocrx_word' id='word_1_196' title='bbox 1030 1068 1057 1100; x_wconf 88' lang='lat' dir='ltr'>se</span> <span class='ocrx_word' id='word_1_197' title='bbox 1079 1089 1089 1103; x_wconf 88' lang='lat'>,</span> 
     </span>
     <span class='ocr_line' id='line_1_25' title="bbox 101 1109 1088 1153; baseline 0 -10"><span class='ocrx_word' id='word_1_198' title='bbox 101 1112 373 1146; x_wconf 86' lang='lat' dir='ltr'>sedincteaturis,</span> <span class='ocrx_word' id='word_1_199' title='bbox 388 1111 716 1144; x_wconf 86' lang='lat' dir='ltr'>ficutlumeninaete.</span> <span class='ocrx_word' id='word_1_200' title='bbox 739 1109 899 1152; x_wconf 73' lang='lat' dir='ltr'>Septimo,</span> <span class='ocrx_word' id='word_1_201' title='bbox 920 1111 1088 1153; x_wconf 88' lang='lat' dir='ltr'>illudquod</span> 
     </span>
     <span class='ocr_line' id='line_1_26' title="bbox 98 1152 1087 1196; baseline 0 -10"><span class='ocrx_word' id='word_1_202' title='bbox 98 1155 173 1187; x_wconf 75' lang='lat' dir='ltr'>alias</span> <span class='ocrx_word' id='word_1_203' title='bbox 187 1154 229 1186; x_wconf 86' lang='lat' dir='ltr'>est</span> <span class='ocrx_word' id='word_1_204' title='bbox 239 1164 401 1196; x_wconf 89' lang='lat' dir='ltr'>peccatum</span> <span class='ocrx_word' id='word_1_205' title='bbox 419 1154 568 1189; x_wconf 80' lang='lat' dir='ltr'>mortale,</span> <span class='ocrx_word' id='word_1_206' title='bbox 588 1152 708 1186; x_wconf 64' lang='lat' dir='ltr'>faCkum</span> <span class='ocrx_word' id='word_1_207' title='bbox 727 1153 761 1185; x_wconf 91' lang='lat' dir='ltr'>in</span> <span class='ocrx_word' id='word_1_208' title='bbox 771 1154 923 1187; x_wconf 82' lang='lat' dir='ltr'>charitate</span> <span class='ocrx_word' id='word_1_209' title='bbox 942 1164 1009 1186; x_wconf 91' lang='lat' dir='ltr'>non</span> <span class='ocrx_word' id='word_1_210' title='bbox 1031 1155 1087 1187; x_wconf 85' lang='lat' dir='ltr'>esse</span> 
     </span>
    </p>
   </div>
   <div class='ocr_carea' id='block_1_3' title="bbox 1129 120 2133 1197">
    <p class='ocr_par' dir='ltr' id='par_1_3' title="bbox 1129 120 2133 1197">
     <span class='ocr_line' id='line_1_27' title="bbox 1139 120 2133 165; baseline 0.014 -16"><span class='ocrx_word' id='word_1_211' title='bbox 1139 127 1303 157; x_wconf 81' lang='lat' dir='ltr'>peccatum</span> <span class='ocrx_word' id='word_1_212' title='bbox 1312 138 1322 153; x_wconf 66' lang='lat'>2</span> <span class='ocrx_word' id='word_1_213' title='bbox 1346 120 1569 160; x_wconf 84' lang='lat' dir='ltr'>impunitatem</span> <span class='ocrx_word' id='word_1_214' title='bbox 1588 129 1789 162; x_wconf 84' lang='lat' dir='ltr'>peccatorum</span> <span class='ocrx_word' id='word_1_215' title='bbox 1808 126 2009 165; x_wconf 85' lang='lat' dir='ltr'>promittens.</span> <span class='ocrx_word' id='word_1_216' title='bbox 2035 129 2133 162; x_wconf 65' lang='lat' dir='ltr'>octa-</span> 
     </span>
     <span class='ocr_line' id='line_1_28' title="bbox 1137 159 2131 205; baseline 0.014 -14"><span class='ocrx_word' id='word_1_217' title='bbox 1137 159 1198 196; x_wconf 84' lang='grc' dir='ltr'>νὸ,</span> <span class='ocrx_word' id='word_1_218' title='bbox 1219 160 1390 194; x_wconf 86' lang='lat' dir='ltr'>affirmabat</span> <span class='ocrx_word' id='word_1_219' title='bbox 1398 164 1483 195; x_wconf 86' lang='lat' dir='ltr'>ideas</span> <span class='ocrx_word' id='word_1_220' title='bbox 1493 184 1503 198; x_wconf 82' lang='lat'>‚</span> <span class='ocrx_word' id='word_1_221' title='bbox 1523 174 1592 205; x_wconf 85' lang='lat' dir='ltr'>quae</span> <span class='ocrx_word' id='word_1_222' title='bbox 1602 162 1715 198; x_wconf 85' lang='lat' dir='ltr'>suntin</span> <span class='ocrx_word' id='word_1_223' title='bbox 1726 176 1832 199; x_wconf 88' lang='lat' dir='ltr'>mente</span> <span class='ocrx_word' id='word_1_224' title='bbox 1844 168 1984 205; x_wconf 87' lang='lat' dir='ltr'>Divina,</span> <span class='ocrx_word' id='word_1_225' title='bbox 2003 174 2035 203; x_wconf 86' lang='lat'><strong>&amp;</strong></span> <span class='ocrx_word' id='word_1_226' title='bbox 2046 183 2131 205; x_wconf 85' lang='lat' dir='ltr'>crea-</span> 
     </span>
     <span class='ocr_line' id='line_1_29' title="bbox 1137 205 2131 255; baseline 0.015 -22"><span class='ocrx_word' id='word_1_227' title='bbox 1137 213 1170 251; x_wconf 74' lang='lat' dir='ltr'>re</span> <span class='ocrx_word' id='word_1_228' title='bbox 1179 224 1190 238; x_wconf 91' lang='lat'>,</span> <span class='ocrx_word' id='word_1_229' title='bbox 1211 205 1245 236; x_wconf 93' lang='lat'>&amp;</span> <span class='ocrx_word' id='word_1_230' title='bbox 1262 206 1360 236; x_wconf 88' lang='lat' dir='ltr'>creati</span> <span class='ocrx_word' id='word_1_231' title='bbox 1381 206 1478 246; x_wconf 82' lang='lat' dir='ltr'>posse,</span> <span class='ocrx_word' id='word_1_232' title='bbox 1501 205 1577 239; x_wconf 79' lang='lat' dir='ltr'>cum</span> <span class='ocrx_word' id='word_1_233' title='bbox 1596 217 1703 240; x_wconf 86' lang='lat' dir='ltr'>tamen</span> <span class='ocrx_word' id='word_1_234' title='bbox 1726 208 1897 244; x_wconf 80' lang='lat' dir='ltr'>secundum</span> <span class='ocrx_word' id='word_1_235' title='bbox 1919 213 2131 255; x_wconf 86' lang='lat' dir='ltr'>Augustinum</span> 
     </span>
     <span class='ocr_line' id='line_1_30' title="bbox 1137 246 2132 291; baseline 0.013 -13"><span class='ocrx_word' id='word_1_236' title='bbox 1137 256 1172 278; x_wconf 81' lang='lat' dir='ltr'>in</span> <span class='ocrx_word' id='word_1_237' title='bbox 1181 256 1287 280; x_wconf 89' lang='lat' dir='ltr'>mente</span> <span class='ocrx_word' id='word_1_238' title='bbox 1297 246 1419 280; x_wconf 87' lang='lat' dir='ltr'>Divina</span> <span class='ocrx_word' id='word_1_239' title='bbox 1437 249 1515 282; x_wconf 83' lang='lat' dir='ltr'>nihil</span> <span class='ocrx_word' id='word_1_240' title='bbox 1526 250 1563 282; x_wconf 81' lang='lat' dir='ltr'>sit</span> <span class='ocrx_word' id='word_1_241' title='bbox 1580 250 1637 283; x_wconf 90' lang='lat' dir='ltr'>nis1</span> <span class='ocrx_word' id='word_1_242' title='bbox 1647 261 1798 285; x_wconf 76' lang='lat' dir='ltr'>aeternum</span> <span class='ocrx_word' id='word_1_243' title='bbox 1808 274 1819 290; x_wconf 88' lang='lat'>,</span> <span class='ocrx_word' id='word_1_244' title='bbox 1841 256 1874 287; x_wconf 63' lang='grc' dir='ltr'>δέ</span> <span class='ocrx_word' id='word_1_245' title='bbox 1886 257 2132 291; x_wconf 74' lang='lat' dir='ltr'>incommutabi-</span> 
     </span>
     <span class='ocr_line' id='line_1_31' title="bbox 1138 289 2130 339; baseline 0.013 -19"><span class='ocrx_word' id='word_1_246' title='bbox 1138 289 1165 321; x_wconf 90' lang='lat' dir='ltr'>le</span> <span class='ocrx_word' id='word_1_247' title='bbox 1175 312 1185 322; x_wconf 67' lang='lat'>.</span> <span class='ocrx_word' id='word_1_248' title='bbox 1205 289 1306 322; x_wconf 70' lang='lat' dir='ltr'>Nono</span> <span class='ocrx_word' id='word_1_249' title='bbox 1316 310 1326 325; x_wconf 85' lang='lat'><strong>‚</strong></span> <span class='ocrx_word' id='word_1_250' title='bbox 1349 289 1520 324; x_wconf 77' lang='lat' dir='ltr'>somniabat</span> <span class='ocrx_word' id='word_1_251' title='bbox 1537 304 1676 327; x_wconf 87' lang='lat' dir='ltr'>mentem</span> <span class='ocrx_word' id='word_1_252' title='bbox 1695 298 1935 339; x_wconf 82' lang='lat' dir='ltr'>contemplativi</span> <span class='ocrx_word' id='word_1_253' title='bbox 1945 320 1955 335; x_wconf 89' lang='lat'>,</span> <span class='ocrx_word' id='word_1_254' title='bbox 1978 302 2025 331; x_wconf 88' lang='lat' dir='ltr'>vel</span> <span class='ocrx_word' id='word_1_255' title='bbox 2050 303 2130 333; x_wconf 80' lang='lat' dir='ltr'>beati</span> 
     </span>
     <span class='ocr_line' id='line_1_32' title="bbox 1138 333 2129 380; baseline 0.013 -16"><span class='ocrx_word' id='word_1_256' title='bbox 1138 334 1262 374; x_wconf 87' lang='lat' dir='ltr'>perdere</span> <span class='ocrx_word' id='word_1_257' title='bbox 1272 333 1362 365; x_wconf 88' lang='lat' dir='ltr'>suum</span> <span class='ocrx_word' id='word_1_258' title='bbox 1370 334 1426 366; x_wconf 82' lang='lat' dir='ltr'>effe</span> <span class='ocrx_word' id='word_1_259' title='bbox 1442 337 1476 366; x_wconf 88' lang='lat' dir='ltr'>in</span> <span class='ocrx_word' id='word_1_260' title='bbox 1487 340 1611 377; x_wconf 87' lang='lat' dir='ltr'>proprio</span> <span class='ocrx_word' id='word_1_261' title='bbox 1625 349 1739 380; x_wconf 87' lang='lat' dir='ltr'>genere</span> <span class='ocrx_word' id='word_1_262' title='bbox 1748 361 1759 374; x_wconf 84' lang='lat'>‚</span> <span class='ocrx_word' id='word_1_263' title='bbox 1779 342 1814 374; x_wconf 67' lang='grc' dir='ltr'>δέ</span> <span class='ocrx_word' id='word_1_264' title='bbox 1823 343 1924 375; x_wconf 89' lang='lat' dir='ltr'>redire</span> <span class='ocrx_word' id='word_1_265' title='bbox 1944 345 1977 375; x_wconf 89' lang='lat' dir='ltr'>in</span> <span class='ocrx_word' id='word_1_266' title='bbox 1989 344 2063 376; x_wconf 87' lang='lat' dir='ltr'>illud</span> <span class='ocrx_word' id='word_1_267' title='bbox 2074 346 2129 377; x_wconf 75' lang='lat' dir='ltr'>effe</span> 
     </span>
     <span class='ocr_line' id='line_1_33' title="bbox 1137 376 2129 422; baseline 0.013 -15"><span class='ocrx_word' id='word_1_268' title='bbox 1137 377 1236 408; x_wconf 89' lang='lat' dir='ltr'>ideale</span> <span class='ocrx_word' id='word_1_269' title='bbox 1245 396 1255 411; x_wconf 84' lang='lat'>‚</span> <span class='ocrx_word' id='word_1_270' title='bbox 1276 378 1359 418; x_wconf 90' lang='lat' dir='ltr'>quod</span> <span class='ocrx_word' id='word_1_271' title='bbox 1369 376 1477 410; x_wconf 89' lang='lat' dir='ltr'>habuit</span> <span class='ocrx_word' id='word_1_272' title='bbox 1499 380 1535 410; x_wconf 89' lang='lat' dir='ltr'>in</span> <span class='ocrx_word' id='word_1_273' title='bbox 1543 389 1646 412; x_wconf 90' lang='lat' dir='ltr'>mente</span> <span class='ocrx_word' id='word_1_274' title='bbox 1657 381 1779 416; x_wconf 86' lang='lat' dir='ltr'>Divina</span> <span class='ocrx_word' id='word_1_275' title='bbox 1790 407 1798 415; x_wconf 93' lang='lat'>.</span> <span class='ocrx_word' id='word_1_276' title='bbox 1819 384 1958 419; x_wconf 73' lang='lat' dir='ltr'>Decimo</span> <span class='ocrx_word' id='word_1_277' title='bbox 1966 407 1977 422; x_wconf 85' lang='lat'>‚</span> <span class='ocrx_word' id='word_1_278' title='bbox 1998 389 2129 420; x_wconf 76' lang='lat' dir='ltr'>docebat</span> 
     </span>
     <span class='ocr_line' id='line_1_34' title="bbox 1136 421 2130 471; baseline 0.013 -20"><span class='ocrx_word' id='word_1_279' title='bbox 1136 430 1249 452; x_wconf 77' lang='lat' dir='ltr'>omnes</span> <span class='ocrx_word' id='word_1_280' title='bbox 1258 430 1414 453; x_wconf 86' lang='lat' dir='ltr'>creaturas</span> <span class='ocrx_word' id='word_1_281' title='bbox 1425 421 1458 454; x_wconf 82' lang='lat' dir='ltr'>in</span> <span class='ocrx_word' id='word_1_282' title='bbox 1473 421 1535 454; x_wconf 84' lang='lat' dir='ltr'>fine</span> <span class='ocrx_word' id='word_1_283' title='bbox 1544 423 1578 454; x_wconf 88' lang='lat' dir='ltr'>in</span> <span class='ocrx_word' id='word_1_284' title='bbox 1588 422 1695 458; x_wconf 90' lang='lat' dir='ltr'>Deum</span> <span class='ocrx_word' id='word_1_285' title='bbox 1702 427 1820 463; x_wconf 84' lang='lat' dir='ltr'>redire,</span> <span class='ocrx_word' id='word_1_286' title='bbox 1840 429 1875 461; x_wconf 74' lang='grc' dir='ltr'>δε</span> <span class='ocrx_word' id='word_1_287' title='bbox 1897 431 1931 460; x_wconf 89' lang='lat' dir='ltr'>in</span> <span class='ocrx_word' id='word_1_288' title='bbox 1941 429 2043 471; x_wconf 86' lang='lat' dir='ltr'>ipsum</span> <span class='ocrx_word' id='word_1_289' title='bbox 2053 442 2130 463; x_wconf 85' lang='lat' dir='ltr'>con-</span> 
     </span>
     <span class='ocr_line' id='line_1_35' title="bbox 1137 465 2129 514; baseline 0.013 -20"><span class='ocrx_word' id='word_1_290' title='bbox 1137 465 1238 498; x_wconf 84' lang='lat' dir='ltr'>verti,</span> <span class='ocrx_word' id='word_1_291' title='bbox 1259 465 1362 497; x_wconf 82' lang='lat' dir='ltr'>utfint</span> <span class='ocrx_word' id='word_1_292' title='bbox 1372 467 1683 499; x_wconf 86' lang='lat' dir='ltr'>unumindivlduum</span> <span class='ocrx_word' id='word_1_293' title='bbox 1703 469 1869 512; x_wconf 86' lang='lat' dir='ltr'>cumips0;</span> <span class='ocrx_word' id='word_1_294' title='bbox 1891 474 1972 505; x_wconf 87' lang='lat' dir='ltr'>unde</span> <span class='ocrx_word' id='word_1_295' title='bbox 1983 484 2035 514; x_wconf 85' lang='lat' dir='ltr'>per</span> <span class='ocrx_word' id='word_1_296' title='bbox 2052 485 2129 506; x_wconf 91' lang='lat' dir='ltr'>con-</span> 
     </span>
     <span class='ocr_line' id='line_1_36' title="bbox 1137 505 2130 556; baseline 0.013 -20"><span class='ocrx_word' id='word_1_297' title='bbox 1137 505 1331 547; x_wconf 81' lang='lat' dir='ltr'>sequentiam</span> <span class='ocrx_word' id='word_1_298' title='bbox 1353 508 1485 549; x_wconf 82' lang='lat' dir='ltr'>negabat</span> <span class='ocrx_word' id='word_1_299' title='bbox 1507 508 1543 540; x_wconf 86' lang='lat' dir='ltr'>in</span> <span class='ocrx_word' id='word_1_300' title='bbox 1561 508 1786 543; x_wconf 62' lang='lat' dir='ltr'>:esurrectione</span> <span class='ocrx_word' id='word_1_301' title='bbox 1807 515 1964 556; x_wconf 89' lang='lat' dir='ltr'>duplicem</span> <span class='ocrx_word' id='word_1_302' title='bbox 1996 516 2063 548; x_wconf 86' lang='lat' dir='ltr'>fote</span> <span class='ocrx_word' id='word_1_303' title='bbox 2086 518 2130 549; x_wconf 64' lang='lat' dir='ltr'>se&lt;</span> 
     </span>
     <span class='ocr_line' id='line_1_37' title="bbox 1135 549 2130 594; baseline 0.012 -14"><span class='ocrx_word' id='word_1_304' title='bbox 1135 559 1211 581; x_wconf 87' lang='lat' dir='ltr'>xum</span> <span class='ocrx_word' id='word_1_305' title='bbox 1222 572 1230 580; x_wconf 93' lang='lat'>.</span> <span class='ocrx_word' id='word_1_306' title='bbox 1252 549 1304 583; x_wconf 91' lang='lat' dir='ltr'>De</span> <span class='ocrx_word' id='word_1_307' title='bbox 1311 549 1360 583; x_wconf 87' lang='lat' dir='ltr'>his</span> <span class='ocrx_word' id='word_1_308' title='bbox 1369 571 1380 586; x_wconf 89' lang='lat'>,</span> <span class='ocrx_word' id='word_1_309' title='bbox 1395 552 1429 583; x_wconf 75' lang='lat'>8&lt;</span> <span class='ocrx_word' id='word_1_310' title='bbox 1439 551 1575 592; x_wconf 88' lang='lat' dir='ltr'>pluribus</span> <span class='ocrx_word' id='word_1_311' title='bbox 1583 552 1654 585; x_wconf 90' lang='lat' dir='ltr'>aliis</span> <span class='ocrx_word' id='word_1_312' title='bbox 1663 553 1783 587; x_wconf 84' lang='lat' dir='ltr'>vesanis</span> <span class='ocrx_word' id='word_1_313' title='bbox 1790 559 1944 591; x_wconf 83' lang='lat' dir='ltr'>erroribus</span> <span class='ocrx_word' id='word_1_314' title='bbox 1954 579 1965 594; x_wconf 86' lang='lat'>‚</span> <span class='ocrx_word' id='word_1_315' title='bbox 1987 559 2047 591; x_wconf 60' lang='lat' dir='ltr'>uni)⁴</span> <span class='ocrx_word' id='word_1_316' title='bbox 2055 571 2130 593; x_wconf 84' lang='lat' dir='ltr'>cum</span> 
     </span>
     <span class='ocr_line' id='line_1_38' title="bbox 1135 593 2129 643; baseline 0.012 -19"><span class='ocrx_word' id='word_1_317' title='bbox 1135 593 1343 634; x_wconf 88' lang='lat' dir='ltr'>complicibus</span> <span class='ocrx_word' id='word_1_318' title='bbox 1353 614 1363 629; x_wconf 84' lang='lat'>‚</span> <span class='ocrx_word' id='word_1_319' title='bbox 1373 595 1412 626; x_wconf 91' lang='lat' dir='ltr'>ab</span> <span class='ocrx_word' id='word_1_320' title='bbox 1421 594 1646 637; x_wconf 83' lang='lat' dir='ltr'>Episcoporum</span> <span class='ocrx_word' id='word_1_321' title='bbox 1657 617 1667 631; x_wconf 88' lang='lat'><strong><em>‚</em></strong></span> <span class='ocrx_word' id='word_1_322' title='bbox 1688 599 1722 629; x_wconf 91' lang='lat'>&amp;</span> <span class='ocrx_word' id='word_1_323' title='bbox 1732 596 1971 643; x_wconf 81' lang='lat' dir='ltr'>Theologorum</span> <span class='ocrx_word' id='word_1_324' title='bbox 1981 602 2129 635; x_wconf 60' lang='lat' dir='ltr'>Parisien«</span> 
     </span>
     <span class='ocr_line' id='line_1_39' title="bbox 1136 634 2128 688; baseline 0.011 -21"><span class='ocrx_word' id='word_1_325' title='bbox 1136 636 1215 668; x_wconf 78' lang='lat' dir='ltr'>sium</span> <span class='ocrx_word' id='word_1_326' title='bbox 1223 634 1375 669; x_wconf 91' lang='lat' dir='ltr'>Concilio</span> <span class='ocrx_word' id='word_1_327' title='bbox 1384 637 1550 672; x_wconf 65' lang='lat' dir='ltr'>convictus</span> <span class='ocrx_word' id='word_1_328' title='bbox 1560 659 1570 674; x_wconf 85' lang='lat'>,</span> <span class='ocrx_word' id='word_1_329' title='bbox 1592 649 1630 671; x_wconf 90' lang='lat' dir='ltr'>ex</span> <span class='ocrx_word' id='word_1_330' title='bbox 1641 650 1774 672; x_wconf 88' lang='lat' dir='ltr'>moerore</span> <span class='ocrx_word' id='word_1_331' title='bbox 1784 644 1884 674; x_wconf 85' lang='lat' dir='ltr'>animi</span> <span class='ocrx_word' id='word_1_332' title='bbox 1894 646 2015 678; x_wconf 82' lang='lat' dir='ltr'>interiit</span> <span class='ocrx_word' id='word_1_333' title='bbox 2023 667 2033 681; x_wconf 71' lang='grc'><strong>,</strong></span> <span class='ocrx_word' id='word_1_334' title='bbox 2050 646 2128 688; x_wconf 82' lang='lat' dir='ltr'>ejus-</span> 
     </span>
     <span class='ocr_line' id='line_1_40' title="bbox 1134 680 2128 727; baseline 0.012 -17"><span class='ocrx_word' id='word_1_335' title='bbox 1134 689 1195 720; x_wconf 88' lang='lat' dir='ltr'>que</span> <span class='ocrx_word' id='word_1_336' title='bbox 1214 681 1347 712; x_wconf 88' lang='lat' dir='ltr'>cadaver</span> <span class='ocrx_word' id='word_1_337' title='bbox 1366 680 1442 721; x_wconf 77' lang='lat' dir='ltr'>jussu</span> <span class='ocrx_word' id='word_1_338' title='bbox 1457 680 1592 724; x_wconf 86' lang='lat' dir='ltr'>Philippi</span> <span class='ocrx_word' id='word_1_339' title='bbox 1611 683 1774 716; x_wconf 86' lang='lat' dir='ltr'>Gallorum</span> <span class='ocrx_word' id='word_1_340' title='bbox 1790 684 1889 727; x_wconf 83' lang='lat' dir='ltr'>Regis</span> <span class='ocrx_word' id='word_1_341' title='bbox 1912 689 2010 727; x_wconf 77' lang='lat' dir='ltr'>postea</span> <span class='ocrx_word' id='word_1_342' title='bbox 2031 689 2128 721; x_wconf 87' lang='lat' dir='ltr'>exhu-</span> 
     </span>
     <span class='ocr_line' id='line_1_41' title="bbox 1135 724 2128 767; baseline 0.012 -13"><span class='ocrx_word' id='word_1_343' title='bbox 1135 732 1276 758; x_wconf 81' lang='lat' dir='ltr'>matum,</span> <span class='ocrx_word' id='word_1_344' title='bbox 1297 724 1332 756; x_wconf 89' lang='lat'>&amp;</span> <span class='ocrx_word' id='word_1_345' title='bbox 1354 724 1490 757; x_wconf 86' lang='lat' dir='ltr'>flammis</span> <span class='ocrx_word' id='word_1_346' title='bbox 1499 726 1639 759; x_wconf 83' lang='lat' dir='ltr'>exustum</span> <span class='ocrx_word' id='word_1_347' title='bbox 1660 727 1702 760; x_wconf 84' lang='lat' dir='ltr'>est</span> <span class='ocrx_word' id='word_1_348' title='bbox 1710 738 1795 767; x_wconf 84' lang='lat' dir='ltr'>anno</span> <span class='ocrx_word' id='word_1_349' title='bbox 1817 728 1954 763; x_wconf 83' lang='lat' dir='ltr'>Domini</span> <span class='ocrx_word' id='word_1_350' title='bbox 1974 735 2062 765; x_wconf 78' lang='lat'>1208.</span> <span class='ocrx_word' id='word_1_351' title='bbox 2072 732 2128 766; x_wconf 63' lang='lat' dir='ltr'>Su&lt;</span> 
     </span>
     <span class='ocr_line' id='line_1_42' title="bbox 1135 766 2126 808; baseline 0.01 -11"><span class='ocrx_word' id='word_1_352' title='bbox 1135 766 1246 807; x_wconf 87' lang='lat' dir='ltr'>prascri</span> <span class='ocrx_word' id='word_1_353' title='bbox 1250 778 1318 808; x_wconf 86' lang='lat' dir='ltr'>pras</span> <span class='ocrx_word' id='word_1_354' title='bbox 1328 766 1454 800; x_wconf 87' lang='lat' dir='ltr'>haereses</span> <span class='ocrx_word' id='word_1_355' title='bbox 1462 769 1598 803; x_wconf 82' lang='lat' dir='ltr'>recenset</span> <span class='ocrx_word' id='word_1_356' title='bbox 1606 769 1764 804; x_wconf 86' lang='lat' dir='ltr'>Prateolus</span> <span class='ocrx_word' id='word_1_357' title='bbox 1773 770 1811 803; x_wconf 88' lang='lat' dir='ltr'>de</span> <span class='ocrx_word' id='word_1_358' title='bbox 1819 772 1919 804; x_wconf 59' lang='lat' dir='ltr'>Scitis</span> <span class='ocrx_word' id='word_1_359' title='bbox 1926 771 2051 807; x_wconf 75' lang='lat' dir='ltr'>hereric.</span> <span class='ocrx_word' id='word_1_360' title='bbox 2063 777 2085 808; x_wconf 92' lang='lat' dir='ltr'>l.</span> <span class='ocrx_word' id='word_1_361' title='bbox 2103 787 2112 808; x_wconf 86' lang='grc' dir='ltr'><em>ι</em></span> <span class='ocrx_word' id='word_1_362' title='bbox 2120 799 2126 807; x_wconf 92' lang='grc'><strong><em>.</em></strong></span> 
     </span>
     <span class='ocr_line' id='line_1_43' title="bbox 1134 809 2129 858; baseline 0.01 -17"><span class='ocrx_word' id='word_1_363' title='bbox 1134 811 1168 841; x_wconf 84' lang='lat'>&amp;</span> <span class='ocrx_word' id='word_1_364' title='bbox 1190 820 1228 841; x_wconf 80' lang='lat' dir='ltr'>ex</span> <span class='ocrx_word' id='word_1_365' title='bbox 1248 809 1414 844; x_wconf 87' lang='lat' dir='ltr'>Chronico</span> <span class='ocrx_word' id='word_1_366' title='bbox 1435 811 1639 846; x_wconf 86' lang='lat' dir='ltr'>Summorum</span> <span class='ocrx_word' id='word_1_367' title='bbox 1658 813 1852 848; x_wconf 86' lang='lat' dir='ltr'>Pontificum</span> <span class='ocrx_word' id='word_1_368' title='bbox 1874 818 1991 858; x_wconf 84' lang='lat' dir='ltr'>viginti</span> <span class='ocrx_word' id='word_1_369' title='bbox 2012 828 2129 851; x_wconf 79' lang='lat' dir='ltr'>errores</span> 
     </span>
     <span class='ocr_line' id='line_1_44' title="bbox 1134 852 2129 902; baseline 0.012 -19"><span class='ocrx_word' id='word_1_370' title='bbox 1134 852 1227 894; x_wconf 86' lang='lat' dir='ltr'>hujus</span> <span class='ocrx_word' id='word_1_371' title='bbox 1233 854 1387 886; x_wconf 88' lang='lat' dir='ltr'>Almarici</span> <span class='ocrx_word' id='word_1_372' title='bbox 1396 855 1589 897; x_wconf 85' lang='lat' dir='ltr'>colliguntur</span> <span class='ocrx_word' id='word_1_373' title='bbox 1597 879 1606 887; x_wconf 91' lang='lat'>.</span> <span class='ocrx_word' id='word_1_374' title='bbox 1630 856 1689 889; x_wconf 86' lang='lat' dir='ltr'>Sex</span> <span class='ocrx_word' id='word_1_375' title='bbox 1696 857 1791 889; x_wconf 84' lang='lat' dir='ltr'>refert</span> <span class='ocrx_word' id='word_1_376' title='bbox 1802 859 1992 892; x_wconf 82' lang='lat' dir='ltr'>Vincentius</span> <span class='ocrx_word' id='word_1_377' title='bbox 2012 863 2045 894; x_wconf 90' lang='lat' dir='ltr'>in</span> <span class='ocrx_word' id='word_1_378' title='bbox 2055 865 2080 894; x_wconf 90' lang='lat' dir='ltr'><em>S</em></span> <span class='ocrx_word' id='word_1_379' title='bbox 2077 871 2129 902; x_wconf 85' lang='lat' dir='ltr'>pe-</span> 
     </span>
     <span class='ocr_line' id='line_1_45' title="bbox 1132 895 2130 946; baseline 0.01 -20"><span class='ocrx_word' id='word_1_380' title='bbox 1132 897 1199 927; x_wconf 83' lang='lat' dir='ltr'>culo</span> <span class='ocrx_word' id='word_1_381' title='bbox 1208 895 1378 938; x_wconf 73' lang='lat' dir='ltr'>Historiali</span> <span class='ocrx_word' id='word_1_382' title='bbox 1389 896 1441 930; x_wconf 88' lang='lat' dir='ltr'>lib.</span> <span class='ocrx_word' id='word_1_383' title='bbox 1456 908 1507 938; x_wconf 72' lang='lat'>30.</span> <span class='ocrx_word' id='word_1_384' title='bbox 1514 908 1573 938; x_wconf 72' lang='lat' dir='ltr'>c-7,</span> <span class='ocrx_word' id='word_1_385' title='bbox 1582 910 1718 942; x_wconf 87' lang='lat' dir='ltr'>quorum</span> <span class='ocrx_word' id='word_1_386' title='bbox 1727 903 1824 941; x_wconf 82' lang='lat' dir='ltr'>etiam</span> <span class='ocrx_word' id='word_1_387' title='bbox 1833 905 1980 935; x_wconf 79' lang='lat' dir='ltr'>meminit</span> <span class='ocrx_word' id='word_1_388' title='bbox 1992 903 2098 946; x_wconf 77' lang='lat' dir='ltr'>Eymei</span> <span class='ocrx_word' id='word_1_389' title='bbox 2106 909 2130 936; x_wconf 76' lang='lat' dir='ltr'>i-</span> 
     </span>
     <span class='ocr_line' id='line_1_46' title="bbox 1132 941 2129 986; baseline 0.009 -15"><span class='ocrx_word' id='word_1_390' title='bbox 1132 949 1188 971; x_wconf 89' lang='lat' dir='ltr'>cus</span> <span class='ocrx_word' id='word_1_391' title='bbox 1197 942 1230 972; x_wconf 83' lang='lat' dir='ltr'>in</span> <span class='ocrx_word' id='word_1_392' title='bbox 1239 941 1394 973; x_wconf 62' lang='lat' dir='ltr'>Direilor.</span> <span class='ocrx_word' id='word_1_393' title='bbox 1404 943 1545 986; x_wconf 75' lang='lat' dir='ltr'>lnquifit.</span> <span class='ocrx_word' id='word_1_394' title='bbox 1553 952 1668 983; x_wconf 67' lang='lat' dir='ltr'>parm.</span> <span class='ocrx_word' id='word_1_395' title='bbox 1679 954 1706 983; x_wconf 77' lang='lat' dir='ltr'>q.</span> <span class='ocrx_word' id='word_1_396' title='bbox 1718 953 1746 982; x_wconf 94' lang='lat'>7.</span> <span class='ocrx_word' id='word_1_397' title='bbox 1755 957 1784 976; x_wconf 87' lang='lat' dir='ltr'>n.</span> <span class='ocrx_word' id='word_1_398' title='bbox 1796 955 1822 986; x_wconf 81' lang='lat'>3.</span> <span class='ocrx_word' id='word_1_399' title='bbox 1831 947 1864 977; x_wconf 91' lang='lat'><strong>&amp;</strong></span> <span class='ocrx_word' id='word_1_400' title='bbox 1875 948 2044 979; x_wconf 86' lang='lat' dir='ltr'>nonnullos</span> <span class='ocrx_word' id='word_1_401' title='bbox 2053 949 2129 980; x_wconf 86' lang='lat' dir='ltr'>refe-</span> 
     </span>
     <span class='ocr_line' id='line_1_47' title="bbox 1132 984 2127 1032; baseline 0.008 -19"><span class='ocrx_word' id='word_1_402' title='bbox 1132 992 1205 1015; x_wconf 88' lang='lat' dir='ltr'>runt</span> <span class='ocrx_word' id='word_1_403' title='bbox 1213 984 1393 1017; x_wconf 74' lang='lat' dir='ltr'>Genebrard</span> <span class='ocrx_word' id='word_1_404' title='bbox 1399 995 1432 1017; x_wconf 87' lang='lat' dir='ltr'>us</span> <span class='ocrx_word' id='word_1_405' title='bbox 1443 986 1464 1018; x_wconf 90' lang='lat' dir='ltr'>l.</span> <span class='ocrx_word' id='word_1_406' title='bbox 1473 997 1503 1027; x_wconf 86' lang='lat'>4.</span> <span class='ocrx_word' id='word_1_407' title='bbox 1514 988 1544 1018; x_wconf 85' lang='lat' dir='ltr'><em>E</em></span> <span class='ocrx_word' id='word_1_408' title='bbox 1546 987 1782 1032; x_wconf 73' lang='lat' dir='ltr'>tymologiarum</span> <span class='ocrx_word' id='word_1_409' title='bbox 1792 1008 1802 1023; x_wconf 86' lang='lat'>,</span> <span class='ocrx_word' id='word_1_410' title='bbox 1825 988 1855 1021; x_wconf 88' lang='lat' dir='ltr'>S.</span> <span class='ocrx_word' id='word_1_411' title='bbox 1866 990 2048 1023; x_wconf 82' lang='lat' dir='ltr'>Antoninus</span> <span class='ocrx_word' id='word_1_412' title='bbox 2059 1003 2088 1030; x_wconf 72' lang='lat'>4.</span> <span class='ocrx_word' id='word_1_413' title='bbox 2097 1000 2127 1032; x_wconf 81' lang='lat' dir='ltr'>p.</span> 
     </span>
     <span class='ocr_line' id='line_1_48' title="bbox 1133 1028 2127 1071; baseline 0.007 -14"><span class='ocrx_word' id='word_1_414' title='bbox 1133 1028 1184 1057; x_wconf 85' lang='lat' dir='ltr'>tit.</span> <span class='ocrx_word' id='word_1_415' title='bbox 1197 1036 1209 1058; x_wconf 93' lang='lat'>1</span> <span class='ocrx_word' id='word_1_416' title='bbox 1219 1037 1243 1058; x_wconf 87' lang='lat' dir='ltr'>t.</span> <span class='ocrx_word' id='word_1_417' title='bbox 1254 1036 1317 1067; x_wconf 77' lang='lat' dir='ltr'>cap.</span> <span class='ocrx_word' id='word_1_418' title='bbox 1328 1037 1357 1066; x_wconf 87' lang='lat'>7.</span> <span class='ocrx_word' id='word_1_419' title='bbox 1367 1030 1393 1066; x_wconf 86' lang='lat'>§.</span> <span class='ocrx_word' id='word_1_420' title='bbox 1409 1038 1434 1060; x_wconf 87' lang='lat'>1.</span> <span class='ocrx_word' id='word_1_421' title='bbox 1444 1029 1527 1071; x_wconf 75' lang='lat' dir='ltr'>verfi</span> <span class='ocrx_word' id='word_1_422' title='bbox 1536 1029 1724 1069; x_wconf 70' lang='lat' dir='ltr'>Reprobatur</span> <span class='ocrx_word' id='word_1_423' title='bbox 1732 1034 1825 1065; x_wconf 83' lang='lat' dir='ltr'>etiam</span> <span class='ocrx_word' id='word_1_424' title='bbox 1833 1052 1843 1068; x_wconf 84' lang='lat'>‚</span> <span class='ocrx_word' id='word_1_425' title='bbox 1866 1032 2010 1065; x_wconf 82' lang='lat' dir='ltr'>Hostien.</span> <span class='ocrx_word' id='word_1_426' title='bbox 2020 1033 2070 1066; x_wconf 81' lang='lat' dir='ltr'>hic</span> <span class='ocrx_word' id='word_1_427' title='bbox 2080 1047 2127 1066; x_wconf 87' lang='lat' dir='ltr'>nu.</span> 
     </span>
     <span class='ocr_line' id='line_1_49' title="bbox 1137 1068 2128 1114; baseline 0.007 -14"><span class='ocrx_word' id='word_1_428' title='bbox 1137 1073 1184 1100; x_wconf 90' lang='lat'>16.</span> <span class='ocrx_word' id='word_1_429' title='bbox 1196 1068 1234 1102; x_wconf 52' lang='lat'>6⁹</span> <span class='ocrx_word' id='word_1_430' title='bbox 1244 1081 1292 1101; x_wconf 80' lang='lat'>22.</span> <span class='ocrx_word' id='word_1_431' title='bbox 1301 1071 1345 1112; x_wconf 68' lang='lat' dir='ltr'>jo.</span> <span class='ocrx_word' id='word_1_432' title='bbox 1353 1073 1451 1103; x_wconf 88' lang='lat' dir='ltr'>Andr.</span> <span class='ocrx_word' id='word_1_433' title='bbox 1462 1084 1492 1103; x_wconf 85' lang='lat' dir='ltr'>n.</span> <span class='ocrx_word' id='word_1_434' title='bbox 1504 1077 1552 1112; x_wconf 84' lang='lat'>36.</span> <span class='ocrx_word' id='word_1_435' title='bbox 1563 1074 1601 1104; x_wconf 59' lang='grc' dir='ltr'>ἔφ’</span> <span class='ocrx_word' id='word_1_436' title='bbox 1612 1083 1657 1113; x_wconf 80' lang='lat'>37.</span> <span class='ocrx_word' id='word_1_437' title='bbox 1671 1074 1796 1106; x_wconf 89' lang='lat' dir='ltr'>Bellam.</span> <span class='ocrx_word' id='word_1_438' title='bbox 1808 1086 1878 1112; x_wconf 89' lang='lat' dir='ltr'>n..9.</span> <span class='ocrx_word' id='word_1_439' title='bbox 1887 1077 1921 1108; x_wconf 62' lang='grc' dir='ltr'>ὃς</span> <span class='ocrx_word' id='word_1_440' title='bbox 1945 1076 2028 1109; x_wconf 86' lang='lat' dir='ltr'>Butr.</span> <span class='ocrx_word' id='word_1_441' title='bbox 2037 1089 2068 1109; x_wconf 82' lang='lat' dir='ltr'>n.</span> <span class='ocrx_word' id='word_1_442' title='bbox 2081 1088 2128 1114; x_wconf 76' lang='lat'>29.</span> 
     </span>
     <span class='ocr_line' id='line_1_50' title="bbox 1131 1112 2130 1160; baseline 0.008 -17"><span class='ocrx_word' id='word_1_443' title='bbox 1131 1112 1212 1144; x_wconf 88' lang='lat' dir='ltr'>Vide</span> <span class='ocrx_word' id='word_1_444' title='bbox 1220 1123 1311 1144; x_wconf 87' lang='lat' dir='ltr'>notas</span> <span class='ocrx_word' id='word_1_445' title='bbox 1321 1115 1360 1145; x_wconf 85' lang='lat' dir='ltr'>ad</span> <span class='ocrx_word' id='word_1_446' title='bbox 1371 1112 1558 1146; x_wconf 87' lang='lat' dir='ltr'>Concilium</span> <span class='ocrx_word' id='word_1_447' title='bbox 1568 1115 1772 1149; x_wconf 82' lang='lat' dir='ltr'>Lateranense</span> <span class='ocrx_word' id='word_1_448' title='bbox 1786 1118 1841 1150; x_wconf 84' lang='lat' dir='ltr'>lv.</span> <span class='ocrx_word' id='word_1_449' title='bbox 1854 1127 1926 1151; x_wconf 88' lang='lat' dir='ltr'>tom.</span> <span class='ocrx_word' id='word_1_450' title='bbox 1939 1129 1965 1160; x_wconf 87' lang='lat'>3.</span> <span class='ocrx_word' id='word_1_451' title='bbox 1976 1122 2130 1153; x_wconf 81' lang='lat' dir='ltr'>Concilio-</span> 
     </span>
     <span class='ocr_line' id='line_1_51' title="bbox 1129 1158 1670 1197; baseline 0.002 -10"><span class='ocrx_word' id='word_1_452' title='bbox 1129 1165 1197 1188; x_wconf 87' lang='lat' dir='ltr'>rum</span> <span class='ocrx_word' id='word_1_453' title='bbox 1207 1175 1220 1191; x_wconf 65' lang='lat'><em>2</em></span> <span class='ocrx_word' id='word_1_454' title='bbox 1233 1163 1302 1197; x_wconf 87' lang='lat' dir='ltr'>par.</span> <span class='ocrx_word' id='word_1_455' title='bbox 1314 1168 1340 1188; x_wconf 89' lang='lat'>2.</span> <span class='ocrx_word' id='word_1_456' title='bbox 1347 1165 1418 1197; x_wconf 79' lang='lat' dir='ltr'>pag.</span> <span class='ocrx_word' id='word_1_457' title='bbox 1430 1161 1502 1196; x_wconf 61' lang='lat' dir='ltr'><em>6J7.</em></span> <span class='ocrx_word' id='word_1_458' title='bbox 1512 1158 1624 1191; x_wconf 77' lang='lat' dir='ltr'>littera</span> <span class='ocrx_word' id='word_1_459' title='bbox 1634 1160 1670 1190; x_wconf 87' lang='lat' dir='ltr'>F.</span> 
     </span>
    </p>
   </div>
   <div class='ocr_carea' id='block_1_4' title="bbox 102 1247 2131 1269">
    <p class='ocr_par' dir='ltr' id='par_1_4' title="bbox 102 1247 2131 1269">
     <span class='ocr_line' id='line_1_52' title="bbox 102 1247 2131 1269; baseline 0 2395"><span class='ocrx_word' id='word_1_460' title='bbox 102 1247 2131 1269; x_wconf 95' lang='lat' dir='ltr'> </span> 
     </span>
    </p>
   </div>
   <div class='ocr_carea' id='block_1_5' title="bbox 377 1307 1850 1490">
    <p class='ocr_par' dir='ltr' id='par_1_5' title="bbox 377 1307 1850 1490">
     <span class='ocr_line' id='line_1_53' title="bbox 377 1307 1850 1368; baseline -0.001 -2"><span class='ocrx_word' id='word_1_461' title='bbox 377 1309 514 1366; x_wconf 91' lang='lat' dir='ltr'>DE</span> <span class='ocrx_word' id='word_1_462' title='bbox 587 1307 1850 1368; x_wconf 85' lang='lat' dir='ltr'><strong>CONSTITUTIONIBUS.</strong></span> 
     </span>
     <span class='ocr_line' id='line_1_54' title="bbox 833 1419 1393 1490; baseline 0.005 -21"><span class='ocrx_word' id='word_1_463' title='bbox 833 1425 914 1469; x_wconf 70' lang='lat' dir='ltr'>Ex</span> <span class='ocrx_word' id='word_1_464' title='bbox 948 1419 1119 1469; x_wconf 63' lang='lat' dir='ltr'>concilio</span> <span class='ocrx_word' id='word_1_465' title='bbox 1147 1421 1363 1490; x_wconf 76' lang='lat' dir='ltr'>Meldenst</span> <span class='ocrx_word' id='word_1_466' title='bbox 1376 1460 1393 1472; x_wconf 75' lang='grc'><strong>.</strong></span> 
     </span>
    </p>
   </div>
   <div class='ocr_carea' id='block_1_6' title="bbox 762 1526 1430 1583">
    <p class='ocr_par' dir='ltr' id='par_1_6' title="bbox 762 1526 1430 1583">
     <span class='ocr_line' id='line_1_55' title="bbox 762 1526 1430 1583; baseline 0 -2"><span class='ocrx_word' id='word_1_467' title='bbox 762 1526 1273 1583; x_wconf 88' lang='lat' dir='ltr'>CAPUT</span> <span class='ocrx_word' id='word_1_468' title='bbox 1389 1528 1430 1582; x_wconf 76' lang='grc' dir='ltr'>Ι.</span> 
     </span>
    </p>
   </div>
   <div class='ocr_carea' id='block_1_7' title="bbox 182 1635 2123 1687">
    <p class='ocr_par' dir='ltr' id='par_1_7' title="bbox 182 1635 2123 1687">
     <span class='ocr_line' id='line_1_56' title="bbox 182 1635 2123 1687; baseline 0.006 -14"><span class='ocrx_word' id='word_1_469' title='bbox 182 1635 369 1676; x_wconf 86' lang='lat' dir='ltr'>Anonum</span> <span class='ocrx_word' id='word_1_470' title='bbox 386 1635 512 1676; x_wconf 88' lang='lat' dir='ltr'>statuta</span> <span class='ocrx_word' id='word_1_471' title='bbox 523 1637 777 1675; x_wconf 82' lang='lat' dir='ltr'>custodiantur</span> <span class='ocrx_word' id='word_1_472' title='bbox 791 1637 836 1676; x_wconf 88' lang='lat' dir='ltr'>ab</span> <span class='ocrx_word' id='word_1_473' title='bbox 845 1638 1045 1676; x_wconf 85' lang='lat' dir='ltr'>omnibus.</span> <span class='ocrx_word' id='word_1_474' title='bbox 1070 1639 1118 1678; x_wconf 86' lang='lat' dir='ltr'>Et</span> <span class='ocrx_word' id='word_1_475' title='bbox 1127 1649 1251 1678; x_wconf 87' lang='lat' dir='ltr'>nemo</span> <span class='ocrx_word' id='word_1_476' title='bbox 1265 1639 1305 1677; x_wconf 89' lang='lat' dir='ltr'>in</span> <span class='ocrx_word' id='word_1_477' title='bbox 1313 1638 1538 1683; x_wconf 61' lang='lat' dir='ltr'>actionibus,</span> <span class='ocrx_word' id='word_1_478' title='bbox 1562 1639 1621 1680; x_wconf 89' lang='lat' dir='ltr'>vel</span> <span class='ocrx_word' id='word_1_479' title='bbox 1629 1639 2043 1687; x_wconf 84' lang='lat' dir='ltr'>judiciisEcclefiasticis</span> <span class='ocrx_word' id='word_1_480' title='bbox 2054 1642 2123 1684; x_wconf 89' lang='lat' dir='ltr'>suo</span> 
     </span>
    </p>
   </div>
   <div class='ocr_carea' id='block_1_8' title="bbox 196 1684 967 1803">
    <p class='ocr_par' dir='ltr' id='par_1_8' title="bbox 196 1684 967 1803">
     <span class='ocr_line' id='line_1_57' title="bbox 196 1684 967 1742; baseline 0.003 -20"><span class='ocrx_word' id='word_1_481' title='bbox 196 1684 316 1742; x_wconf 79' lang='lat' dir='ltr'>sensu,</span> <span class='ocrx_word' id='word_1_482' title='bbox 339 1687 399 1725; x_wconf 91' lang='lat' dir='ltr'>sed</span> <span class='ocrx_word' id='word_1_483' title='bbox 410 1697 544 1725; x_wconf 86' lang='lat' dir='ltr'>eorum</span> <span class='ocrx_word' id='word_1_484' title='bbox 559 1687 940 1725; x_wconf 72' lang='lat' dir='ltr'>auctoritateducatur</span> <span class='ocrx_word' id='word_1_485' title='bbox 955 1712 967 1724; x_wconf 89' lang='lat'><strong>.</strong></span> 
     </span>
     <span class='ocr_line' id='line_1_58' title="bbox 347 1768 829 1803; baseline -0.002 -2"><span class='ocrx_word' id='word_1_486' title='bbox 347 1771 372 1801; x_wconf 91' lang='lat' dir='ltr'><em>S</em></span> <span class='ocrx_word' id='word_1_487' title='bbox 393 1768 427 1802; x_wconf 90' lang='lat' dir='ltr'><em>U</em></span> <span class='ocrx_word' id='word_1_488' title='bbox 443 1771 494 1802; x_wconf 91' lang='lat' dir='ltr'><em>M</em></span> <span class='ocrx_word' id='word_1_489' title='bbox 510 1772 562 1803; x_wconf 93' lang='lat' dir='ltr'><em>M</em></span> <span class='ocrx_word' id='word_1_490' title='bbox 576 1771 613 1802; x_wconf 94' lang='lat' dir='ltr'><em>A</em></span> <span class='ocrx_word' id='word_1_491' title='bbox 636 1772 662 1803; x_wconf 82' lang='lat' dir='ltr'><em>R</em></span> <span class='ocrx_word' id='word_1_492' title='bbox 683 1772 704 1802; x_wconf 90' lang='lat' dir='ltr'><em>I</em></span> <span class='ocrx_word' id='word_1_493' title='bbox 718 1769 752 1803; x_wconf 93' lang='lat' dir='ltr'><strong><em>U</em></strong></span> <span class='ocrx_word' id='word_1_494' title='bbox 768 1773 829 1803; x_wconf 89' lang='lat' dir='ltr'>M.</span> 
     </span>
    </p>
   </div>
   <div class='ocr_carea' id='block_1_9' title="bbox 103 1853 1087 3481">
    <p class='ocr_par' dir='ltr' id='par_1_9' title="bbox 138 1853 1086 1933">
     <span class='ocr_line' id='line_1_59' title="bbox 138 1853 1086 1933; baseline 0.003 -46"><span class='ocrx_word' id='word_1_495' title='bbox 138 1863 152 1887; x_wconf 85' lang='lat'>1</span> <span class='ocrx_word' id='word_1_496' title='bbox 175 1853 484 1933; x_wconf 69' lang='lat' dir='ltr'>INtellelZusvarii</span> <span class='ocrx_word' id='word_1_497' title='bbox 491 1855 532 1888; x_wconf 90' lang='lat' dir='ltr'>ad</span> <span class='ocrx_word' id='word_1_498' title='bbox 539 1854 591 1889; x_wconf 86' lang='lat' dir='ltr'>hoc</span> <span class='ocrx_word' id='word_1_499' title='bbox 599 1858 798 1897; x_wconf 71' lang='lat' dir='ltr'>Capitulum,</span> <span class='ocrx_word' id='word_1_500' title='bbox 818 1855 859 1889; x_wconf 65' lang='grc' dir='ltr'>Φ·</span> <span class='ocrx_word' id='word_1_501' title='bbox 873 1855 1086 1900; x_wconf 62' lang='lat' dir='ltr'>n-,seqq-usquc</span> 
     </span>
     <span class='ocr_line' id='line_1_60' title="bbox 227 1895 421 1929; baseline 0 -1"><span class='ocrx_word' id='word_1_502' title='bbox 227 1895 269 1928; x_wconf 79' lang='lat' dir='ltr'>ad</span> <span class='ocrx_word' id='word_1_503' title='bbox 279 1908 359 1928; x_wconf 86' lang='lat' dir='ltr'>num.</span> <span class='ocrx_word' id='word_1_504' title='bbox 374 1908 421 1929; x_wconf 81' lang='lat' dir='ltr'>ro.</span> 
     </span>
    </p>

    <p class='ocr_par' dir='ltr' id='par_1_10' title="bbox 176 1939 1087 2025">
     <span class='ocr_line' id='line_1_61' title="bbox 176 1939 1087 1986; baseline 0.002 -14"><span class='ocrx_word' id='word_1_505' title='bbox 176 1943 335 1973; x_wconf 86' lang='lat' dir='ltr'>Canonum</span> <span class='ocrx_word' id='word_1_506' title='bbox 337 1939 458 1982; x_wconf 82' lang='lat' dir='ltr'>statuta</span> <span class='ocrx_word' id='word_1_507' title='bbox 468 1962 479 1976; x_wconf 88' lang='lat'><strong>‚</strong></span> <span class='ocrx_word' id='word_1_508' title='bbox 499 1941 536 1974; x_wconf 84' lang='lat' dir='ltr'>de</span> <span class='ocrx_word' id='word_1_509' title='bbox 546 1940 648 1981; x_wconf 81' lang='lat' dir='ltr'>quibus</span> <span class='ocrx_word' id='word_1_510' title='bbox 665 1945 797 1982; x_wconf 84' lang='lat' dir='ltr'>loquitur</span> <span class='ocrx_word' id='word_1_511' title='bbox 804 1943 860 1977; x_wconf 84' lang='lat' dir='ltr'>haec</span> <span class='ocrx_word' id='word_1_512' title='bbox 881 1943 1066 1986; x_wconf 84' lang='lat' dir='ltr'>Constitutio</span> <span class='ocrx_word' id='word_1_513' title='bbox 1075 1965 1087 1979; x_wconf 81' lang='lat'>,</span> 
     </span>
     <span class='ocr_line' id='line_1_62' title="bbox 220 1983 721 2025; baseline 0.01 -13"><span class='ocrx_word' id='word_1_514' title='bbox 220 1992 289 2020; x_wconf 80' lang='lat' dir='ltr'>quot</span> <span class='ocrx_word' id='word_1_515' title='bbox 303 1983 401 2015; x_wconf 86' lang='lat' dir='ltr'>modis</span> <span class='ocrx_word' id='word_1_516' title='bbox 409 1987 602 2025; x_wconf 82' lang='lat' dir='ltr'>accipiantur</span> <span class='ocrx_word' id='word_1_517' title='bbox 611 2008 620 2022; x_wconf 82' lang='lat'>‚</span> <span class='ocrx_word' id='word_1_518' title='bbox 643 1985 721 2020; x_wconf 82' lang='lat' dir='ltr'>ibid.</span> 
     </span>
    </p>

    <p class='ocr_par' dir='ltr' id='par_1_11' title="bbox 132 2027 996 2070">
     <span class='ocr_line' id='line_1_63' title="bbox 132 2027 996 2070; baseline 0.002 -12"><span class='ocrx_word' id='word_1_519' title='bbox 132 2036 151 2058; x_wconf 86' lang='lat'>2</span> <span class='ocrx_word' id='word_1_520' title='bbox 171 2027 324 2066; x_wconf 67' lang='lat' dir='ltr'>Praecepta</span> <span class='ocrx_word' id='word_1_521' title='bbox 333 2029 464 2059; x_wconf 87' lang='lat' dir='ltr'>moralia</span> <span class='ocrx_word' id='word_1_522' title='bbox 474 2030 550 2067; x_wconf 84' lang='lat' dir='ltr'>legis</span> <span class='ocrx_word' id='word_1_523' title='bbox 560 2033 674 2062; x_wconf 84' lang='lat' dir='ltr'>veteris</span> <span class='ocrx_word' id='word_1_524' title='bbox 684 2027 893 2061; x_wconf 61' lang='lat' dir='ltr'>immutabilia</span> <span class='ocrx_word' id='word_1_525' title='bbox 902 2029 978 2070; x_wconf 62' lang='lat' dir='ltr'>fient</span> <span class='ocrx_word' id='word_1_526' title='bbox 988 2051 996 2059; x_wconf 88' lang='lat'><strong>.</strong></span> 
     </span>
    </p>

    <p class='ocr_par' dir='ltr' id='par_1_12' title="bbox 133 2071 1083 2194">
     <span class='ocr_line' id='line_1_64' title="bbox 133 2071 1083 2114; baseline 0.001 -13"><span class='ocrx_word' id='word_1_527' title='bbox 133 2078 150 2111; x_wconf 86' lang='lat'>3</span> <span class='ocrx_word' id='word_1_528' title='bbox 172 2071 324 2109; x_wconf 79' lang='lat' dir='ltr'>Praecepta</span> <span class='ocrx_word' id='word_1_529' title='bbox 345 2073 565 2102; x_wconf 65' lang='lat' dir='ltr'>caeremonialia</span> <span class='ocrx_word' id='word_1_530' title='bbox 577 2071 704 2113; x_wconf 81' lang='lat' dir='ltr'>fuerunt</span> <span class='ocrx_word' id='word_1_531' title='bbox 714 2075 794 2104; x_wconf 70' lang='lat' dir='ltr'>viva</span> <span class='ocrx_word' id='word_1_532' title='bbox 812 2072 896 2114; x_wconf 79' lang='lat' dir='ltr'>ufi1uc</span> <span class='ocrx_word' id='word_1_533' title='bbox 916 2072 959 2103; x_wconf 87' lang='lat' dir='ltr'>ad</span> <span class='ocrx_word' id='word_1_534' title='bbox 976 2072 1083 2114; x_wconf 65' lang='lat' dir='ltr'>paffio-</span> 
     </span>
     <span class='ocr_line' id='line_1_65' title="bbox 216 2110 1082 2157; baseline 0.002 -14"><span class='ocrx_word' id='word_1_535' title='bbox 216 2123 285 2144; x_wconf 81' lang='lat' dir='ltr'>nem</span> <span class='ocrx_word' id='word_1_536' title='bbox 301 2110 436 2152; x_wconf 74' lang='lat' dir='ltr'>Christi,</span> <span class='ocrx_word' id='word_1_537' title='bbox 457 2123 578 2145; x_wconf 86' lang='lat' dir='ltr'>mortua</span> <span class='ocrx_word' id='word_1_538' title='bbox 599 2114 756 2155; x_wconf 80' lang='lat' dir='ltr'>deinceps,</span> <span class='ocrx_word' id='word_1_539' title='bbox 779 2114 817 2146; x_wconf 57' lang='grc' dir='ltr'>ῥ’</span> <span class='ocrx_word' id='word_1_540' title='bbox 836 2113 1000 2154; x_wconf 82' lang='lat' dir='ltr'>mortifera</span> <span class='ocrx_word' id='word_1_541' title='bbox 1019 2113 1082 2157; x_wconf 87' lang='lat' dir='ltr'>post</span> 
     </span>
     <span class='ocr_line' id='line_1_66' title="bbox 216 2152 669 2194; baseline 0.007 -9"><span class='ocrx_word' id='word_1_542' title='bbox 216 2152 463 2192; x_wconf 81' lang='lat' dir='ltr'>divulgationem</span> <span class='ocrx_word' id='word_1_543' title='bbox 482 2158 649 2194; x_wconf 82' lang='lat' dir='ltr'>Euangelii</span> <span class='ocrx_word' id='word_1_544' title='bbox 659 2179 669 2187; x_wconf 76' lang='grc'><strong>.</strong></span> 
     </span>
    </p>

    <p class='ocr_par' dir='ltr' id='par_1_13' title="bbox 129 2195 1080 2314">
     <span class='ocr_line' id='line_1_67' title="bbox 129 2195 1080 2241; baseline 0.004 -12"><span class='ocrx_word' id='word_1_545' title='bbox 129 2207 150 2239; x_wconf 75' lang='lat'>4</span> <span class='ocrx_word' id='word_1_546' title='bbox 169 2199 323 2236; x_wconf 67' lang='lat' dir='ltr'>Praecepta</span> <span class='ocrx_word' id='word_1_547' title='bbox 332 2195 494 2234; x_wconf 73' lang='lat' dir='ltr'>judicialia</span> <span class='ocrx_word' id='word_1_548' title='bbox 503 2209 652 2231; x_wconf 84' lang='lat' dir='ltr'>evacuata</span> <span class='ocrx_word' id='word_1_549' title='bbox 661 2199 736 2241; x_wconf 72' lang='lat' dir='ltr'>sunt</span> <span class='ocrx_word' id='word_1_550' title='bbox 743 2208 798 2239; x_wconf 88' lang='lat' dir='ltr'>per</span> <span class='ocrx_word' id='word_1_551' title='bbox 807 2198 977 2233; x_wconf 87' lang='lat' dir='ltr'>adventum</span> <span class='ocrx_word' id='word_1_552' title='bbox 988 2205 1015 2234; x_wconf 91' lang='lat' dir='ltr'><em>C</em></span> <span class='ocrx_word' id='word_1_553' title='bbox 1015 2200 1080 2233; x_wconf 81' lang='lat' dir='ltr'>hri-</span> 
     </span>
     <span class='ocr_line' id='line_1_68' title="bbox 207 2238 1080 2287; baseline 0.009 -16"><span class='ocrx_word' id='word_1_554' title='bbox 207 2238 271 2282; x_wconf 75' lang='lat' dir='ltr'>sti,</span> <span class='ocrx_word' id='word_1_555' title='bbox 294 2239 331 2272; x_wconf 55' lang='grc' dir='ltr'>ό·</span> <span class='ocrx_word' id='word_1_556' title='bbox 352 2242 492 2279; x_wconf 76' lang='lat' dir='ltr'>quamvis</span> <span class='ocrx_word' id='word_1_557' title='bbox 512 2252 570 2273; x_wconf 83' lang='lat' dir='ltr'>non</span> <span class='ocrx_word' id='word_1_558' title='bbox 587 2242 654 2285; x_wconf 85' lang='lat' dir='ltr'>fint</span> <span class='ocrx_word' id='word_1_559' title='bbox 674 2242 838 2287; x_wconf 85' lang='lat' dir='ltr'>mortifera</span> <span class='ocrx_word' id='word_1_560' title='bbox 856 2265 866 2279; x_wconf 89' lang='lat'>,</span> <span class='ocrx_word' id='word_1_561' title='bbox 879 2244 956 2285; x_wconf 78' lang='lat' dir='ltr'>sunt</span> <span class='ocrx_word' id='word_1_562' title='bbox 974 2254 1080 2278; x_wconf 82' lang='lat' dir='ltr'>tamen</span> 
     </span>
     <span class='ocr_line' id='line_1_69' title="bbox 214 2292 352 2314; baseline 0.007 -1"><span class='ocrx_word' id='word_1_563' title='bbox 214 2292 333 2314; x_wconf 89' lang='lat' dir='ltr'>mortua</span> <span class='ocrx_word' id='word_1_564' title='bbox 343 2306 352 2313; x_wconf 87' lang='lat'><em>.</em></span> 
     </span>
    </p>

    <p class='ocr_par' dir='ltr' id='par_1_14' title="bbox 130 2324 1082 2411">
     <span class='ocr_line' id='line_1_70' title="bbox 130 2324 1082 2371; baseline 0.008 -14"><span class='ocrx_word' id='word_1_565' title='bbox 130 2334 146 2367; x_wconf 87' lang='lat'><em>5</em></span> <span class='ocrx_word' id='word_1_566' title='bbox 169 2324 312 2369; x_wconf 85' lang='lat' dir='ltr'>Infideles</span> <span class='ocrx_word' id='word_1_567' title='bbox 331 2325 374 2358; x_wconf 87' lang='lat' dir='ltr'>ad</span> <span class='ocrx_word' id='word_1_568' title='bbox 388 2326 507 2368; x_wconf 85' lang='lat' dir='ltr'>fidem,</span> <span class='ocrx_word' id='word_1_569' title='bbox 528 2327 566 2360; x_wconf 61' lang='grc' dir='ltr'>(ῥ’</span> <span class='ocrx_word' id='word_1_570' title='bbox 582 2327 809 2370; x_wconf 75' lang='lat' dir='ltr'>observantiam</span> <span class='ocrx_word' id='word_1_571' title='bbox 826 2342 907 2363; x_wconf 82' lang='lat' dir='ltr'>novae</span> <span class='ocrx_word' id='word_1_572' title='bbox 923 2331 1001 2371; x_wconf 78' lang='lat' dir='ltr'>legis</span> <span class='ocrx_word' id='word_1_573' title='bbox 1019 2344 1082 2365; x_wconf 80' lang='lat' dir='ltr'>non</span> 
     </span>
     <span class='ocr_line' id='line_1_71' title="bbox 213 2369 759 2411; baseline 0.004 -10"><span class='ocrx_word' id='word_1_574' title='bbox 213 2379 355 2408; x_wconf 87' lang='lat' dir='ltr'>coguntur</span> <span class='ocrx_word' id='word_1_575' title='bbox 362 2373 462 2402; x_wconf 84' lang='lat' dir='ltr'>inviti</span> <span class='ocrx_word' id='word_1_576' title='bbox 470 2391 480 2406; x_wconf 91' lang='lat'>‚</span> <span class='ocrx_word' id='word_1_577' title='bbox 502 2369 541 2403; x_wconf 63' lang='grc' dir='ltr'>ὠ·</span> <span class='ocrx_word' id='word_1_578' title='bbox 549 2383 578 2403; x_wconf 88' lang='lat' dir='ltr'>n.</span> <span class='ocrx_word' id='word_1_579' title='bbox 588 2378 640 2411; x_wconf 78' lang='lat'>78.</span> <span class='ocrx_word' id='word_1_580' title='bbox 650 2372 686 2405; x_wconf 51' lang='grc' dir='ltr'>(ἓ</span> <span class='ocrx_word' id='word_1_581' title='bbox 708 2377 759 2405; x_wconf 73' lang='grc'>88.</span> 
     </span>
    </p>

    <p class='ocr_par' dir='ltr' id='par_1_15' title="bbox 127 2410 1076 2537">
     <span class='ocr_line' id='line_1_72' title="bbox 127 2410 1075 2454; baseline 0.009 -12"><span class='ocrx_word' id='word_1_582' title='bbox 127 2415 147 2445; x_wconf 90' lang='lat'>6</span> <span class='ocrx_word' id='word_1_583' title='bbox 169 2410 402 2453; x_wconf 78' lang='lat' dir='ltr'>Constitutiones</span> <span class='ocrx_word' id='word_1_584' title='bbox 423 2416 579 2447; x_wconf 82' lang='lat' dir='ltr'>Canonum</span> <span class='ocrx_word' id='word_1_585' title='bbox 589 2416 689 2454; x_wconf 78' lang='lat' dir='ltr'>ligant</span> <span class='ocrx_word' id='word_1_586' title='bbox 708 2428 829 2451; x_wconf 86' lang='lat' dir='ltr'>omnes,</span> <span class='ocrx_word' id='word_1_587' title='bbox 851 2416 889 2449; x_wconf 62' lang='grc' dir='ltr'>(ῥ’</span> <span class='ocrx_word' id='word_1_588' title='bbox 905 2429 1003 2450; x_wconf 83' lang='lat' dir='ltr'>eorum</span> <span class='ocrx_word' id='word_1_589' title='bbox 1013 2421 1075 2451; x_wconf 76' lang='lat' dir='ltr'>ritu</span> 
     </span>
     <span class='ocr_line' id='line_1_73' title="bbox 214 2457 1076 2503; baseline 0.01 -17"><span class='ocrx_word' id='word_1_590' title='bbox 214 2465 278 2487; x_wconf 69' lang='lat' dir='ltr'>tam</span> <span class='ocrx_word' id='word_1_591' title='bbox 286 2457 319 2486; x_wconf 90' lang='lat' dir='ltr'>in</span> <span class='ocrx_word' id='word_1_592' title='bbox 325 2457 527 2496; x_wconf 82' lang='lat' dir='ltr'>procedendo,</span> <span class='ocrx_word' id='word_1_593' title='bbox 547 2458 637 2498; x_wconf 76' lang='lat' dir='ltr'>quam</span> <span class='ocrx_word' id='word_1_594' title='bbox 653 2462 686 2492; x_wconf 87' lang='lat' dir='ltr'>in</span> <span class='ocrx_word' id='word_1_595' title='bbox 697 2459 862 2493; x_wconf 81' lang='lat' dir='ltr'>decidendo</span> <span class='ocrx_word' id='word_1_596' title='bbox 875 2461 990 2500; x_wconf 79' lang='lat' dir='ltr'>judicia</span> <span class='ocrx_word' id='word_1_597' title='bbox 1001 2462 1076 2503; x_wconf 64' lang='lat' dir='ltr'>fiaent</span> 
     </span>
     <span class='ocr_line' id='line_1_74' title="bbox 214 2498 405 2537; baseline 0.01 -8"><span class='ocrx_word' id='word_1_598' title='bbox 214 2498 384 2537; x_wconf 70' lang='lat' dir='ltr'>regulanda</span> <span class='ocrx_word' id='word_1_599' title='bbox 395 2522 405 2530; x_wconf 84' lang='lat'><strong>.</strong></span> 
     </span>
    </p>

    <p class='ocr_par' dir='ltr' id='par_1_16' title="bbox 125 2541 1075 2622">
     <span class='ocr_line' id='line_1_75' title="bbox 125 2541 1075 2590; baseline 0.009 -18"><span class='ocrx_word' id='word_1_600' title='bbox 125 2549 147 2581; x_wconf 90' lang='grc'>7</span> <span class='ocrx_word' id='word_1_601' title='bbox 169 2542 313 2574; x_wconf 47' lang='lat' dir='ltr'>Actionis</span> <span class='ocrx_word' id='word_1_602' title='bbox 336 2541 462 2575; x_wconf 78' lang='lat' dir='ltr'>verbum</span> <span class='ocrx_word' id='word_1_603' title='bbox 481 2543 530 2577; x_wconf 77' lang='lat' dir='ltr'>hic</span> <span class='ocrx_word' id='word_1_604' title='bbox 547 2546 680 2589; x_wconf 70' lang='lat' dir='ltr'>pofitum</span> <span class='ocrx_word' id='word_1_605' title='bbox 700 2558 754 2587; x_wconf 87' lang='lat' dir='ltr'>quo</span> <span class='ocrx_word' id='word_1_606' title='bbox 763 2547 853 2590; x_wconf 59' lang='lat' dir='ltr'>sensti</span> <span class='ocrx_word' id='word_1_607' title='bbox 874 2551 1042 2590; x_wconf 75' lang='lat' dir='ltr'>accipiatur</span> <span class='ocrx_word' id='word_1_608' title='bbox 1063 2570 1075 2586; x_wconf 81' lang='lat'>,</span> 
     </span>
     <span class='ocr_line' id='line_1_76' title="bbox 213 2590 402 2622; baseline -0.011 -5"><span class='ocrx_word' id='word_1_609' title='bbox 213 2590 253 2617; x_wconf 62' lang='grc' dir='ltr'>δ’</span> <span class='ocrx_word' id='word_1_610' title='bbox 271 2596 353 2617; x_wconf 82' lang='lat' dir='ltr'>num.</span> <span class='ocrx_word' id='word_1_611' title='bbox 374 2596 402 2622; x_wconf 89' lang='lat'>9.</span> 
     </span>
    </p>

    <p class='ocr_par' dir='ltr' id='par_1_17' title="bbox 126 2628 1071 2719">
     <span class='ocr_line' id='line_1_77' title="bbox 126 2628 1071 2677; baseline 0.013 -20"><span class='ocrx_word' id='word_1_612' title='bbox 126 2630 145 2662; x_wconf 91' lang='lat'><strong>8</strong></span> <span class='ocrx_word' id='word_1_613' title='bbox 167 2631 307 2675; x_wconf 72' lang='lat' dir='ltr'>Canones</span> <span class='ocrx_word' id='word_1_614' title='bbox 318 2628 491 2670; x_wconf 69' lang='lat' dir='ltr'>0r.msgrcdi</span> <span class='ocrx_word' id='word_1_615' title='bbox 502 2633 639 2665; x_wconf 80' lang='lat' dir='ltr'>nonlicet</span> <span class='ocrx_word' id='word_1_616' title='bbox 646 2636 680 2665; x_wconf 90' lang='lat' dir='ltr'>in</span> <span class='ocrx_word' id='word_1_617' title='bbox 690 2636 721 2666; x_wconf 86' lang='lat' dir='ltr'><em>E</em></span> <span class='ocrx_word' id='word_1_618' title='bbox 722 2636 784 2667; x_wconf 78' lang='lat' dir='ltr'>cele</span> <span class='ocrx_word' id='word_1_619' title='bbox 797 2633 915 2677; x_wconf 79' lang='lat' dir='ltr'>tasticis</span> <span class='ocrx_word' id='word_1_620' title='bbox 924 2638 1053 2676; x_wconf 82' lang='lat' dir='ltr'>negotiis</span> <span class='ocrx_word' id='word_1_621' title='bbox 1062 2657 1071 2672; x_wconf 80' lang='lat'>‚</span> 
     </span>
     <span class='ocr_line' id='line_1_78' title="bbox 211 2672 858 2719; baseline 0.011 -16"><span class='ocrx_word' id='word_1_622' title='bbox 211 2673 263 2703; x_wconf 86' lang='lat' dir='ltr'>vel</span> <span class='ocrx_word' id='word_1_623' title='bbox 270 2672 413 2710; x_wconf 38' lang='lat' dir='ltr'>¹“iici&#39;a&#39;ftt&#39;s,</span> <span class='ocrx_word' id='word_1_624' title='bbox 433 2672 473 2705; x_wconf 60' lang='grc' dir='ltr'>ὠ·</span> <span class='ocrx_word' id='word_1_625' title='bbox 476 2677 630 2713; x_wconf 80' lang='lat' dir='ltr'>proprium</span> <span class='ocrx_word' id='word_1_626' title='bbox 631 2676 750 2719; x_wconf 86' lang='lat' dir='ltr'>sensum</span> <span class='ocrx_word' id='word_1_627' title='bbox 775 2688 858 2716; x_wconf 79' lang='lat' dir='ltr'>equi.</span> 
     </span>
    </p>

    <p class='ocr_par' dir='ltr' id='par_1_18' title="bbox 126 2713 1073 2807">
     <span class='ocr_line' id='line_1_79' title="bbox 126 2713 1073 2764; baseline 0.012 -19"><span class='ocrx_word' id='word_1_628' title='bbox 126 2723 146 2752; x_wconf 88' lang='lat'>9</span> <span class='ocrx_word' id='word_1_629' title='bbox 167 2713 405 2757; x_wconf 69' lang='lat' dir='ltr'>constitutiones</span> <span class='ocrx_word' id='word_1_630' title='bbox 428 2719 586 2749; x_wconf 60' lang='lat' dir='ltr'>canonica</span> <span class='ocrx_word' id='word_1_631' title='bbox 606 2717 644 2750; x_wconf 90' lang='lat' dir='ltr'>ab</span> <span class='ocrx_word' id='word_1_632' title='bbox 671 2721 806 2753; x_wconf 86' lang='lat' dir='ltr'>omnibus</span> <span class='ocrx_word' id='word_1_633' title='bbox 819 2722 896 2763; x_wconf 69' lang='lat' dir='ltr'>fiint</span> <span class='ocrx_word' id='word_1_634' title='bbox 911 2722 1073 2764; x_wconf 64' lang='lat' dir='ltr'>servanda</span> 
     </span>
     <span class='ocr_line' id='line_1_80' title="bbox 210 2759 983 2807; baseline 0.01 -17"><span class='ocrx_word' id='word_1_635' title='bbox 210 2768 276 2790; x_wconf 85' lang='lat' dir='ltr'>tam</span> <span class='ocrx_word' id='word_1_636' title='bbox 284 2759 391 2803; x_wconf 80' lang='lat' dir='ltr'>inforo</span> <span class='ocrx_word' id='word_1_637' title='bbox 402 2770 530 2792; x_wconf 74' lang='lat' dir='ltr'>externo</span> <span class='ocrx_word' id='word_1_638' title='bbox 539 2782 548 2795; x_wconf 93' lang='lat'>,</span> <span class='ocrx_word' id='word_1_639' title='bbox 569 2761 660 2799; x_wconf 64' lang='grc' dir='ltr'>(μάνη</span> <span class='ocrx_word' id='word_1_640' title='bbox 670 2764 778 2806; x_wconf 80' lang='lat' dir='ltr'>inforo</span> <span class='ocrx_word' id='word_1_641' title='bbox 786 2765 967 2807; x_wconf 71' lang='lat' dir='ltr'>conscientie</span> <span class='ocrx_word' id='word_1_642' title='bbox 975 2790 983 2798; x_wconf 88' lang='lat'><strong>.</strong></span> 
     </span>
    </p>

    <p class='ocr_par' dir='ltr' id='par_1_19' title="bbox 105 2802 922 2846">
     <span class='ocr_line' id='line_1_81' title="bbox 105 2802 922 2846; baseline 0.01 -14"><span class='ocrx_word' id='word_1_643' title='bbox 105 2809 144 2833; x_wconf 81' lang='lat'>10</span> <span class='ocrx_word' id='word_1_644' title='bbox 165 2802 340 2846; x_wconf 73' lang='lat' dir='ltr'>Meldenfis</span> <span class='ocrx_word' id='word_1_645' title='bbox 350 2805 483 2835; x_wconf 73' lang='lat' dir='ltr'>Consilii</span> <span class='ocrx_word' id='word_1_646' title='bbox 497 2804 585 2844; x_wconf 69' lang='lat' dir='ltr'>cauſsa</span> <span class='ocrx_word' id='word_1_647' title='bbox 595 2826 604 2840; x_wconf 76' lang='lat'>‚</span> <span class='ocrx_word' id='word_1_648' title='bbox 627 2812 664 2837; x_wconf 65' lang='grc' dir='ltr'>ΕΤ·</span> <span class='ocrx_word' id='word_1_649' title='bbox 673 2808 842 2839; x_wconf 62' lang='lat' dir='ltr'>authoritas</span> <span class='ocrx_word' id='word_1_650' title='bbox 849 2819 906 2846; x_wconf 81' lang='lat' dir='ltr'>quae</span> <span class='ocrx_word' id='word_1_651' title='bbox 915 2831 922 2839; x_wconf 83' lang='lat'>.</span> 
     </span>
    </p>

    <p class='ocr_par' dir='ltr' id='par_1_20' title="bbox 105 2847 1072 2934">
     <span class='ocr_line' id='line_1_82' title="bbox 105 2847 1072 2891; baseline 0.01 -15"><span class='ocrx_word' id='word_1_652' title='bbox 105 2853 117 2876; x_wconf 89' lang='lat'><em>1</em></span> <span class='ocrx_word' id='word_1_653' title='bbox 127 2854 138 2876; x_wconf 91' lang='lat'>1</span> <span class='ocrx_word' id='word_1_654' title='bbox 164 2847 300 2877; x_wconf 74' lang='lat' dir='ltr'>Canonis</span> <span class='ocrx_word' id='word_1_655' title='bbox 307 2859 336 2885; x_wconf 72' lang='grc' dir='ltr'>α,</span> <span class='ocrx_word' id='word_1_656' title='bbox 344 2848 550 2886; x_wconf 78' lang='lat' dir='ltr'>pellationein</span> <span class='ocrx_word' id='word_1_657' title='bbox 558 2849 666 2880; x_wconf 82' lang='lat' dir='ltr'>latiori</span> <span class='ocrx_word' id='word_1_658' title='bbox 677 2849 1000 2891; x_wconf 60' lang='lat' dir='ltr'>figiiifi&#39;cationevenit</span> <span class='ocrx_word' id='word_1_659' title='bbox 1008 2864 1072 2886; x_wconf 88' lang='lat' dir='ltr'>om-</span> 
     </span>
     <span class='ocr_line' id='line_1_83' title="bbox 210 2888 853 2934; baseline 0.008 -15"><span class='ocrx_word' id='word_1_660' title='bbox 210 2891 258 2920; x_wconf 87' lang='lat' dir='ltr'>nis</span> <span class='ocrx_word' id='word_1_661' title='bbox 267 2888 449 2931; x_wconf 53' lang='lat' dir='ltr'>Constitit-‘0</span> <span class='ocrx_word' id='word_1_662' title='bbox 465 2891 676 2934; x_wconf 75' lang='lat' dir='ltr'>Ecclefiastica</span> <span class='ocrx_word' id='word_1_663' title='bbox 687 2914 695 2927; x_wconf 83' lang='lat'>‚</span> <span class='ocrx_word' id='word_1_664' title='bbox 718 2891 754 2926; x_wconf 54' lang='grc' dir='ltr'>ό*</span> <span class='ocrx_word' id='word_1_665' title='bbox 764 2905 792 2924; x_wconf 85' lang='lat' dir='ltr'>n.</span> <span class='ocrx_word' id='word_1_666' title='bbox 809 2897 853 2926; x_wconf 90' lang='lat'>18.</span> 
     </span>
    </p>

    <p class='ocr_par' dir='ltr' id='par_1_21' title="bbox 106 2932 1073 3015">
     <span class='ocr_line' id='line_1_84' title="bbox 106 2932 1073 2983; baseline 0.009 -21"><span class='ocrx_word' id='word_1_667' title='bbox 106 2939 142 2962; x_wconf 89' lang='lat'>12</span> <span class='ocrx_word' id='word_1_668' title='bbox 164 2932 234 2964; x_wconf 70' lang='lat' dir='ltr'>Rex</span> <span class='ocrx_word' id='word_1_669' title='bbox 243 2934 366 2972; x_wconf 69' lang='lat' dir='ltr'>Angli-e</span> <span class='ocrx_word' id='word_1_670' title='bbox 375 2933 540 2977; x_wconf 76' lang='lat' dir='ltr'>fideJure</span> <span class='ocrx_word' id='word_1_671' title='bbox 554 2935 658 2978; x_wconf 70' lang='lat' dir='ltr'>faciat</span> <span class='ocrx_word' id='word_1_672' title='bbox 666 2939 868 2973; x_wconf 83' lang='lat' dir='ltr'>mentionem,</span> <span class='ocrx_word' id='word_1_673' title='bbox 887 2935 1073 2983; x_wconf 84' lang='lat' dir='ltr'>desquure</span> 
     </span>
     <span class='ocr_line' id='line_1_85' title="bbox 212 2978 517 3015; baseline 0 -7"><span class='ocrx_word' id='word_1_674' title='bbox 212 2978 288 3014; x_wconf 81' lang='lat' dir='ltr'>Regi</span> <span class='ocrx_word' id='word_1_675' title='bbox 292 2988 303 3005; x_wconf 74' lang='lat' dir='ltr'>o</span> <span class='ocrx_word' id='word_1_676' title='bbox 314 2979 517 3015; x_wconf 73' lang='lat' dir='ltr'>intelligitur.</span> 
     </span>
    </p>

    <p class='ocr_par' dir='ltr' id='par_1_22' title="bbox 107 3020 1072 3146">
     <span class='ocr_line' id='line_1_86' title="bbox 107 3020 1072 3065; baseline 0.011 -17"><span class='ocrx_word' id='word_1_677' title='bbox 107 3023 142 3056; x_wconf 88' lang='lat'>13</span> <span class='ocrx_word' id='word_1_678' title='bbox 163 3020 191 3050; x_wconf 86' lang='lat' dir='ltr'><em>C</em></span> <span class='ocrx_word' id='word_1_679' title='bbox 193 3022 370 3052; x_wconf 65' lang='lat' dir='ltr'>anciliorum</span> <span class='ocrx_word' id='word_1_680' title='bbox 399 3022 646 3054; x_wconf 60' lang='lat' dir='ltr'>provincialium</span> <span class='ocrx_word' id='word_1_681' title='bbox 665 3023 789 3056; x_wconf 80' lang='lat' dir='ltr'>decreta.</span> <span class='ocrx_word' id='word_1_682' title='bbox 813 3026 846 3056; x_wconf 85' lang='lat' dir='ltr'>in</span> <span class='ocrx_word' id='word_1_683' title='bbox 877 3027 906 3056; x_wconf 87' lang='lat' dir='ltr'><strong><em>G</em></strong></span> <span class='ocrx_word' id='word_1_684' title='bbox 909 3028 1072 3065; x_wconf 75' lang='lat' dir='ltr'>regoriana</span> 
     </span>
     <span class='ocr_line' id='line_1_87' title="bbox 209 3063 1070 3108; baseline 0.01 -15"><span class='ocrx_word' id='word_1_685' title='bbox 209 3064 422 3102; x_wconf 62' lang='lat' dir='ltr'>compilatione</span> <span class='ocrx_word' id='word_1_686' title='bbox 437 3063 554 3105; x_wconf 86' lang='lat' dir='ltr'>inserta</span> <span class='ocrx_word' id='word_1_687' title='bbox 576 3069 639 3098; x_wconf 87' lang='lat' dir='ltr'>vim</span> <span class='ocrx_word' id='word_1_688' title='bbox 658 3065 766 3100; x_wconf 84' lang='lat' dir='ltr'>habent</span> <span class='ocrx_word' id='word_1_689' title='bbox 778 3070 969 3108; x_wconf 84' lang='lat' dir='ltr'>generalium</span> <span class='ocrx_word' id='word_1_690' title='bbox 989 3072 1070 3102; x_wconf 88' lang='lat' dir='ltr'>Con-</span> 
     </span>
     <span class='ocr_line' id='line_1_88' title="bbox 203 3104 415 3146; baseline 0.005 -10"><span class='ocrx_word' id='word_1_691' title='bbox 203 3104 398 3146; x_wconf 78' lang='lat' dir='ltr'>stitutionum</span> <span class='ocrx_word' id='word_1_692' title='bbox 407 3130 415 3137; x_wconf 91' lang='lat'><strong><em>.</em></strong></span> 
     </span>
    </p>

    <p class='ocr_par' dir='ltr' id='par_1_23' title="bbox 108 3146 1072 3279">
     <span class='ocr_line' id='line_1_89' title="bbox 108 3146 1072 3196; baseline 0.013 -21"><span class='ocrx_word' id='word_1_693' title='bbox 108 3151 146 3184; x_wconf 81' lang='lat'>14</span> <span class='ocrx_word' id='word_1_694' title='bbox 166 3146 302 3181; x_wconf 73' lang='lat' dir='ltr'>concilia</span> <span class='ocrx_word' id='word_1_695' title='bbox 319 3152 537 3183; x_wconf 85' lang='lat' dir='ltr'>Provincialia</span> <span class='ocrx_word' id='word_1_696' title='bbox 553 3154 647 3185; x_wconf 86' lang='lat' dir='ltr'>etiam</span> <span class='ocrx_word' id='word_1_697' title='bbox 660 3162 713 3193; x_wconf 87' lang='lat' dir='ltr'>per</span> <span class='ocrx_word' id='word_1_698' title='bbox 728 3154 840 3186; x_wconf 87' lang='lat' dir='ltr'>Sedem</span> <span class='ocrx_word' id='word_1_699' title='bbox 860 3153 1072 3196; x_wconf 77' lang='lat' dir='ltr'>Apostolicam</span> 
     </span>
     <span class='ocr_line' id='line_1_90' title="bbox 210 3190 1070 3240; baseline 0.014 -20"><span class='ocrx_word' id='word_1_700' title='bbox 210 3190 388 3232; x_wconf 76' lang='lat' dir='ltr'>confirmata</span> <span class='ocrx_word' id='word_1_701' title='bbox 397 3215 406 3228; x_wconf 87' lang='lat'>‚</span> <span class='ocrx_word' id='word_1_702' title='bbox 423 3195 611 3234; x_wconf 83' lang='lat' dir='ltr'>regulariter</span> <span class='ocrx_word' id='word_1_703' title='bbox 625 3208 685 3228; x_wconf 84' lang='lat' dir='ltr'>non</span> <span class='ocrx_word' id='word_1_704' title='bbox 692 3195 828 3238; x_wconf 85' lang='lat' dir='ltr'>obligant</span> <span class='ocrx_word' id='word_1_705' title='bbox 840 3209 934 3231; x_wconf 81' lang='lat' dir='ltr'>extra</span> <span class='ocrx_word' id='word_1_706' title='bbox 941 3202 1070 3240; x_wconf 84' lang='lat' dir='ltr'>provin-</span> 
     </span>
     <span class='ocr_line' id='line_1_91' title="bbox 210 3234 496 3279; baseline 0.014 -16"><span class='ocrx_word' id='word_1_707' title='bbox 210 3234 287 3264; x_wconf 86' lang='lat' dir='ltr'>ciam</span> <span class='ocrx_word' id='word_1_708' title='bbox 296 3256 306 3270; x_wconf 85' lang='lat'>‚</span> <span class='ocrx_word' id='word_1_709' title='bbox 327 3236 365 3268; x_wconf 55' lang='grc' dir='ltr'><strong><em>ά</em></strong></span> <span class='ocrx_word' id='word_1_710' title='bbox 381 3238 496 3279; x_wconf 67' lang='grc' dir='ltr'>η,[εςι1.</span> 
     </span>
    </p>

    <p class='ocr_par' dir='ltr' id='par_1_24' title="bbox 104 3273 1067 3351">
     <span class='ocr_line' id='line_1_92' title="bbox 104 3273 1067 3327; baseline 0.016 -22"><span class='ocrx_word' id='word_1_711' title='bbox 104 3281 139 3313; x_wconf 88' lang='lat'>15</span> <span class='ocrx_word' id='word_1_712' title='bbox 161 3276 190 3307; x_wconf 83' lang='lat' dir='ltr'><em>C</em></span> <span class='ocrx_word' id='word_1_713' title='bbox 190 3273 364 3314; x_wconf 77' lang='lat' dir='ltr'>onfirmatio</span> <span class='ocrx_word' id='word_1_714' title='bbox 370 3279 424 3312; x_wconf 79' lang='lat' dir='ltr'>dat</span> <span class='ocrx_word' id='word_1_715' title='bbox 433 3279 524 3313; x_wconf 88' lang='lat' dir='ltr'>robur</span> <span class='ocrx_word' id='word_1_716' title='bbox 536 3283 618 3315; x_wconf 64' lang='lat' dir='ltr'>affui</span> <span class='ocrx_word' id='word_1_717' title='bbox 625 3282 803 3327; x_wconf 83' lang='lat' dir='ltr'>confirmato</span> <span class='ocrx_word' id='word_1_718' title='bbox 812 3305 824 3320; x_wconf 76' lang='lat'>,</span> <span class='ocrx_word' id='word_1_719' title='bbox 837 3284 894 3326; x_wconf 85' lang='lat' dir='ltr'>sed</span> <span class='ocrx_word' id='word_1_720' title='bbox 910 3286 1000 3319; x_wconf 84' lang='lat' dir='ltr'>illum</span> <span class='ocrx_word' id='word_1_721' title='bbox 1008 3299 1067 3320; x_wconf 87' lang='lat' dir='ltr'>non</span> 
     </span>
     <span class='ocr_line' id='line_1_93' title="bbox 212 3319 368 3351; baseline 0.019 -3"><span class='ocrx_word' id='word_1_722' title='bbox 212 3319 368 3351; x_wconf 78' lang='lat' dir='ltr'>extendit.</span> 
     </span>
    </p>

    <p class='ocr_par' dir='ltr' id='par_1_25' title="bbox 104 3361 1021 3412">
     <span class='ocr_line' id='line_1_94' title="bbox 104 3361 1021 3412; baseline 0.013 -19"><span class='ocrx_word' id='word_1_723' title='bbox 104 3363 141 3391; x_wconf 86' lang='lat'>16</span> <span class='ocrx_word' id='word_1_724' title='bbox 164 3362 234 3394; x_wconf 84' lang='lat' dir='ltr'>Rex</span> <span class='ocrx_word' id='word_1_725' title='bbox 241 3364 275 3393; x_wconf 84' lang='lat' dir='ltr'>in</span> <span class='ocrx_word' id='word_1_726' title='bbox 275 3361 332 3412; x_wconf 68' lang='lat' dir='ltr'>fiio</span> <span class='ocrx_word' id='word_1_727' title='bbox 341 3374 430 3409; x_wconf 76' lang='lat' dir='ltr'>regno</span> <span class='ocrx_word' id='word_1_728' title='bbox 438 3367 480 3407; x_wconf 76' lang='lat' dir='ltr'>est</span> <span class='ocrx_word' id='word_1_729' title='bbox 487 3368 662 3402; x_wconf 82' lang='lat' dir='ltr'>Monarcha</span> <span class='ocrx_word' id='word_1_730' title='bbox 672 3391 684 3406; x_wconf 80' lang='lat'><strong>‚</strong></span> <span class='ocrx_word' id='word_1_731' title='bbox 701 3369 741 3404; x_wconf 71' lang='lat'>&amp;⁹</span> <span class='ocrx_word' id='word_1_732' title='bbox 748 3381 843 3404; x_wconf 90' lang='lat' dir='ltr'>totum</span> <span class='ocrx_word' id='word_1_733' title='bbox 850 3375 1006 3405; x_wconf 80' lang='lat' dir='ltr'>continens</span> <span class='ocrx_word' id='word_1_734' title='bbox 1014 3397 1021 3404; x_wconf 92' lang='lat'><em>.</em></span> 
     </span>
    </p>

    <p class='ocr_par' dir='ltr' id='par_1_26' title="bbox 103 3405 1065 3481">
     <span class='ocr_line' id='line_1_95' title="bbox 103 3405 1065 3458; baseline 0.017 -23"><span class='ocrx_word' id='word_1_735' title='bbox 103 3411 142 3440; x_wconf 83' lang='lat'>17</span> <span class='ocrx_word' id='word_1_736' title='bbox 164 3405 251 3444; x_wconf 77' lang='lat' dir='ltr'>Papae</span> <span class='ocrx_word' id='word_1_737' title='bbox 268 3406 434 3456; x_wconf 49' lang='grc' dir='ltr'>ιξινιῙᾷζὶἐῖἰο</span> <span class='ocrx_word' id='word_1_738' title='bbox 448 3422 506 3443; x_wconf 87' lang='lat' dir='ltr'>non</span> <span class='ocrx_word' id='word_1_739' title='bbox 527 3411 722 3455; x_wconf 84' lang='lat' dir='ltr'>restringitur</span> <span class='ocrx_word' id='word_1_740' title='bbox 740 3419 782 3449; x_wconf 89' lang='lat' dir='ltr'>ad</span> <span class='ocrx_word' id='word_1_741' title='bbox 802 3417 919 3450; x_wconf 88' lang='lat' dir='ltr'>limites</span> <span class='ocrx_word' id='word_1_742' title='bbox 938 3417 1065 3458; x_wconf 81' lang='lat' dir='ltr'>alicujus</span> 
     </span>
     <span class='ocr_line' id='line_1_96' title="bbox 209 3456 387 3481; baseline 0.011 -2"><span class='ocrx_word' id='word_1_743' title='bbox 209 3456 361 3481; x_wconf 69' lang='lat' dir='ltr'>territorii</span> <span class='ocrx_word' id='word_1_744' title='bbox 379 3471 387 3480; x_wconf 85' lang='lat'><em>.</em></span> 
     </span>
    </p>
   </div>
   <div class='ocr_carea' id='block_1_10' title="bbox 1129 1769 2125 3449">
    <p class='ocr_par' dir='ltr' id='par_1_27' title="bbox 1149 1769 2125 1859">
     <span class='ocr_line' id='line_1_97' title="bbox 1149 1769 2125 1813; baseline 0.002 -9"><span class='ocrx_word' id='word_1_745' title='bbox 1149 1774 1187 1804; x_wconf 90' lang='lat'>18</span> <span class='ocrx_word' id='word_1_746' title='bbox 1206 1773 1383 1804; x_wconf 85' lang='lat' dir='ltr'>Decretalis</span> <span class='ocrx_word' id='word_1_747' title='bbox 1391 1769 1516 1813; x_wconf 83' lang='lat' dir='ltr'>epistola</span> <span class='ocrx_word' id='word_1_748' title='bbox 1524 1793 1534 1806; x_wconf 59' lang='lat' dir='ltr'>s</span> <span class='ocrx_word' id='word_1_749' title='bbox 1545 1771 1697 1804; x_wconf 84' lang='lat' dir='ltr'>decretum</span> <span class='ocrx_word' id='word_1_750' title='bbox 1706 1792 1716 1806; x_wconf 57' lang='lat'>³</span> <span class='ocrx_word' id='word_1_751' title='bbox 1733 1770 1842 1813; x_wconf 80' lang='lat' dir='ltr'>dogma</span> <span class='ocrx_word' id='word_1_752' title='bbox 1849 1794 1860 1809; x_wconf 79' lang='lat'>‚</span> <span class='ocrx_word' id='word_1_753' title='bbox 1870 1771 2049 1806; x_wconf 85' lang='lat' dir='ltr'>mandatum</span> <span class='ocrx_word' id='word_1_754' title='bbox 2057 1795 2067 1810; x_wconf 88' lang='lat'>‚</span> <span class='ocrx_word' id='word_1_755' title='bbox 2077 1777 2125 1806; x_wconf 82' lang='lat' dir='ltr'>in-</span> 
     </span>
     <span class='ocr_line' id='line_1_98' title="bbox 1253 1813 1952 1859; baseline 0 -13"><span class='ocrx_word' id='word_1_756' title='bbox 1253 1813 1417 1847; x_wconf 67' lang='lat' dir='ltr'>teramum</span> <span class='ocrx_word' id='word_1_757' title='bbox 1427 1835 1437 1850; x_wconf 88' lang='lat'>,</span> <span class='ocrx_word' id='word_1_758' title='bbox 1447 1814 1605 1856; x_wconf 61' lang='lat' dir='ltr'>&amp;sanstio</span> <span class='ocrx_word' id='word_1_759' title='bbox 1614 1836 1624 1850; x_wconf 81' lang='lat'>,</span> <span class='ocrx_word' id='word_1_760' title='bbox 1633 1818 1666 1846; x_wconf 80' lang='lat' dir='ltr'>in</span> <span class='ocrx_word' id='word_1_761' title='bbox 1677 1813 1778 1852; x_wconf 81' lang='lat' dir='ltr'>quibus</span> <span class='ocrx_word' id='word_1_762' title='bbox 1787 1813 1936 1859; x_wconf 76' lang='lat' dir='ltr'>differant</span> <span class='ocrx_word' id='word_1_763' title='bbox 1944 1839 1952 1846; x_wconf 89' lang='lat'><strong>.</strong></span> 
     </span>
    </p>

    <p class='ocr_par' dir='ltr' id='par_1_28' title="bbox 1152 1856 2122 1935">
     <span class='ocr_line' id='line_1_99' title="bbox 1152 1856 2122 1901; baseline 0.003 -11"><span class='ocrx_word' id='word_1_764' title='bbox 1152 1867 1164 1890; x_wconf 93' lang='lat'>1</span> <span class='ocrx_word' id='word_1_765' title='bbox 1171 1868 1190 1896; x_wconf 90' lang='lat'><em>9</em></span> <span class='ocrx_word' id='word_1_766' title='bbox 1211 1861 1318 1891; x_wconf 79' lang='lat' dir='ltr'>Canon</span> <span class='ocrx_word' id='word_1_767' title='bbox 1332 1856 1440 1899; x_wconf 74' lang='lat' dir='ltr'>stric&#39;ie</span> <span class='ocrx_word' id='word_1_768' title='bbox 1456 1860 1606 1898; x_wconf 77' lang='lat' dir='ltr'>accipitur</span> <span class='ocrx_word' id='word_1_769' title='bbox 1621 1866 1676 1898; x_wconf 89' lang='lat' dir='ltr'>pro</span> <span class='ocrx_word' id='word_1_770' title='bbox 1694 1858 1915 1901; x_wconf 85' lang='lat' dir='ltr'>Constitutione</span> <span class='ocrx_word' id='word_1_771' title='bbox 1930 1862 1968 1892; x_wconf 83' lang='lat' dir='ltr'>in</span> <span class='ocrx_word' id='word_1_772' title='bbox 1982 1862 2122 1900; x_wconf 84' lang='lat' dir='ltr'>generali</span> 
     </span>
     <span class='ocr_line' id='line_1_100' title="bbox 1256 1901 1527 1935; baseline 0.007 -4"><span class='ocrx_word' id='word_1_773' title='bbox 1256 1902 1397 1935; x_wconf 77' lang='lat' dir='ltr'>Concilio</span> <span class='ocrx_word' id='word_1_774' title='bbox 1419 1901 1527 1933; x_wconf 72' lang='lat' dir='ltr'>edita-</span> 
     </span>
    </p>

    <p class='ocr_par' dir='ltr' id='par_1_29' title="bbox 1149 1943 2078 1988">
     <span class='ocr_line' id='line_1_101' title="bbox 1149 1943 2078 1988; baseline 0 -11"><span class='ocrx_word' id='word_1_775' title='bbox 1149 1955 1189 1977; x_wconf 84' lang='lat'>20</span> <span class='ocrx_word' id='word_1_776' title='bbox 1210 1946 1352 1977; x_wconf 77' lang='lat' dir='ltr'>canones</span> <span class='ocrx_word' id='word_1_777' title='bbox 1362 1947 1412 1983; x_wconf 81' lang='lat' dir='ltr'>qui</span> <span class='ocrx_word' id='word_1_778' title='bbox 1421 1945 1565 1978; x_wconf 73' lang='lat' dir='ltr'>dicantur</span> <span class='ocrx_word' id='word_1_779' title='bbox 1573 1957 1613 1978; x_wconf 88' lang='lat' dir='ltr'>ex</span> <span class='ocrx_word' id='word_1_780' title='bbox 1622 1943 1707 1988; x_wconf 74' lang='lat' dir='ltr'>stylo</span> <span class='ocrx_word' id='word_1_781' title='bbox 1717 1948 1745 1978; x_wconf 89' lang='lat' dir='ltr'><em>C</em></span> <span class='ocrx_word' id='word_1_782' title='bbox 1746 1947 1853 1978; x_wconf 85' lang='lat' dir='ltr'>oncilii</span> <span class='ocrx_word' id='word_1_783' title='bbox 1872 1945 2061 1979; x_wconf 79' lang='lat' dir='ltr'>Tridentini</span> <span class='ocrx_word' id='word_1_784' title='bbox 2070 1969 2078 1977; x_wconf 88' lang='lat'><strong>.</strong></span> 
     </span>
    </p>

    <p class='ocr_par' dir='ltr' id='par_1_30' title="bbox 1149 1987 2124 2074">
     <span class='ocr_line' id='line_1_102' title="bbox 1149 1987 2124 2032; baseline 0.003 -12"><span class='ocrx_word' id='word_1_785' title='bbox 1149 1998 1166 2020; x_wconf 92' lang='lat'>2</span> <span class='ocrx_word' id='word_1_786' title='bbox 1173 1998 1184 2019; x_wconf 91' lang='lat'>1</span> <span class='ocrx_word' id='word_1_787' title='bbox 1210 1991 1238 2020; x_wconf 92' lang='lat' dir='ltr'><em>C</em></span> <span class='ocrx_word' id='word_1_788' title='bbox 1240 1990 1345 2020; x_wconf 65' lang='lat' dir='ltr'>anonis</span> <span class='ocrx_word' id='word_1_789' title='bbox 1353 1990 1474 2019; x_wconf 85' lang='lat' dir='ltr'>nomine</span> <span class='ocrx_word' id='word_1_790' title='bbox 1484 1987 1681 2030; x_wconf 73' lang='lat' dir='ltr'>frequentius</span> <span class='ocrx_word' id='word_1_791' title='bbox 1689 1988 1872 2029; x_wconf 74' lang='lat' dir='ltr'>usurpantur</span> <span class='ocrx_word' id='word_1_792' title='bbox 1888 1992 1916 2023; x_wconf 85' lang='lat' dir='ltr'><em>C</em></span> <span class='ocrx_word' id='word_1_793' title='bbox 1918 1990 2124 2032; x_wconf 64' lang='lat' dir='ltr'>onsti&#39;tuti&#39;onef</span> 
     </span>
     <span class='ocr_line' id='line_1_103' title="bbox 1256 2030 1822 2074; baseline 0.002 -12"><span class='ocrx_word' id='word_1_794' title='bbox 1256 2033 1290 2062; x_wconf 84' lang='lat' dir='ltr'>in</span> <span class='ocrx_word' id='word_1_795' title='bbox 1300 2039 1421 2071; x_wconf 85' lang='lat' dir='ltr'>corpore</span> <span class='ocrx_word' id='word_1_796' title='bbox 1428 2030 1505 2069; x_wconf 81' lang='lat' dir='ltr'>juris</span> <span class='ocrx_word' id='word_1_797' title='bbox 1515 2033 1618 2074; x_wconf 65' lang='lat' dir='ltr'>clause</span> <span class='ocrx_word' id='word_1_798' title='bbox 1627 2053 1636 2068; x_wconf 83' lang='lat'>‚</span> <span class='ocrx_word' id='word_1_799' title='bbox 1658 2031 1697 2066; x_wconf 53' lang='grc' dir='ltr'>ῥ’</span> <span class='ocrx_word' id='word_1_800' title='bbox 1705 2044 1736 2064; x_wconf 84' lang='lat' dir='ltr'>n.</span> <span class='ocrx_word' id='word_1_801' title='bbox 1737 2033 1822 2074; x_wconf 83' lang='lat' dir='ltr'>seqq.</span> 
     </span>
    </p>

    <p class='ocr_par' dir='ltr' id='par_1_31' title="bbox 1148 2075 2038 2117">
     <span class='ocr_line' id='line_1_104' title="bbox 1148 2075 2038 2117; baseline 0.002 -12"><span class='ocrx_word' id='word_1_802' title='bbox 1148 2085 1185 2105; x_wconf 77' lang='lat'>22</span> <span class='ocrx_word' id='word_1_803' title='bbox 1198 2075 1293 2117; x_wconf 87' lang='lat' dir='ltr'>Juris</span> <span class='ocrx_word' id='word_1_804' title='bbox 1302 2077 1329 2107; x_wconf 92' lang='lat' dir='ltr'><em>C</em></span> <span class='ocrx_word' id='word_1_805' title='bbox 1339 2077 1452 2106; x_wconf 73' lang='lat' dir='ltr'>moniti·</span> <span class='ocrx_word' id='word_1_806' title='bbox 1460 2083 1564 2115; x_wconf 86' lang='lat' dir='ltr'>corpus</span> <span class='ocrx_word' id='word_1_807' title='bbox 1575 2086 1631 2114; x_wconf 70' lang='lat' dir='ltr'>qua</span> <span class='ocrx_word' id='word_1_808' title='bbox 1641 2076 1854 2116; x_wconf 57' lang='lat' dir='ltr'>compleantur</span> <span class='ocrx_word' id='word_1_809' title='bbox 1864 2097 1879 2112; x_wconf 84' lang='lat'>‚.</span> <span class='ocrx_word' id='word_1_810' title='bbox 1896 2075 1935 2109; x_wconf 59' lang='grc' dir='ltr'>ὦ*</span> <span class='ocrx_word' id='word_1_811' title='bbox 1947 2089 1977 2108; x_wconf 82' lang='lat' dir='ltr'>n.</span> <span class='ocrx_word' id='word_1_812' title='bbox 1986 2081 2038 2117; x_wconf 87' lang='lat'>46.</span> 
     </span>
    </p>

    <p class='ocr_par' dir='ltr' id='par_1_32' title="bbox 1145 2117 2122 2246">
     <span class='ocr_line' id='line_1_105' title="bbox 1145 2117 2122 2160; baseline 0.005 -12"><span class='ocrx_word' id='word_1_813' title='bbox 1145 2126 1182 2158; x_wconf 89' lang='lat'>23</span> <span class='ocrx_word' id='word_1_814' title='bbox 1204 2117 1369 2158; x_wconf 76' lang='lat' dir='ltr'>Clausala,</span> <span class='ocrx_word' id='word_1_815' title='bbox 1394 2118 1430 2150; x_wconf 88' lang='lat' dir='ltr'>In</span> <span class='ocrx_word' id='word_1_816' title='bbox 1441 2118 1489 2151; x_wconf 88' lang='lat' dir='ltr'>his</span> <span class='ocrx_word' id='word_1_817' title='bbox 1498 2140 1508 2154; x_wconf 88' lang='lat'>,</span> <span class='ocrx_word' id='word_1_818' title='bbox 1529 2130 1597 2160; x_wconf 70' lang='lat' dir='ltr'>qux</span> <span class='ocrx_word' id='word_1_819' title='bbox 1609 2120 1702 2151; x_wconf 84' lang='lat' dir='ltr'>sacris</span> <span class='ocrx_word' id='word_1_820' title='bbox 1711 2119 1923 2156; x_wconf 49' lang='lat' dir='ltr'>Canonibus2</span> <span class='ocrx_word' id='word_1_821' title='bbox 1939 2120 2122 2153; x_wconf 83' lang='lat' dir='ltr'>Tridentini</span> 
     </span>
     <span class='ocr_line' id='line_1_106' title="bbox 1253 2159 2120 2205; baseline 0.005 -13"><span class='ocrx_word' id='word_1_822' title='bbox 1253 2159 1397 2193; x_wconf 85' lang='lat' dir='ltr'>Concilii</span> <span class='ocrx_word' id='word_1_823' title='bbox 1409 2161 1554 2196; x_wconf 84' lang='lat' dir='ltr'>Decretis</span> <span class='ocrx_word' id='word_1_824' title='bbox 1562 2183 1572 2198; x_wconf 70' lang='lat'>2</span> <span class='ocrx_word' id='word_1_825' title='bbox 1593 2164 1627 2196; x_wconf 65' lang='grc' dir='ltr'>ὅ(</span> <span class='ocrx_word' id='word_1_826' title='bbox 1637 2162 1926 2196; x_wconf 81' lang='lat' dir='ltr'>Constitutionibus</span> <span class='ocrx_word' id='word_1_827' title='bbox 1934 2164 2120 2205; x_wconf 85' lang='lat' dir='ltr'>Apostolicis</span> 
     </span>
     <span class='ocr_line' id='line_1_107' title="bbox 1253 2204 2118 2246; baseline 0.001 -10"><span class='ocrx_word' id='word_1_828' title='bbox 1253 2214 1317 2237; x_wconf 91' lang='lat' dir='ltr'>non</span> <span class='ocrx_word' id='word_1_829' title='bbox 1326 2206 1526 2237; x_wconf 88' lang='lat' dir='ltr'>adversantur</span> <span class='ocrx_word' id='word_1_830' title='bbox 1538 2228 1547 2241; x_wconf 87' lang='lat'>‚</span> <span class='ocrx_word' id='word_1_831' title='bbox 1561 2205 1598 2239; x_wconf 84' lang='lat' dir='ltr'>de</span> <span class='ocrx_word' id='word_1_832' title='bbox 1608 2204 1708 2245; x_wconf 79' lang='lat' dir='ltr'>quibus</span> <span class='ocrx_word' id='word_1_833' title='bbox 1717 2205 1891 2240; x_wconf 81' lang='lat' dir='ltr'>Canonibus</span> <span class='ocrx_word' id='word_1_834' title='bbox 1901 2208 2098 2246; x_wconf 77' lang='lat' dir='ltr'>intelligatur</span> <span class='ocrx_word' id='word_1_835' title='bbox 2110 2230 2118 2237; x_wconf 94' lang='lat'><strong><em>.</em></strong></span> 
     </span>
    </p>

    <p class='ocr_par' dir='ltr' id='par_1_33' title="bbox 1143 2247 2117 2334">
     <span class='ocr_line' id='line_1_108' title="bbox 1143 2247 2117 2291; baseline 0.002 -11"><span class='ocrx_word' id='word_1_836' title='bbox 1143 2257 1185 2288; x_wconf 75' lang='lat'>24</span> <span class='ocrx_word' id='word_1_837' title='bbox 1204 2247 1440 2281; x_wconf 65' lang='lat' dir='ltr'>Declarationes</span> <span class='ocrx_word' id='word_1_838' title='bbox 1452 2249 1633 2291; x_wconf 79' lang='lat' dir='ltr'>Apostolicae</span> <span class='ocrx_word' id='word_1_839' title='bbox 1653 2262 1694 2282; x_wconf 76' lang='lat' dir='ltr'>an</span> <span class='ocrx_word' id='word_1_840' title='bbox 1711 2252 1854 2283; x_wconf 86' lang='lat' dir='ltr'>dicantur</span> <span class='ocrx_word' id='word_1_841' title='bbox 1866 2253 1996 2283; x_wconf 74' lang='lat' dir='ltr'>Statum</span> <span class='ocrx_word' id='word_1_842' title='bbox 2017 2253 2117 2283; x_wconf 47' lang='lat' dir='ltr'>Ciano-</span> 
     </span>
     <span class='ocr_line' id='line_1_109' title="bbox 1249 2291 1776 2334; baseline 0.002 -11"><span class='ocrx_word' id='word_1_843' title='bbox 1249 2302 1318 2323; x_wconf 83' lang='lat' dir='ltr'>nun:</span> <span class='ocrx_word' id='word_1_844' title='bbox 1330 2312 1339 2326; x_wconf 85' lang='lat'><strong>‚</strong></span> <span class='ocrx_word' id='word_1_845' title='bbox 1359 2291 1397 2324; x_wconf 58' lang='grc' dir='ltr'>ὠ·</span> <span class='ocrx_word' id='word_1_846' title='bbox 1405 2304 1436 2324; x_wconf 87' lang='lat' dir='ltr'>n.</span> <span class='ocrx_word' id='word_1_847' title='bbox 1437 2292 1522 2334; x_wconf 80' lang='lat' dir='ltr'>seqq.</span> <span class='ocrx_word' id='word_1_848' title='bbox 1532 2292 1619 2332; x_wconf 81' lang='lat' dir='ltr'>usque</span> <span class='ocrx_word' id='word_1_849' title='bbox 1628 2293 1669 2325; x_wconf 86' lang='lat' dir='ltr'>ad</span> <span class='ocrx_word' id='word_1_850' title='bbox 1686 2305 1716 2325; x_wconf 89' lang='lat' dir='ltr'>n.</span> <span class='ocrx_word' id='word_1_851' title='bbox 1728 2303 1776 2332; x_wconf 84' lang='lat'>27.</span> 
     </span>
    </p>

    <p class='ocr_par' dir='ltr' id='par_1_34' title="bbox 1205 2334 2116 2413">
     <span class='ocr_line' id='line_1_110' title="bbox 1205 2334 2116 2382; baseline 0.003 -17"><span class='ocrx_word' id='word_1_852' title='bbox 1205 2336 1350 2366; x_wconf 76' lang='lat' dir='ltr'>statuere</span> <span class='ocrx_word' id='word_1_853' title='bbox 1367 2347 1406 2367; x_wconf 78' lang='lat' dir='ltr'>ex</span> <span class='ocrx_word' id='word_1_854' title='bbox 1414 2339 1540 2376; x_wconf 83' lang='lat' dir='ltr'>propria</span> <span class='ocrx_word' id='word_1_855' title='bbox 1549 2336 1780 2382; x_wconf 74' lang='lat' dir='ltr'>fignificaetione</span> <span class='ocrx_word' id='word_1_856' title='bbox 1797 2335 1839 2379; x_wconf 90' lang='lat' dir='ltr'>est</span> <span class='ocrx_word' id='word_1_857' title='bbox 1847 2336 1892 2376; x_wconf 78' lang='lat' dir='ltr'>jus</span> <span class='ocrx_word' id='word_1_858' title='bbox 1908 2347 2018 2369; x_wconf 85' lang='lat' dir='ltr'>novum</span> <span class='ocrx_word' id='word_1_859' title='bbox 2026 2334 2116 2368; x_wconf 85' lang='lat' dir='ltr'>indu-</span> 
     </span>
     <span class='ocr_line' id='line_1_111' title="bbox 1249 2377 1433 2413; baseline 0 -4"><span class='ocrx_word' id='word_1_860' title='bbox 1249 2389 1315 2409; x_wconf 89' lang='lat' dir='ltr'>cere</span> <span class='ocrx_word' id='word_1_861' title='bbox 1327 2400 1335 2413; x_wconf 95' lang='lat'>,</span> <span class='ocrx_word' id='word_1_862' title='bbox 1358 2377 1433 2411; x_wconf 88' lang='lat' dir='ltr'>ibid.</span> 
     </span>
    </p>

    <p class='ocr_par' dir='ltr' id='par_1_35' title="bbox 1140 2420 2116 2500">
     <span class='ocr_line' id='line_1_112' title="bbox 1140 2420 2116 2464; baseline 0.005 -10"><span class='ocrx_word' id='word_1_863' title='bbox 1140 2433 1156 2454; x_wconf 87' lang='lat'>2</span> <span class='ocrx_word' id='word_1_864' title='bbox 1161 2428 1176 2460; x_wconf 86' lang='lat'><em>5</em></span> <span class='ocrx_word' id='word_1_865' title='bbox 1198 2423 1227 2454; x_wconf 92' lang='lat' dir='ltr'><em>C</em></span> <span class='ocrx_word' id='word_1_866' title='bbox 1228 2433 1338 2453; x_wconf 85' lang='lat' dir='ltr'>anones</span> <span class='ocrx_word' id='word_1_867' title='bbox 1347 2421 1430 2463; x_wconf 86' lang='lat' dir='ltr'>fidei</span> <span class='ocrx_word' id='word_1_868' title='bbox 1439 2435 1498 2456; x_wconf 91' lang='lat' dir='ltr'>non</span> <span class='ocrx_word' id='word_1_869' title='bbox 1508 2427 1666 2457; x_wconf 84' lang='lat' dir='ltr'>continent</span> <span class='ocrx_word' id='word_1_870' title='bbox 1673 2424 1719 2464; x_wconf 78' lang='lat' dir='ltr'>jus</span> <span class='ocrx_word' id='word_1_871' title='bbox 1727 2432 1841 2458; x_wconf 79' lang='lat' dir='ltr'>novum</span> <span class='ocrx_word' id='word_1_872' title='bbox 1849 2442 1860 2457; x_wconf 73' lang='lat'>²</span> <span class='ocrx_word' id='word_1_873' title='bbox 1874 2421 1933 2462; x_wconf 77' lang='lat' dir='ltr'>sed</span> <span class='ocrx_word' id='word_1_874' title='bbox 1942 2420 2022 2460; x_wconf 72' lang='lat' dir='ltr'>luris</span> <span class='ocrx_word' id='word_1_875' title='bbox 2029 2421 2116 2456; x_wconf 69' lang='lat' dir='ltr'>divi·</span> 
     </span>
     <span class='ocr_line' id='line_1_113' title="bbox 1247 2466 1559 2500; baseline 0.003 -4"><span class='ocrx_word' id='word_1_876' title='bbox 1247 2467 1281 2497; x_wconf 86' lang='lat' dir='ltr'>ni</span> <span class='ocrx_word' id='word_1_877' title='bbox 1298 2466 1543 2500; x_wconf 74' lang='lat' dir='ltr'>declarationem</span> <span class='ocrx_word' id='word_1_878' title='bbox 1552 2490 1559 2497; x_wconf 93' lang='lat'><em>.</em></span> 
     </span>
    </p>

    <p class='ocr_par' dir='ltr' id='par_1_36' title="bbox 1138 2507 2117 2583">
     <span class='ocr_line' id='line_1_114' title="bbox 1138 2507 2117 2549; baseline 0.001 -10"><span class='ocrx_word' id='word_1_879' title='bbox 1138 2510 1176 2540; x_wconf 84' lang='lat'>26</span> <span class='ocrx_word' id='word_1_880' title='bbox 1198 2510 1342 2540; x_wconf 84' lang='lat' dir='ltr'>Statuere</span> <span class='ocrx_word' id='word_1_881' title='bbox 1351 2530 1361 2543; x_wconf 81' lang='lat'>,</span> <span class='ocrx_word' id='word_1_882' title='bbox 1377 2507 1415 2541; x_wconf 57' lang='grc' dir='ltr'>ὅθ’</span> <span class='ocrx_word' id='word_1_883' title='bbox 1422 2509 1584 2541; x_wconf 78' lang='lat' dir='ltr'>decernere</span> <span class='ocrx_word' id='word_1_884' title='bbox 1585 2508 1621 2549; x_wconf 87' lang='lat' dir='ltr'>se</span> <span class='ocrx_word' id='word_1_885' title='bbox 1630 2510 1855 2549; x_wconf 83' lang='lat' dir='ltr'>compatiuntur</span> <span class='ocrx_word' id='word_1_886' title='bbox 1861 2509 1956 2541; x_wconf 82' lang='lat' dir='ltr'>etiam</span> <span class='ocrx_word' id='word_1_887' title='bbox 1968 2519 2033 2541; x_wconf 90' lang='lat' dir='ltr'>cum</span> <span class='ocrx_word' id='word_1_888' title='bbox 2043 2520 2117 2542; x_wconf 84' lang='lat' dir='ltr'>ver-</span> 
     </span>
     <span class='ocr_line' id='line_1_115' title="bbox 1246 2549 1476 2583; baseline -0.009 0"><span class='ocrx_word' id='word_1_889' title='bbox 1246 2549 1281 2583; x_wconf 87' lang='lat' dir='ltr'>bo</span> <span class='ocrx_word' id='word_1_890' title='bbox 1296 2551 1453 2583; x_wconf 86' lang='lat' dir='ltr'>declarare</span> <span class='ocrx_word' id='word_1_891' title='bbox 1463 2573 1476 2581; x_wconf 78' lang='grc'><strong>.</strong></span> 
     </span>
    </p>

    <p class='ocr_par' dir='ltr' id='par_1_37' title="bbox 1137 2593 2115 2679">
     <span class='ocr_line' id='line_1_116' title="bbox 1137 2593 2115 2636; baseline 0.004 -11"><span class='ocrx_word' id='word_1_892' title='bbox 1137 2602 1177 2632; x_wconf 85' lang='lat'>27</span> <span class='ocrx_word' id='word_1_893' title='bbox 1198 2596 1356 2626; x_wconf 84' lang='lat' dir='ltr'>Canonum</span> <span class='ocrx_word' id='word_1_894' title='bbox 1364 2595 1619 2634; x_wconf 75' lang='lat' dir='ltr'>appellationem</span> <span class='ocrx_word' id='word_1_895' title='bbox 1626 2593 1879 2636; x_wconf 83' lang='lat' dir='ltr'>veniantstatuta</span> <span class='ocrx_word' id='word_1_896' title='bbox 1887 2594 2046 2636; x_wconf 77' lang='lat' dir='ltr'>Episcopi,</span> <span class='ocrx_word' id='word_1_897' title='bbox 2077 2596 2115 2629; x_wconf 69' lang='grc' dir='ltr'>(ᾶ-</span> 
     </span>
     <span class='ocr_line' id='line_1_117' title="bbox 1243 2636 1598 2679; baseline 0 -11"><span class='ocrx_word' id='word_1_898' title='bbox 1243 2648 1273 2668; x_wconf 89' lang='lat' dir='ltr'>n.</span> <span class='ocrx_word' id='word_1_899' title='bbox 1281 2636 1342 2676; x_wconf 81' lang='lat' dir='ltr'>seq.</span> <span class='ocrx_word' id='word_1_900' title='bbox 1352 2637 1438 2678; x_wconf 85' lang='lat' dir='ltr'>usque</span> <span class='ocrx_word' id='word_1_901' title='bbox 1455 2636 1497 2669; x_wconf 87' lang='lat' dir='ltr'>ad</span> <span class='ocrx_word' id='word_1_902' title='bbox 1506 2649 1537 2669; x_wconf 89' lang='lat' dir='ltr'>n.</span> <span class='ocrx_word' id='word_1_903' title='bbox 1549 2647 1598 2679; x_wconf 85' lang='lat'>37.</span> 
     </span>
    </p>

    <p class='ocr_par' dir='ltr' id='par_1_38' title="bbox 1135 2679 2111 2766">
     <span class='ocr_line' id='line_1_118' title="bbox 1135 2679 2111 2726; baseline 0.003 -15"><span class='ocrx_word' id='word_1_904' title='bbox 1135 2681 1174 2713; x_wconf 86' lang='lat'>28</span> <span class='ocrx_word' id='word_1_905' title='bbox 1195 2680 1322 2726; x_wconf 71' lang='lat' dir='ltr'>Qidm</span> <span class='ocrx_word' id='word_1_906' title='bbox 1331 2683 1467 2712; x_wconf 83' lang='lat' dir='ltr'>materia</span> <span class='ocrx_word' id='word_1_907' title='bbox 1485 2680 1588 2723; x_wconf 83' lang='lat' dir='ltr'>odiosa</span> <span class='ocrx_word' id='word_1_908' title='bbox 1598 2702 1610 2716; x_wconf 68' lang='lat'>2</span> <span class='ocrx_word' id='word_1_909' title='bbox 1629 2681 1789 2723; x_wconf 75' lang='lat' dir='ltr'>&amp;poenali</span> <span class='ocrx_word' id='word_1_910' title='bbox 1796 2703 1804 2711; x_wconf 89' lang='grc'><strong>.</strong></span> <span class='ocrx_word' id='word_1_911' title='bbox 1826 2682 1872 2713; x_wconf 88' lang='lat' dir='ltr'>Et</span> <span class='ocrx_word' id='word_1_912' title='bbox 1889 2679 1962 2720; x_wconf 81' lang='lat' dir='ltr'>quid</span> <span class='ocrx_word' id='word_1_913' title='bbox 1971 2683 2004 2714; x_wconf 83' lang='lat' dir='ltr'>in</span> <span class='ocrx_word' id='word_1_914' title='bbox 2013 2691 2111 2715; x_wconf 86' lang='lat' dir='ltr'>mate-</span> 
     </span>
     <span class='ocr_line' id='line_1_119' title="bbox 1243 2722 1623 2766; baseline 0.005 -13"><span class='ocrx_word' id='word_1_915' title='bbox 1243 2726 1294 2755; x_wconf 88' lang='lat' dir='ltr'>ria</span> <span class='ocrx_word' id='word_1_916' title='bbox 1306 2722 1506 2766; x_wconf 77' lang='lat' dir='ltr'>favorabili,</span> <span class='ocrx_word' id='word_1_917' title='bbox 1527 2737 1557 2757; x_wconf 88' lang='lat' dir='ltr'>n.</span> <span class='ocrx_word' id='word_1_918' title='bbox 1571 2734 1623 2764; x_wconf 79' lang='lat'>30.</span> 
     </span>
    </p>

    <p class='ocr_par' dir='ltr' id='par_1_39' title="bbox 1136 2766 1810 2810">
     <span class='ocr_line' id='line_1_120' title="bbox 1136 2766 1810 2810; baseline 0.004 -12"><span class='ocrx_word' id='word_1_919' title='bbox 1136 2777 1175 2804; x_wconf 90' lang='lat'>29</span> <span class='ocrx_word' id='word_1_920' title='bbox 1187 2767 1253 2810; x_wconf 84' lang='lat' dir='ltr'>Jus</span> <span class='ocrx_word' id='word_1_921' title='bbox 1263 2768 1448 2808; x_wconf 82' lang='lat' dir='ltr'>municipale</span> <span class='ocrx_word' id='word_1_922' title='bbox 1456 2779 1514 2799; x_wconf 87' lang='lat' dir='ltr'>non</span> <span class='ocrx_word' id='word_1_923' title='bbox 1535 2766 1577 2809; x_wconf 84' lang='lat' dir='ltr'>est</span> <span class='ocrx_word' id='word_1_924' title='bbox 1585 2767 1632 2807; x_wconf 83' lang='lat' dir='ltr'>jus</span> <span class='ocrx_word' id='word_1_925' title='bbox 1641 2766 1792 2801; x_wconf 79' lang='lat' dir='ltr'>co&#39;mmune</span> <span class='ocrx_word' id='word_1_926' title='bbox 1801 2789 1810 2797; x_wconf 89' lang='lat'><strong>·</strong></span> 
     </span>
    </p>

    <p class='ocr_par' dir='ltr' id='par_1_40' title="bbox 1134 2807 2107 2896">
     <span class='ocr_line' id='line_1_121' title="bbox 1134 2807 2107 2856; baseline 0.002 -13"><span class='ocrx_word' id='word_1_927' title='bbox 1134 2819 1151 2851; x_wconf 83' lang='lat'>3</span> <span class='ocrx_word' id='word_1_928' title='bbox 1158 2820 1170 2843; x_wconf 77' lang='grc' dir='ltr'><strong><em>ι</em></strong></span> <span class='ocrx_word' id='word_1_929' title='bbox 1193 2812 1330 2843; x_wconf 76' lang='lat' dir='ltr'>Canonis</span> <span class='ocrx_word' id='word_1_930' title='bbox 1338 2811 1540 2851; x_wconf 75' lang='lat' dir='ltr'>appellatione</span> <span class='ocrx_word' id='word_1_931' title='bbox 1548 2814 1582 2844; x_wconf 86' lang='lat' dir='ltr'>in</span> <span class='ocrx_word' id='word_1_932' title='bbox 1589 2815 1724 2844; x_wconf 81' lang='lat' dir='ltr'>materia</span> <span class='ocrx_word' id='word_1_933' title='bbox 1725 2807 1905 2856; x_wconf 78' lang='lat' dir='ltr'>favorabili</span> <span class='ocrx_word' id='word_1_934' title='bbox 1914 2813 2003 2844; x_wconf 86' lang='lat' dir='ltr'>venit</span> <span class='ocrx_word' id='word_1_935' title='bbox 2013 2814 2107 2845; x_wconf 85' lang='lat' dir='ltr'>etiam</span> 
     </span>
     <span class='ocr_line' id='line_1_122' title="bbox 1242 2852 1766 2896; baseline -0.002 -10"><span class='ocrx_word' id='word_1_936' title='bbox 1242 2852 1427 2895; x_wconf 76' lang='lat' dir='ltr'>Constitutio</span> <span class='ocrx_word' id='word_1_937' title='bbox 1437 2855 1599 2894; x_wconf 87' lang='lat' dir='ltr'>Capituli,</span> <span class='ocrx_word' id='word_1_938' title='bbox 1619 2854 1656 2888; x_wconf 56' lang='grc' dir='ltr'>(ῥ’</span> <span class='ocrx_word' id='word_1_939' title='bbox 1673 2868 1703 2888; x_wconf 86' lang='lat' dir='ltr'>n.</span> <span class='ocrx_word' id='word_1_940' title='bbox 1717 2864 1766 2896; x_wconf 80' lang='lat'>33.</span> 
     </span>
    </p>

    <p class='ocr_par' dir='ltr' id='par_1_41' title="bbox 1135 2895 2105 3028">
     <span class='ocr_line' id='line_1_123' title="bbox 1135 2895 2105 2940; baseline 0.003 -12"><span class='ocrx_word' id='word_1_941' title='bbox 1135 2906 1174 2939; x_wconf 72' lang='lat'>32</span> <span class='ocrx_word' id='word_1_942' title='bbox 1194 2895 1296 2937; x_wconf 87' lang='lat' dir='ltr'>Absol</span> <span class='ocrx_word' id='word_1_943' title='bbox 1298 2908 1369 2929; x_wconf 86' lang='lat' dir='ltr'>vere</span> <span class='ocrx_word' id='word_1_944' title='bbox 1385 2897 1478 2939; x_wconf 84' lang='lat' dir='ltr'>potest</span> <span class='ocrx_word' id='word_1_945' title='bbox 1487 2897 1617 2940; x_wconf 80' lang='lat' dir='ltr'>inferior</span> <span class='ocrx_word' id='word_1_946' title='bbox 1634 2896 1671 2930; x_wconf 85' lang='lat' dir='ltr'>ab</span> <span class='ocrx_word' id='word_1_947' title='bbox 1680 2900 1987 2931; x_wconf 83' lang='lat' dir='ltr'>excommunicatione</span> <span class='ocrx_word' id='word_1_948' title='bbox 2009 2899 2076 2931; x_wconf 85' lang='lat' dir='ltr'>lata</span> <span class='ocrx_word' id='word_1_949' title='bbox 2085 2899 2105 2931; x_wconf 65' lang='lat' dir='ltr'>a*</span> 
     </span>
     <span class='ocr_line' id='line_1_124' title="bbox 1241 2939 2104 2984; baseline 0.001 -11"><span class='ocrx_word' id='word_1_950' title='bbox 1241 2943 1367 2973; x_wconf 87' lang='lat' dir='ltr'>Canone</span> <span class='ocrx_word' id='word_1_951' title='bbox 1383 2951 1449 2973; x_wconf 80' lang='lat' dir='ltr'>tam</span> <span class='ocrx_word' id='word_1_952' title='bbox 1460 2945 1547 2982; x_wconf 82' lang='lat' dir='ltr'>Papae</span> <span class='ocrx_word' id='word_1_953' title='bbox 1557 2963 1566 2977; x_wconf 88' lang='lat'>‚</span> <span class='ocrx_word' id='word_1_954' title='bbox 1588 2939 1678 2980; x_wconf 79' lang='lat' dir='ltr'>qua&#39;m</span> <span class='ocrx_word' id='word_1_955' title='bbox 1686 2941 1844 2983; x_wconf 70' lang='lat' dir='ltr'>Episcopi,</span> <span class='ocrx_word' id='word_1_956' title='bbox 1858 2941 1890 2984; x_wconf 83' lang='lat' dir='ltr'><em>fi</em></span> <span class='ocrx_word' id='word_1_957' title='bbox 1905 2942 1994 2974; x_wconf 82' lang='lat' dir='ltr'>illius</span> <span class='ocrx_word' id='word_1_958' title='bbox 2001 2942 2104 2975; x_wconf 85' lang='lat' dir='ltr'>condi-</span> 
     </span>
     <span class='ocr_line' id='line_1_125' title="bbox 1242 2981 1871 3028; baseline 0 -13"><span class='ocrx_word' id='word_1_959' title='bbox 1242 2993 1291 3015; x_wconf 87' lang='lat' dir='ltr'>tor</span> <span class='ocrx_word' id='word_1_960' title='bbox 1299 2981 1516 3024; x_wconf 78' lang='lat' dir='ltr'>absolutionem</span> <span class='ocrx_word' id='word_1_961' title='bbox 1526 2983 1588 3028; x_wconf 83' lang='lat' dir='ltr'>fibi</span> <span class='ocrx_word' id='word_1_962' title='bbox 1597 2995 1655 3016; x_wconf 86' lang='lat' dir='ltr'>non</span> <span class='ocrx_word' id='word_1_963' title='bbox 1672 2984 1851 3026; x_wconf 73' lang='lat' dir='ltr'>reservavit</span> <span class='ocrx_word' id='word_1_964' title='bbox 1860 3007 1871 3015; x_wconf 77' lang='grc'><strong>.</strong></span> 
     </span>
    </p>

    <p class='ocr_par' dir='ltr' id='par_1_42' title="bbox 1135 3027 2102 3198">
     <span class='ocr_line' id='line_1_126' title="bbox 1135 3027 2102 3071; baseline 0 -11"><span class='ocrx_word' id='word_1_965' title='bbox 1135 3035 1173 3070; x_wconf 86' lang='lat'>33</span> <span class='ocrx_word' id='word_1_966' title='bbox 1194 3027 1379 3069; x_wconf 78' lang='lat' dir='ltr'>Dispensarc</span> <span class='ocrx_word' id='word_1_967' title='bbox 1397 3031 1446 3066; x_wconf 79' lang='lat' dir='ltr'>qui</span> <span class='ocrx_word' id='word_1_968' title='bbox 1460 3027 1556 3069; x_wconf 79' lang='lat' dir='ltr'>potest</span> <span class='ocrx_word' id='word_1_969' title='bbox 1567 3028 1660 3068; x_wconf 85' lang='lat' dir='ltr'>super</span> <span class='ocrx_word' id='word_1_970' title='bbox 1680 3029 1914 3069; x_wconf 82' lang='lat' dir='ltr'>irregularitate</span> <span class='ocrx_word' id='word_1_971' title='bbox 1933 3028 2073 3071; x_wconf 83' lang='lat' dir='ltr'>impofita</span> <span class='ocrx_word' id='word_1_972' title='bbox 2081 3028 2102 3060; x_wconf 68' lang='lat' dir='ltr'>a*</span> 
     </span>
     <span class='ocr_line' id='line_1_127' title="bbox 1242 3070 2102 3112; baseline 0.001 -10"><span class='ocrx_word' id='word_1_973' title='bbox 1242 3073 1364 3103; x_wconf 87' lang='lat' dir='ltr'>Canone</span> <span class='ocrx_word' id='word_1_974' title='bbox 1374 3092 1383 3105; x_wconf 89' lang='lat'>‚</span> <span class='ocrx_word' id='word_1_975' title='bbox 1400 3070 1493 3112; x_wconf 85' lang='lat' dir='ltr'>potest</span> <span class='ocrx_word' id='word_1_976' title='bbox 1504 3071 1676 3112; x_wconf 65' lang='lat' dir='ltr'>dispensare</span> <span class='ocrx_word' id='word_1_977' title='bbox 1690 3083 1755 3105; x_wconf 87' lang='lat' dir='ltr'>cum</span> <span class='ocrx_word' id='word_1_978' title='bbox 1764 3070 1920 3105; x_wconf 76' lang='lat' dir='ltr'>Monacho</span> <span class='ocrx_word' id='word_1_979' title='bbox 1936 3071 2102 3110; x_wconf 82' lang='lat' dir='ltr'>irregulari</span> 
     </span>
     <span class='ocr_line' id='line_1_128' title="bbox 1242 3112 2101 3156; baseline 0.002 -11"><span class='ocrx_word' id='word_1_980' title='bbox 1242 3125 1283 3145; x_wconf 87' lang='lat' dir='ltr'>ex</span> <span class='ocrx_word' id='word_1_981' title='bbox 1305 3115 1503 3146; x_wconf 82' lang='lat' dir='ltr'>celebratione</span> <span class='ocrx_word' id='word_1_982' title='bbox 1518 3112 1583 3155; x_wconf 85' lang='lat' dir='ltr'>post</span> <span class='ocrx_word' id='word_1_983' title='bbox 1595 3115 1747 3156; x_wconf 72' lang='lat' dir='ltr'>incurfizm</span> <span class='ocrx_word' id='word_1_984' title='bbox 1761 3116 2101 3148; x_wconf 82' lang='lat' dir='ltr'>excommunicationem</span> 
     </span>
     <span class='ocr_line' id='line_1_129' title="bbox 1242 3155 1783 3198; baseline 0 -9"><span class='ocrx_word' id='word_1_985' title='bbox 1242 3157 1341 3189; x_wconf 80' lang='lat' dir='ltr'>latam</span> <span class='ocrx_word' id='word_1_986' title='bbox 1349 3169 1389 3189; x_wconf 82' lang='lat' dir='ltr'>ex</span> <span class='ocrx_word' id='word_1_987' title='bbox 1397 3155 1617 3198; x_wconf 81' lang='lat' dir='ltr'>Constitutione</span> <span class='ocrx_word' id='word_1_988' title='bbox 1625 3157 1760 3191; x_wconf 85' lang='lat' dir='ltr'>Ordinis</span> <span class='ocrx_word' id='word_1_989' title='bbox 1773 3181 1783 3189; x_wconf 85' lang='grc'><strong>.</strong></span> 
     </span>
    </p>

    <p class='ocr_par' dir='ltr' id='par_1_43' title="bbox 1133 3200 2101 3284">
     <span class='ocr_line' id='line_1_130' title="bbox 1133 3200 2101 3242; baseline -0.001 -9"><span class='ocrx_word' id='word_1_990' title='bbox 1133 3209 1174 3242; x_wconf 81' lang='lat'>34</span> <span class='ocrx_word' id='word_1_991' title='bbox 1194 3201 1398 3233; x_wconf 86' lang='lat' dir='ltr'>Conciliorum</span> <span class='ocrx_word' id='word_1_992' title='bbox 1416 3202 1660 3234; x_wconf 75' lang='lat' dir='ltr'>provincialium</span> <span class='ocrx_word' id='word_1_993' title='bbox 1680 3204 1817 3236; x_wconf 84' lang='lat' dir='ltr'>Decreta</span> <span class='ocrx_word' id='word_1_994' title='bbox 1832 3213 1872 3234; x_wconf 84' lang='lat' dir='ltr'>an</span> <span class='ocrx_word' id='word_1_995' title='bbox 1882 3200 1991 3241; x_wconf 85' lang='lat' dir='ltr'>pofflnt</span> <span class='ocrx_word' id='word_1_996' title='bbox 1999 3202 2101 3233; x_wconf 87' lang='lat' dir='ltr'>Cano-</span> 
     </span>
     <span class='ocr_line' id='line_1_131' title="bbox 1241 3244 1485 3284; baseline -0.008 -8"><span class='ocrx_word' id='word_1_997' title='bbox 1241 3256 1293 3276; x_wconf 88' lang='lat' dir='ltr'>nes</span> <span class='ocrx_word' id='word_1_998' title='bbox 1314 3244 1485 3284; x_wconf 86' lang='lat' dir='ltr'>appellari.</span> 
     </span>
    </p>

    <p class='ocr_par' dir='ltr' id='par_1_44' title="bbox 1131 3286 2096 3374">
     <span class='ocr_line' id='line_1_132' title="bbox 1131 3286 2096 3330; baseline -0.002 -10"><span class='ocrx_word' id='word_1_999' title='bbox 1131 3295 1167 3329; x_wconf 87' lang='lat'>35</span> <span class='ocrx_word' id='word_1_1000' title='bbox 1190 3290 1327 3320; x_wconf 87' lang='lat' dir='ltr'>Canonis</span> <span class='ocrx_word' id='word_1_1001' title='bbox 1333 3286 1536 3327; x_wconf 84' lang='lat' dir='ltr'>appellatione</span> <span class='ocrx_word' id='word_1_1002' title='bbox 1543 3288 1720 3330; x_wconf 69' lang='lat' dir='ltr'>indistinl‘ie</span> <span class='ocrx_word' id='word_1_1003' title='bbox 1729 3291 1816 3322; x_wconf 88' lang='lat' dir='ltr'>venit</span> <span class='ocrx_word' id='word_1_1004' title='bbox 1836 3290 1996 3319; x_wconf 81' lang='lat' dir='ltr'>statutum</span> <span class='ocrx_word' id='word_1_1005' title='bbox 2007 3288 2036 3319; x_wconf 89' lang='lat' dir='ltr'><em>E</em></span> <span class='ocrx_word' id='word_1_1006' title='bbox 2034 3287 2096 3330; x_wconf 87' lang='lat' dir='ltr'>pis-</span> 
     </span>
     <span class='ocr_line' id='line_1_133' title="bbox 1237 3330 1778 3374; baseline 0.002 -11"><span class='ocrx_word' id='word_1_1007' title='bbox 1237 3333 1301 3370; x_wconf 79' lang='lat' dir='ltr'>copi</span> <span class='ocrx_word' id='word_1_1008' title='bbox 1310 3351 1321 3364; x_wconf 76' lang='lat'><em>‚</em></span> <span class='ocrx_word' id='word_1_1009' title='bbox 1336 3330 1368 3373; x_wconf 82' lang='lat' dir='ltr'><strong><em>fi</em></strong></span> <span class='ocrx_word' id='word_1_1010' title='bbox 1375 3331 1395 3361; x_wconf 83' lang='lat' dir='ltr'>a&#39;</span> <span class='ocrx_word' id='word_1_1011' title='bbox 1403 3331 1489 3370; x_wconf 83' lang='lat' dir='ltr'>Papa</span> <span class='ocrx_word' id='word_1_1012' title='bbox 1496 3330 1544 3374; x_wconf 87' lang='lat' dir='ltr'>fit</span> <span class='ocrx_word' id='word_1_1013' title='bbox 1551 3330 1761 3373; x_wconf 84' lang='lat' dir='ltr'>confirmatum</span> <span class='ocrx_word' id='word_1_1014' title='bbox 1770 3353 1778 3361; x_wconf 81' lang='lat'><strong>·</strong></span> 
     </span>
    </p>

    <p class='ocr_par' dir='ltr' id='par_1_45' title="bbox 1129 3373 2097 3449">
     <span class='ocr_line' id='line_1_134' title="bbox 1129 3373 2097 3419; baseline 0 -13"><span class='ocrx_word' id='word_1_1015' title='bbox 1129 3377 1167 3415; x_wconf 87' lang='lat'>36</span> <span class='ocrx_word' id='word_1_1016' title='bbox 1190 3375 1235 3405; x_wconf 84' lang='lat' dir='ltr'>Et</span> <span class='ocrx_word' id='word_1_1017' title='bbox 1241 3373 1323 3405; x_wconf 83' lang='lat' dir='ltr'>idem</span> <span class='ocrx_word' id='word_1_1018' title='bbox 1335 3373 1365 3416; x_wconf 82' lang='lat' dir='ltr'><em>fi</em></span> <span class='ocrx_word' id='word_1_1019' title='bbox 1373 3376 1533 3407; x_wconf 78' lang='lat' dir='ltr'>statutum</span> <span class='ocrx_word' id='word_1_1020' title='bbox 1543 3374 1760 3419; x_wconf 75' lang='lat' dir='ltr'>fitsecundum</span> <span class='ocrx_word' id='word_1_1021' title='bbox 1768 3375 2008 3418; x_wconf 84' lang='lat' dir='ltr'>terminosJuris</span> <span class='ocrx_word' id='word_1_1022' title='bbox 2018 3384 2097 3407; x_wconf 74' lang='lat' dir='ltr'>com—</span> 
     </span>
     <span class='ocr_line' id='line_1_135' title="bbox 1234 3427 1353 3449; baseline 0.008 -1"><span class='ocrx_word' id='word_1_1023' title='bbox 1234 3427 1334 3448; x_wconf 70' lang='lat' dir='ltr'><em>mun15</em></span> <span class='ocrx_word' id='word_1_1024' title='bbox 1344 3441 1353 3449; x_wconf 73' lang='grc' dir='ltr'><strong>ο</strong></span> 
     </span>
    </p>
   </div>
   <div class='ocr_carea' id='block_1_11' title="bbox 1130 3458 2054 3535">
    <p class='ocr_par' dir='ltr' id='par_1_46' title="bbox 1130 3458 2054 3535">
     <span class='ocr_line' id='line_1_136' title="bbox 1130 3458 2017 3533; baseline 0.002 -44"><span class='ocrx_word' id='word_1_1025' title='bbox 1130 3468 1168 3500; x_wconf 82' lang='lat'>37</span> <span class='ocrx_word' id='word_1_1026' title='bbox 1188 3461 1339 3492; x_wconf 73' lang='lat' dir='ltr'>Gratiani</span> <span class='ocrx_word' id='word_1_1027' title='bbox 1345 3458 1427 3494; x_wconf 58' lang='lat' dir='ltr'>dista</span> <span class='ocrx_word' id='word_1_1028' title='bbox 1434 3459 1568 3501; x_wconf 84' lang='lat' dir='ltr'>nonsunt</span> <span class='ocrx_word' id='word_1_1029' title='bbox 1576 3469 1631 3500; x_wconf 89' lang='lat' dir='ltr'>pro</span> <span class='ocrx_word' id='word_1_1030' title='bbox 1640 3458 1812 3494; x_wconf 77' lang='lat' dir='ltr'>canonibus</span> <span class='ocrx_word' id='word_1_1031' title='bbox 1821 3459 2017 3533; x_wconf 54' lang='lat' dir='ltr'>recipiengal.</span> 
     </span>
     <span class='ocr_line' id='line_1_137' title="bbox 1937 3512 2054 3535; baseline 0.009 -3"><span class='ocrx_word' id='word_1_1032' title='bbox 1937 3517 1951 3535; x_wconf 87' lang='lat'>2</span> <span class='ocrx_word' id='word_1_1033' title='bbox 2015 3512 2054 3533; x_wconf 60' lang='lat'>,8⁴</span> 
     </span>
    </p>
   </div>
  </div>
 </body>
</html>
