2397 3664
134 464 169 495 13

140 1028 177 1059 14

131 1286 165 1316 15

163 2186 177 2195 ι

613 30 618 44 ’
795 13 882 69 De
907 5 1315 67 Renunciatione
1347 23 1389 60 c.
1419 3 1641 61 Diieffl.

200 105 280 139 lianc
293 107 457 142 licentiam
467 107 648 141 transeundi
659 108 696 139 ad
708 116 814 147 parem
825 128 835 142 ,
867 115 907 138 an
928 104 1049 136 scilicet
1071 101 1135 142 hpii
1144 109 1196 130 con

198 151 254 190 pu's
265 172 275 187 ,
294 152 341 183 vel
352 152 456 184 Abbas
467 175 478 189 ,
499 153 546 184 vel
559 161 690 192 uterque
702 150 789 182 simul
801 172 810 181 .
827 148 872 182 Et
882 147 1013 190 quidem
1038 145 1059 176 si
1080 144 1197 178 Mona-

199 192 326 227 sterium
337 195 372 227 sir
383 205 562 236 exemptum
571 216 581 230 ,
602 195 731 235 planum
741 192 782 224 est
792 192 852 224 hoc
867 192 913 235 jus
924 190 1081 231 pertinere
1090 189 1126 219 ad
1148 185 1196 217 so-

197 235 265 269 iiim
275 238 449 276 Abbaeem,
469 249 504 271 ut
514 247 601 270 tenet
613 237 699 277 gloss.
711 239 744 267 in
754 244 818 277 cap.
830 236 906 267 Non
916 233 958 275 est
981 231 1067 266 vobis
1079 233 1112 262 in
1129 239 1195 260 ver.

194 283 395 314 Permutatis
403 282 489 324 infra'
497 280 534 313 de
544 281 685 320 Regular.
704 281 737 311 ὃς
749 279 794 310 ibi
805 278 905 312 etiam
924 277 1080 318 Joannem
1092 274 1191 306 Andr.

199 335 281 356 num.
292 333 323 363 7.
333 328 366 357 in
365 324 426 369 fin.
446 325 527 357 Item
536 325 622 365 gl.in
630 322 660 354 d.
672 333 697 354 c.
710 321 920 364 Cicmfiagula
930 343 940 357 ‚
961 322 987 358 §.
1002 316 1197 353 prohibemus

199 370 233 399 in
244 379 309 400 ver.
319 368 472 401 Canonice'
481 371 518 399 ae
528 364 647 407 praben.
664 365 718 397 lab.
729 369 759 397 6.
779 374 876 405 quain
886 364 933 396 ibi
952 364 1124 407 sequuntur
1134 360 1198 392 Ge-

198 411 335 444 minian.
344 422 424 443 num.
438 420 464 450 5.
485 412 519 443 &
529 410 638 441 franc.
650 418 762 448 num.4.
777 408 904 441 Bellam.
915 409 949 439 in
957 415 1025 448 cap.
1038 408 1094 438 Ex
1104 413 1195 446 parte

191 455 231 486 ad
236 454 295 497 fin.
304 454 342 486 de
351 453 530 495 tempardin
541 452 614 493 Lap.
624 452 749 491 allegat.
763 461 834 526 1130.
845 450 929 483 alia's
943 459 1012 491 135.
1022 459 1102 481 num.
1116 460 1145 479 2.
1157 447 1194 479 Et

197 499 344 540 quamvis
352 497 517 528 Romanus
521 497 670 540 fingular.
684 505 720 537 45
727 506 756 526 2³
800 494 904 526 omini
913 494 977 525 inei
987 515 998 529 ,
1008 503 1064 539 pro
1074 491 1197 523 Abbatc

196 544 256 574 hoc
267 541 339 573 casti
348 540 507 580 inteliigat
518 540 718 582 Superiorem
729 538 829 570 totius
849 536 985 569 Ordinis
996 557 1007 571 ‚
1029 537 1060 566 id
1072 534 1114 569 est
1135 534 1197 566 Ge-

196 585 334 618 neraletn
344 606 354 620 ‚
385 593 452 615 non
462 593 568 618 autern
580 583 779 624 Superiorem
801 580 1024 612 immediatum
1036 577 1196 611 Monasse-

196 628 239 660 xii
248 649 259 664 ‚
269 636 320 667 per
330 635 407 658 teXt.
418 628 451 657 in
461 627 527 668 ca'p.
548 628 721 659 statuimus
731 648 741 662 ,
762 623 808 656 ibi
827 626 938 658 Patris
957 624 1196 668 torius-Congrf.

190 672 324 712 gationis
342 680 388 706 19.
401 668 494 710 quest.
516 680 543 710 3.
564 679 671 701 tamen
689 669 744 701 ille
765 676 842 699 text.
863 677 971 706 parum
1001 665 1078 712 facit
1091 687 1100 713 3
1121 674 1197 705 quia

195 713 256 746 alia
266 714 374 745 littera
384 713 476 746 habet
486 713 636 749 Abbads,
659 711 819 752 totiusque
840 708 1116 753 Congregationis
1128 730 1138 744 ‚
1151 718 1194 755 *ut

197 758 276 797 apud
287 756 419 788 ivonem
430 780 440 793 ,
451 759 484 789 &
495 755 570 788 DD.
582 767 638 797 pro
648 755 721 788 Con
726 752 912 796 gregatione
925 752 1139 785 communiter
1149 762 1196 799 in-

197 800 350 841 telligunt
362 799 571 834 conventum
591 799 683 841 ipsius
701 796 891 834 Monasterii
901 820 911 834 ,
931 807 967 828 ur
986 805 1039 837 per
1059 794 1194 827 Henric.

192 844 302 876 Boich.
312 846 346 875 in
354 842 385 875 d.
396 853 464 886 cap.
476 842 566 877 Licet
575 853 688 880 num.9.
699 844 736 873 de
748 841 889 880 Regular.
912 839 1014 872 Unde
1028 849 1093 870 non
1108 849 1197 871 com-

193 887 334 919 muniter
344 889 555 920 recedendum
566 888 583 918 a
592 884 758 921 communi
773 884 989 924 intelligentia
999 881 1177 929 Decio-runi
1187 904 1197 918 ,

196 931 253 971 qui
264 940 319 972 pro
329 930 452 964 Abbate
474 931 663 972 intelligunt
683 928 852 962 Praelatum
866 927 1088 960 immediatum
1105 925 1196 966 ipsius

201 973 389 1007 Monasterii
403 996 413 1010 ,
443 984 477 1006 ut
489 975 533 1005 ibi
553 974 662 1006 dixin.
674 976 723 1013 36.

240 1017 274 1049 Si
293 1017 369 1049 vero
390 1017 622 1054 Monasterium
639 1027 705 1050 non
727 1016 763 1048 sit
783 1023 961 1055 exemptum
972 1035 982 1050 ‚
1003 1012 1052 1044 sed
1074 1011 1197 1054 jurisdi—

196 1059 300 1092 stioni
312 1059 456 1102 Episcopi
465 1060 636 1102 subjeetum
645 1082 655 1095 ‚
676 1069 753 1091 tunc
773 1058 867 1090 refert
879 1069 888 1094 ·‚
910 1067 984 1088 nam
1005 1065 1058 1088 aut
1080 1055 1197 1087 Mona—

195 1103 340 1139 sserium,
363 1104 496 1145 adquod
512 1105 547 1135 fit
559 1104 706 1136 transitus
717 1125 726 1139 ,
744 1102 785 1134 est
795 1101 830 1132 in
855 1101 917 1132 alia
927 1099 1072 1131 dioecesi:
1090 1101 1129 1146 ¹&
1150 1110 1197 1131 re-

192 1146 332 1188 quiritur
342 1146 474 1179 licentia
481 1156 547 1179 non
557 1146 684 1179 tantum
695 1144 827 1179 Abbatis
837 1166 847 1180 ,
869 1144 918 1175 sed
930 1152 1029 1175 etiam
1042 1142 1197 1184 Episcopi,

193 1189 211 1221 ὲ
222 1189 313 1232 cujus
323 1190 452 1223 dioecesi
464 1190 645 1224 Monachus
664 1193 701 1222 ad
715 1189 808 1221 aliam
823 1186 991 1228 „dioecesim
1013 1187 1081 1218 vult
1103 1186 1199 1218 trans-

198 1233 353 1274 migrare,
375 1233 451 1265 cum
461 1243 573 1275 agatur
583 1236 622 1266 de
642 1231 826 1275 praejudicio
839 1252 849 1267 ,
879 1230 1041 1270 utriusque
1050 1252 1059 1265 ,
1091 1239 1125 1261 ut
1146 1239 1198 1270 per

189 1276 275 1308 Butr.
286 1278 319 1308 in
328 1285 394 1316 cap.
407 1276 622 1319 Significatum
633 1275 726 1318 infin.
738 1273 774 1305 de
783 1274 923 1313 Regular.
947 1273 986 1306 Et
998 1274 1043 1305 ita
1056 1273 1195 1314 intelligi

193 1321 287 1351 debet
301 1321 412 1353 lnnoc.
426 1319 474 1352 hic
485 1331 565 1353 num.
582 1330 608 1353 1.
629 1323 704 1352 dum
718 1318 784 1354 ait,
805 1328 870 1349 non
891 1318 972 1359 posse
992 1317 1061 1349 fieri
1083 1319 1199 1353 Mona,-

194 1364 290 1395 chum
301 1365 430 1396 alterius
441 1364 627 1396 Monasterii
639 1363 702 1396 sine
715 1362 847 1394 licentia
859 1360 1003 1402 Episcopi
1017 1360 1036 1390 si
1050 1360 1085 1391 sit
1097 1360 1178 1400 paris
1187 1383 1196 1397 ‚

196 1408 243 1438 vel
255 1406 390 1439 minoris
407 1406 592 1449 Religionis
603 1430 612 1444 ‚
634 1407 680 1439 sed
696 1404 885 1437 auctoritate
897 1404 1038 1445 Episcopi
1050 1406 1131 1444 poffe
1143 1404 1196 1435 fie-

183 1462 186 1464 ·
199 1450 227 1481 ri
237 1449 499 1491 dispensationem
509 1473 519 1488 ,
540 1461 662 1492 argum.
674 1459 743 1491 c-zp.
754 1451 778 1480 S
780 1450 843 1487 igni
840 1447 970 1490 ficatum
979 1451 1011 1478 in
1015 1446 1074 1489 fin.
1097 1448 1133 1479 de
1141 1449 1199 1479 Re-

190 1493 289 1533 gular.
310 1493 410 1534 Qiod
425 1494 520 1537 ipsum
532 1504 677 1535 repetunt
690 1493 739 1525 hit
752 1491 901 1523 flottam.
926 1501 953 1531 3.
972 1491 1063 1532 Joan.
1087 1492 1185 1522 Andr.

195 1547 276 1570 num.
288 1546 318 1575 7.
338 1538 385 1578 Jo.
398 1538 552 1570 Monach.
564 1541 597 1569 in
604 1546 671 1577 cap.
683 1535 890 1579 Cumfingula
909 1545 990 1565 mim.
1002 1545 1031 1573 4.
1054 1536 1086 1566 &
1098 1535 1144 1566 ibi
1154 1535 1197 1575 gl.

194 1580 398 1613 Additional.
411 1579 473 1622 post
483 1592 548 1613 ver.
557 1584 585 1613 C
586 1583 714 1612 anonicae
724 1581 761 1611 de
772 1576 858 1619 preb.
881 1576 935 1610 lib.
946 1584 977 1610 6.
1001 1578 1118 1609 Archid
1131 1581 1165 1609 in
1174 1589 1199 1610 c.

195 1626 232 1656 Si
243 1624 409 1664 Religiosiss
418 1623 514 1667 infin.
527 1624 563 1656 de
574 1624 656 1656 elea.
667 1622 730 1658 eod.
741 1621 793 1655 lib.
805 1619 842 1653 Φ
852 1623 884 1652 in
895 1632 929 1653 ca
931 1630 959 1665 p.
983 1624 1087 1666 Quam
1094 1622 1140 1665 fit
1149 1632 1201 1657 nu,

199 1671 229 1697 6.
246 1672 292 1699 18.
305 1666 397 1708 quaest.
410 1679 424 1699 2
434 1691 441 1700 .
462 1668 618 1708 Speculat.
630 1670 661 1698 in
673 1670 722 1699 tit.
735 1667 768 1697 Ae
781 1663 945 1706 dispensat.
966 1667 994 1702 §.
1006 1667 1083 1696 Sunt
1095 1674 1201 1704 quoque

197 1721 277 1743 num.
291 1714 320 1744 6.
341 1710 420 1751 vers.
433 1712 582 1754 Vigefimo
593 1721 698 1748 quarto
710 1733 719 1745 ,
743 1709 875 1742 111101.ιή
886 1709 1034 1740 clement.
1051 1718 1075 1740 1.
1087 1720 1136 1740 nu.
1152 1718 1199 1740 11.

195 1754 281 1785 &ibi
294 1754 391 1785 etiam
403 1754 539 1785 Vitalin.
550 1765 664 1786 numer.
683 1760 727 1785 ιδ’.
742 1752 778 1783 de
789 1752 930 1790 Regulizr,
951 1752 1026 1783 Haec
1047 1751 1134 1783 enim
1144 1754 1201 1783 do-

193 1795 296 1828 cti-ina
307 1797 444 1837 intelligi
455 1799 547 1828 debet
559 1821 566 1828 .
590 1797 697 1828 Primo
708 1820 717 1833 ,
732 1794 906 1827 dummodo
918 1795 1152 1827 Monasserium
1163 1818 1172 1833 ‚
1183 1796 1199 1826 :i

201 1850 268 1881 quo
280 1840 461 1873 Monachus
480 1842 547 1872 vult
569 1841 750 1875 abscedere,
776 1839 810 1871 sit
836 1839 988 1879 Episcopo
1006 1838 1201 1881 suljeifi‘tunu

198 1893 274 1915 nam
285 1883 306 1916 si
318 1884 390 1915 elset
401 1894 579 1924 exemptum
591 1906 599 1920 ,
611 1894 703 1925 prout
717 1893 807 1917 erant
820 1882 1015 1914 Monasteria
1033 1882 1143 1914 omnia
1161 1887 1199 1915 de

203 1926 270 1966 jure
282 1936 406 1962 veteri,
424 1938 450 1958 c.
459 1929 572 1965 Siquis
583 1927 693 1959 abbas
703 1948 712 1964 ,
723 1925 760 1959 θ’
769 1938 795 1958 c.
806 1924 1036 1963 Abbates18.‹1.
1051 1938 1078 1957 2.
1090 1926 1200 1967 utiquc

198 1979 266 2000 non
278 1969 425 2011 spectaret
438 1972 474 2001 ad
487 1971 673 2012 Episcopum
685 1969 861 2012 hujusmodi
873 1969 1035 2001 licentiam
1046 1974 1201 2003 concede—

199 2022 233 2044 re
245 2034 254 2048 ‚
267 2024 339 2044 cum
357 2023 391 2045 in
401 2020 564 2055 exemptos
582 2015 702 2045 nullam
723 2014 834 2044 habeat
857 2012 1127 2053 jurisdictionum
1152 2015 1198 2044 {ed

200 2058 241 2087 ad
254 2055 410 2089 Abbatem
424 2059 589 2089 dumtaxat
601 2079 611 2093 ‚
631 2068 655 2088 c.
668 2057 742 2090 Non
753 2056 792 2097 est
803 2054 889 2088 vobis
899 2055 935 2087 de
945 2057 1086 2094 Χημίαν.
1104 2055 1144 2087 Et
1156 2056 1202 2088 ita

203 2099 287 2131 inter
307 2110 336 2131 e>
347 2109 468 2139 emptos
482 2122 490 2135 ,
517 2102 549 2132 &
570 2110 635 2132 non
657 2109 816 2140 exemptos
833 2099 865 2130 in
885 2098 985 2139 specie
1002 2098 1200 2140 distinguunt

202 2142 288 2182 ΑΗΕ.
299 2154 332 2173 in
341 2153 406 2174 ver.
420 2142 586 2184 Rei'igiofirs
596 2155 626 2174 n.
641 2153 690 2183 34.
701 2143 1007 2181 Silv.1'nver.Rcligio
1018 2154 1048 2182 4.
1060 2151 1086 2180 q.
1098 2153 1127 2179 9.
1137 2141 1200 2174 Ta-

202 2186 294 2219 biena
305 2197 338 2215 m
348 2192 652 2227 coa.vcr.q.23.u.24.
663 2187 737 2220 &in
751 2187 832 2218 idem
845 2185 961 2218 recidit
971 2187 1055 2226 quod
1069 2185 1112 2217 ait
1121 2184 1202 2218 Car-

201 2228 269 2260 din.
282 2226 331 2260 hic
339 2240 439 2260 n.2.1n
450 2239 464 2270 3
474 2253 481 2263 .
493 2240 519 2267 q.
534 2229 682 2261 videlicet
696 2229 789 2261 solius
798 2229 936 2261 Abbatis
948 2229 1111 2260 licentiam
1125 2228 1202 2261 suffi—

199 2281 271 2303 cere
282 2293 292 2308 ‚
302 2272 321 2303 si
335 2272 394 2313 ipse
405 2273 533 2307 haberet
542 2272 794 2315 jurisdictionem
805 2272 890 2313 quasi
903 2271 1116 2313 Episcopalem
1128 2297 1136 2304 .
1147 2272 1200 2304 Se—

201 2314 309 2345 cundo
324 2316 506 2348 innocentii
519 2315 663 2347 <i‹-·‹5ii·=na
678 2315 816 2356 intelligi
829 2316 921 2348 debet
940 2315 1115 2350 dummodo
1127 2315 1201 2347 Μο-

198 2358 388 2395 milesium,
405 2361 441 2391 ad
453 2368 537 2401 quod
550 2360 586 2392 fit
599 2370 620 2389 ti
633 2373 650 2393 ει
661 2359 757 2393 nsitus
769 2381 779 2396 ‚
799 2359 879 2390 sitin
900 2359 1029 2390 alterius
1049 2359 1174 2392 dioecefi
1187 2371 1197 2389 :

142 2401 178 2431 16
200 2409 275 2431 tunc
287 2403 371 2432 enim
385 2403 605 2443 praejudicatur
617 2403 772 2443 Epiieopo
783 2424 792 2437 ‚
802 2401 818 2433 :i
829 2402 919 2444 cujus
929 2402 1113 2435 obedientia
1124 2402 1199 2434 Mo-

202 2444 320 2475 nachus
332 2444 523 2478 subtrahitur
536 2468 546 2482 ‚
564 2446 680 2479 &ideo
691 2445 968 2487 requirituripsius
985 2445 1134 2477 licentia:
1158 2445 1200 2477 se-

143 2493 182 2523 17
205 2496 259 2517 cus
273 2486 348 2520 xero
362 2487 382 2518 si
397 2487 796 2529 utriusqueMorinsterium
809 2488 890 2520 sitin
909 2488 1034 2520 dioecefi
1057 2489 1149 2529 ipsius
1159 2488 1200 2522 E-

135 3048 172 3081 ¹8

200 2529 320 2570 piscopi
330 2531 426 2571 ‚quia
437 2540 514 2564 tunc
527 2533 592 2575 ejus
603 2533 683 2564 nihil
696 2531 823 2566 interest
833 2554 844 2568 ,
873 2542 913 2563 an
924 2531 1104 2564 Monachus
1118 2532 1151 2565 sit
1166 2533 1202 2565 in

197 2572 257 2604 hoc
269 2594 279 2608 ,
293 2583 302 2601 ι
312 2575 339 2604 el
354 2575 385 2604 in
398 2573 453 2605 itio
465 2574 663 2609 Monaflerio
675 2597 684 2611 ‚
704 2573 777 2605 ci'im
789 2575 958 2616 Utrobique
970 2585 1129 2607 remaneat
1143 2576 1196 2607 sub

200 2614 287 2647 illius
300 2617 518 2657 jurisditftione
529 2640 539 2653 ,
562 2627 628 2658 arg,
638 2629 663 2650 c.
675 2629 702 2649 z.
712 2619 745 2648 in
752 2614 854 2659 fimde
865 2619 961 2657 Reltg.
975 2617 1083 2650 domib.
1105 2618 1197 2651 Licet

199 2658 296 2691 etiarn
310 2660 369 2691 hoc
391 2661 462 2692 casu
485 2661 603 2701 requiri
627 2661 794 2692 licentiam
814 2660 956 2701 Episcopi
969 2683 979 2695 .
997 2671 1126 2693 teneant
1145 2662 1196 2694 hic

195 2701 283 2734 But'r.
295 2705 578 2742 n.13.Catd.n.2.in
591 2714 618 2744 3.
633 2713 660 2742 q.
672 2706 702 2736 <Ex
719 2703 798 2734 Abb.
810 2701 870 2734 eod.
881 2715 910 2734 n.
922 2702 1006 2744 quod
1020 2715 1082 2735 non
1093 2708 1110 2736 d
1119 2705 1197 2746 ispli-

199 2754 251 2777 εει
262 2767 270 2776 .
291 2745 406 2782 Tertio
416 2748 508 2779 debet
531 2747 668 2787 intelligi
681 2769 689 2783 ,
709 2745 884 2779 dummodo
903 2756 1012 2787 praeter
1031 2747 1196 2781 licentiam

198 2787 339 2830 Episcopi
354 2790 439 2821 simul
452 2790 547 2822 etiam
561 2799 733 2822 concurrat
746 2789 879 2820 licentia
891 2789 1041 2826 Abbatis,
1063 2800 1102 2822 rie
1121 2792 1196 2823 alias

202 2841 427 2866 contemnatur
440 2835 544 2868 [onim
568 2832 760 2865 obedientiae
771 2855 781 2869 ,
790 2842 823 2863 ut
834 2831 954 2863 dicitur
964 2843 997 2863 m
1008 2831 1038 2863 d.
1051 2843 1075 2864 c.
1085 2835 1174 2866 Licet
1184 2858 1194 2872 ,

195 2873 276 2914 vers.
285 2875 353 2920 Qo
371 2888 442 2909 vero
454 2877 491 2908 de
505 2879 644 2916 Regular.
666 2876 704 2908 Et
718 2876 763 2908 ita
775 2874 895 2916 requiri
917 2874 1080 2907 licentiam
1093 2877 1196 2910 Abba-

197 2916 238 2947 tis
249 2939 258 2953 ‚
280 2920 310 2949 &
325 2920 489 2961 Episcopi,
499 2920 555 2960 qui
566 2920 652 2957 super
663 2921 722 2951 hoc
735 2919 832 2960 potest
844 2917 1014 2957 dispensare
1028 2941 1036 2955 ‚
1048 2929 1135 2952 tenet
1148 2921 1194 2952 ibi

196 2959 295 3010 Henr.
311 2962 416 2995 ssoich.
426 2974 506 2995 num.
518 2975 549 3002 9.
559 2964 612 2996 ubi
623 2964 739 3004 allegat
760 2962 871 2994 innoc.
883 2959 931 2993 hic
941 2983 951 2998 ‚
961 2963 994 2994 ὃ(
1005 2962 1083 2994 alios
1093 2964 1196 3004 proxi-

197 3013 248 3033 me
259 3012 375 3038 citatos
385 3028 393 3037 .

225 3044 426 3080 Desideratur
434 3048 713 3082 etiamsecundum
727 3048 849 3090 aliquos
860 3046 992 3081 licentia
1004 3046 1095 3089 ipsius
1104 3047 1195 3080 Con—

198 3097 328 3125 ventus,
349 3094 432 3132 quod
455 3103 540 3124 tenet
552 3093 592 3133 gl.
615 3105 682 3124 mc.
700 3092 780 3125 Ciim
792 3093 913 3134 fingula
932 3094 964 3122 in
975 3101 1043 3122 ver..
1058 3093 1193 3123 Canoni—

197 3131 229 3164 τὲ
241 3131 276 3163 dc
285 3133 369 3174 preb.
381 3132 464 3166 libf.
478 3136 531 3167 ubi
541 3137 622 3167 dicit
635 3136 832 3168 Monachum
846 3146 881 3166 ex
894 3132 984 3166 causa
993 3134 1073 3174 posse
1086 3136 1194 3172 tranli-

197 3186 230 3206 re
242 3177 277 3206 ad
289 3186 393 3217 parem
403 3179 440 3210 de
451 3177 583 3211 licentia
597 3179 727 3211 Abbatis
740 3201 748 3215 ‚
760 3180 791 3210 ὅ(
800 3177 988 3210 Conventus
1001 3199 1010 3212 ,
1022 3187 1074 3218 per
1084 3189 1108 3209 C·
1120 3181 1193 3209 Sta-

196 3228 307 3250 tumsus
323 3230 368 3256 19.
381 3229 408 3257 q.
425 3230 451 3261 3.
461 3222 492 3253 &
504 3221 578 3253 cuin
589 3222 643 3254 illa
654 3223 695 3261 gl.
707 3224 925 3257 concordant,
940 3218 1193 3260 ibid.Joan.Mo-

195 3264 287 3294 nach.
297 3273 376 3294 num.
388 3275 417 3303 4.
430 3263 585 3295 Ancum«.
600 3276 628 3296 2.
639 3264 773 3296 Cardin.
788 3264 836 3296 hic
844 3275 923 3296 num.
940 3275 966 3294 2.
979 3273 1024 3300 qu.
1039 3273 1066 3304 3.
1089 3264 1187 3296 Henr.

193 3305 301 3338 Boicli.
312 3308 346 3337 in
354 3304 504 3338 d.c.L2'ce'e
514 3318 543 3338 η.
555 3310 619 3341 9.ιή
630 3306 721 3346 finde
730 3311 861 3347 regular.
875 3307 1044 3341 Bellarn.i71
1055 3315 1119 3347 cap.
1133 3309 1189 3339 Ex

192 3357 280 3389 parte
290 3347 385 3390 infin.
395 3348 431 3380 de
442 3349 697 3389 temporardinat.
711 3350 834 3383 Rebuff.
846 3354 878 3382 in
886 3352 980 3391 praxi
990 3347 1087 3389 benef.
1097 3352 1130 3381 in
1139 3353 1191 3382 tit.

194 3392 231 3422 de
241 3394 386 3424 translat.
395 3391 543 3426 Monach.
554 3403 603 3423 nu.
614 3402 643 3431 7.
664 3394 761 3434 quue
773 3394 871 3428 tutius
883 3394 940 3425 else
959 3391 1079 3424 etiamsi
1092 3395 1128 3425 ad
1141 3404 1190 3425 ar-

189 3434 324 3469 ekiotem
343 3435 550 3476 Religionem
568 3435 622 3469 fiat
643 3437 789 3470 transitus
801 3459 811 3475 ‚
833 3436 988 3471 affirmant
1008 3436 1122 3470 Innoc.
1139 3435 1189 3471 hic

2083 27 2185 74 '345

1238 108 1319 129 num.
1334 108 1360 128 i.
1373 110 1382 127 1
1393 111 1435 127 11,
1453 121 1461 129 .
1481 122 1486 127 .
1568 121 1591 138 γ.
1612 97 1658 136 Jo.
1669 94 1768 131 Andr.
1781 104 1861 127 num.
1873 101 1902 131 7·
1923 93 2054 127 &Buta
2064 105 2176 126 numer.
2194 106 2238 136 13.

1240 141 1298 172 Sed
1311 150 1370 181 ego
1381 142 1524 173 exiilimo
1536 151 1601 172 non
1612 138 1712 172 solum
1722 142 1783 172 hoc
1795 139 1854 171 esse
1865 136 1968 170 tutius
1978 158 1988 173 ‚
2011 137 2059 169 sed
2070 137 2168 170 etiam
2188 148 2240 170 ve-

1238 184 1302 215 rius
1314 187 1443 224 quando
1453 185 1488 215 fit
1499 184 1646 216 transitus
1657 190 1695 216 au
1716 186 1888 227 aequalem,
1911 190 1980 214 turn
1999 191 2076 223 quia
2087 184 2124 213 ad
2136 180 2239 214 Abba-

1237 236 1301 258 tem
1314 227 1423 264 simul,
1443 233 1476 259 oc
1500 227 1708 262 Contentum
1728 225 1842 270 spectat
1862 224 2061 256 Monachum
2080 223 2218 264 recipere
2228 248 2238 263 ,

1237 271 1387 303 &ordini
1401 271 1623 311 incorporare,
1643 271 1732 312 gloir.
1748 281 1773 304 1.
1792 272 1826 302 in
1835 277 1903 311 cap.
1914 268 2088 301 Porrefbum
2107 266 2144 298 de
2153 277 2239 306 regu-

1236 313 1298 347 lar.
1329 315 1360 346 &
1370 314 1436 345 dixi
1446 326 1480 345 in
1489 325 1556 355 cap.
1567 313 1625 347 Ad
1635 314 1843 357 Apostolicum
1850 314 1883 342 in
1901 322 1931 344 ι.
1941 321 2002 342 not.
2015 310 2079 343 eod.
2090 313 2141 343 tit.
2162 320 2239 350 ergo

1238 358 1275 388 ad
1297 357 1420 391 eosdem
1432 356 1544 398 spectat
1565 358 1775 398 ‚Monachum
1805 357 1968 391 dimittere
1979 376 1989 393 ‚
2008 356 2042 385 ὃ(
2064 355 2101 386 ab
2122 354 2236 386 ordine

1238 398 1395 431 absolvere
1404 422 1414 436 ‚
1428 410 1491 441 arg.
1503 412 1529 432 c.
1539 405 1636 432 omnis
1644 413 1693 432 res
1703 402 1739 433 de
1749 401 1902 440 regamur.
1915 399 1953 432 (ῥ’
1961 399 1984 430 l.
1995 396 2096 430 Nihil
2104 407 2171 429 tam
2181 408 2238 429 na-

1236 444 1336 474 turale
1348 441 1397 485 ‚ff-
1410 443 1471 475 eod.
1484 443 1568 475 Tum
1579 444 1656 485 quia
1665 445 1743 479 sicut
1754 445 1789 476 in
1808 442 2005 477 alienatione
2015 451 2119 474 rerum
2130 440 2239 473 Eccle-

1237 485 1426 518 siasticaruin
1438 487 1609 527 requiritur
1620 487 1764 528 Capituli
1777 487 1956 524 conlensus,
1965 498 1989 518 c.
1999 488 2074 517 Sine
2086 487 2239 526 exceptio-

1234 541 1270 561 ne
1286 540 1332 561 iz.
1344 539 1370 567 q.
1384 531 1505 561 mlta&
1517 529 1633 562 rba-tisis
1652 532 1686 563 in
1708 530 1902 563 alienatione
1915 531 2132 570 personarum,
2159 527 2238 568 quia

1236 573 1384 613 gravior,
1408 576 1441 608 ὅ(
1453 576 1555 617 major
1566 574 1709 606 censetur
1729 574 1881 606 alienatio
1901 573 2099 614 personarum
2111 594 2121 610 ,
2140 571 2236 612 quirin

1238 627 1342 648 rerum
1351 638 1361 653 ‚
1384 627 1447 658 arg.
1459 628 1483 648 c.
1498 622 1589 650 Praect
1593 620 1692 658 pimus
1702 628 1761 654 ιη.
1770 629 1777 647 1
1785 641 1793 648 .
1806 616 1976 649 secundum
1988 616 2111 647 Helian
2121 615 2239 649 οἱα-,Ζά-

1236 660 1282 691 cet
1295 672 1344 690 nu.
1360 669 1406 692 12,
1420 662 1454 691 cie
1463 662 1593 698 regular.
1605 664 1636 693 δε
1650 661 1769 693 Turrec
1776 670 1851 692 rem.
1862 662 1894 690 in
1908 665 1947 690 a..
1957 663 2195 690 ..statui-masna.
2208 669 2238 692 2-

1241 713 1288 740 19·
1299 712 1345 741 qu.
1361 712 1388 743 3.
1409 703 1480 736 Nec
1492 703 1669 745 refragatur
1678 728 1689 742 ,
1709 706 1794 746 quod
1807 704 1841 735 in
1853 703 1984 735 transitu
1997 703 2033 733 ad
2054 701 2239 736 strictiorem
2262 711 2274 736 1

1238 746 1371 781 licentia
1380 746 1570 781 Conventus
1581 759 1646 782 non
1658 749 1695 781 sit
1707 747 1879 781 neceffaria
1891 768 1901 782 ‚
1912 757 1944 777 iit
1964 745 2237 786 pluribus-firmavi

1236 790 1272 822 in
1287 790 1432 831 praedicta
1452 791 1637 830 Decretali‚
1655 793 1751 825 Licet
1768 802 1848 823 num.
1863 799 1912 830 37.
1921 788 2043 829 &seqq-
2065 787 2236 830 Qioniarn

1236 833 1270 865 in
1281 834 1415 866 transitu
1437 839 1473 867 ad
1495 834 1680 869 strictiorem
1700 835 1880 867 Monachus
1900 843 1967 865 non
1987 832 2144 866 alienatur
2154 855 2164 869 ‚
2187 833 2238 879 sed

1237 877 1274 908 in
1284 878 1398 910 melius
1417 889 1634 911 commutatur
1655 880 1846 912 auctoritate
1867 876 2046 917 Superioris
2056 897 2066 911 ‚
2098 884 2133 906 ut
2153 877 2236 907 dicit

2280 710 2300 740 9

1236 920 1410 955 Arcliid.i71
1419 922 1449 953 d.
1460 934 1484 954 c.
1494 926 1669 958 statuimus
1682 936 1729 955 mi.
1743 935 1771 956 2..
1782 921 1879 964 infin.
1903 920 1983 951 Item
1997 920 2030 951 in
2041 929 2080 950 eo
2093 918 2164 950 casu
2173 928 2241 950 non
2293 925 2297 930 “

1237 965 1413 1004 requiritur
1444 965 1577 998 licentia
1598 968 1731 998 Abbatis
1742 989 1752 1003 ,
1774 966 1823 998 sed
1854 963 1928 997 satis
1950 962 1991 997 est
2013 972 2082 994 eam
2104 970 2210 1003 petere
2228 983 2240 997 ‚

1236 1017 1274 1039 ne
1289 1009 1407 1040 bonum
1416 1009 1606 1044 obedientiae
1616 1019 1861 1045 contemnatur,
1872 1018 1907 1039 ur
1921 1007 1955 1039 in
1967 1005 2023 1038 d.c.
2036 1000 2126 1038 Lice‘t
2136 1026 2145 1041 ,
2157 1002 2236 1045 verfi

1236 1052 1387 1096 ,roi'rca
1398 1075 1407 1083 .
1428 1052 1465 1084 Et
1474 1053 1654 1086 Monachus
1664 1076 1673 1090 ‚
1704 1063 1780 1086 tunc
1793 1051 1903 1089 transit
1923 1049 2049 1091 propria
2065 1047 2238 1080 audierim-

1238 1105 1269 1127 te
1280 1117 1290 1131 ,
1313 1105 1345 1126 ut
1356 1096 1498 1128 ibinotat
1511 1097 1623 1134 innoc„
1633 1108 1713 1129 num.
1728 1107 1753 1128 1.
1764 1099 1797 1129 in
1807 1107 1873 1129 ver.
1889 1092 2071 1134 Adimplere
2080 1093 2134 1139 l&
2147 1091 2236 1139 Ηοίζ.

1237 1149 1318 1170 num.
1335 1149 1382 1178 14.
1405 1142 1447 1172 At
1464 1144 1549 1172 (ecus
1561 1140 1602 1172 est
1613 1152 1647 1177 in
1659 1141 1793 1173 transitu
1802 1142 1839 1173 ad
1849 1138 2000 1180 aequalem
2012 1145 2117 1184 ’.ΨΜ
2127 1145 2240 1184 ‚fem-¹1*

1237 1182 1318 1213 titur
1330 1182 1462 1216 licentia
1473 1184 1572 1226 petita
1582 1206 1592 1221 ,
1615 1187 1648 1216 &
1658 1185 1792 1219 obtenta
1802 1205 1812 1220 ‚
1821 1192 1856 1214 ut
1868 1192 1920 1223 per
1933 1181 2066 1214 Henric.
2077 1178 2186 1210 Boich.
2202 1188 2238 1210 in

1236 1223 1267 1261 d,
1279 1235 1303 1257 c.
1321 1226 1411 1262 Licet
1421 1238 1470 1258 nu.
1483 1239 1512 1263 9.
1535 1238 1594 1262 nec
1605 1228 1640 1261 fit
1652 1226 1866 1264 commutatio
1878 1226 1909 1256 in
1929 1222 2042 1258 melius
2052 1245 2065 1270 ².
2083 1223 2117 1254 &
2137 1222 2183 1255 ita
2198 1221 2242 1254 est

1238 1268 1282 1300 ibi
1296 1270 1449 1303 alienatio
1459 1293 1469 1307 ‚
1491 1272 1523 1303 in
1535 1281 1598 1311 qua
1609 1271 1784 1313 requiritur
1794 1269 1958 1302 consensus
1970 1290 1979 1304 ‚
1991 1276 2025 1300 ut
2036 1265 2155 1298 dietum
2177 1265 2218 1297 est
2229 1287 2237 1295 .

1237 1311 1381 1344 Consulo
1393 1313 1491 1353 igitur
1502 1337 1512 1350 ,
1523 1324 1557 1345 ιιι
1570 1314 1590 1346 si
1603 1314 1833 1347 Monasserium
1849 1317 1882 1343 lit
1895 1311 2047 1352 Episcopo
2056 1308 2240 1356 subjedkum,

1239 1356 1371 1388 licentia
1382 1356 1408 1388 se
1419 1357 1630 1390 transferendi
1642 1362 1678 1390 ad
1691 1368 1797 1399 parem
1808 1356 1992 1397 impetretur
2015 1351 2218 1400 :ib-Episcopo
2228 1373 2240 1388 ‚

1237 1400 1360 1431 Abbate
1373 1421 1382 1435 ,
1403 1402 1435 1433 &
1446 1400 1638 1438 Conventu‚
1660 1402 1777 1444 ju'xtao
1802 1399 1945 1431 inionem
1964 1394 2197 1430 Cardin.h1cn.
2210 1406 2240 1427 ι..

1237 1446 1271 1477 in
1281 1453 1308 1485 3.
1317 1453 1345 1481 q.
1359 1442 1436 1476 Haec
1447 1446 1486 1476 de
1498 1445 1633 1477 transitu
1643 1448 1679 1477 ad
1692 1411 1844 1486 aequaiem
1855 1467 1863 1475 .

1281 1486 1397 1520 Tertio
1406 1498 1512 1520 autem
1523 1488 1594 1521 casu
1606 1511 1616 1525 ‚
1627 1489 1747 1521 scilicet
1757 1499 1830 1520 cuin
1845 1485 2025 1528 Religiosus
2035 1483 2166 1517 tranfire
2177 1483 2244 1515 vult
2266 1493 2308 1517 20

1240 1532 1276 1563 ad
1291 1530 1460 1568 laxiorem,
1485 1531 1536 1565 seu
1547 1533 1706 1570 minorem
1720 1531 1949 1573 Religionem;
1974 1528 2118 1561 similiter
2135 1526 2243 1575 distin-

1239 1583 1300 1617 31¹6
1313 1585 1322 1611 3
1344 1585 1418 1607 nam
1429 1585 1483 1607 aut
1495 1576 1582 1608 nulla
1592 1576 1688 1608 subest
1708 1576 1800 1614 causa
1820 1574 1964 1616 legitima
1987 1573 2170 1605 transeundi
2182 1581 2194 1607 ‚·
2211 1572 2246 1603 &

1239 1618 1338 1659 palam
1352 1618 1393 1651 est
1405 1618 1506 1650 solum
1519 1619 1630 1660 Papam
1642 1620 1723 1661 poss‘e
1733 1618 1911 1662 hujusmodi
1924 1617 2089 1649 licentiam
2102 1614 2243 1656 imperti-

1239 1671 1267 1693 1'1
1278 1683 1287 1698 ³
1298 1662 1385 1702 gloss.
1399 1664 1507 1703 ἰηῒιιμ.
1518 1662 1724 1706 Citmfingula
1735 1665 1767 1695 in
1778 1673 1844 1694 ver.
1853 1663 2006 1694 Canonice
2012 1659 2049 1691 de
2056 1657 2178 1700 praeben.
2189 1655 2242 1706 lib.

1240 1708 1272 1736 6-
1295 1705 1349 1736 ubi
1362 1705 1442 1739 dicit
1455 1704 1556 1738 i'olt‘iin
1568 1706 1681 1747 Papam
1702 1705 1875 1748 dispensare
1895 1706 1914 1736 Ii
1928 1707 2065 1738 transeat
2083 1704 2120 1734 ad
2145 1703 2243 1733 laxio-

1240 1758 1305 1779 rem
1317 1747 1380 1780 sine
1393 1749 1484 1781 causa
1494 1772 1503 1786 ‚
1514 1750 1589 1781 cum
1600 1751 1636 1784 sit
1646 1760 1761 1784 contra
1770 1750 1840 1793 jura
1849 1771 1859 1785 ,
1881 1760 1905 1781 c.
1915 1745 2073 1788 proposuit
2082 1743 2118 1777 de
2127 1742 2243 1786 conceffi

1239 1788 1362 1833 praeben.
1375 1793 1407 1824 8<
1419 1800 1492 1824 cum
1503 1794 1544 1834 gl.
1557 1797 1756 1831 concordant
1775 1793 1821 1825 ibi
1831 1791 2015 1828 Geminian.
2035 1792 2068 1822 in
2081 1791 2109 1826 §.
2131 1787 2242 1821 Prohi-

1240 1834 1338 1866 bemus
1349 1846 1397 1866 nu.
1412 1846 1440 1875 5.
1452 1837 1484 1868 ὃς
1497 1836 1604 1869 Franc.
1617 1848 1696 1868 num.
1706 1848 1736 1877 4.
1750 1835 1830 1876 vers.
1842 1835 1903 1869 Sed
1914 1836 1993 1867 certe
2003 1857 2013 1871 ,
2035 1833 2088 1864 ubi
2098 1832 2184 1872 quod
2205 1831 2243 1864 il-

1241 1878 1302 1909 lam
1312 1879 1354 1918 gl.
1366 1879 1536 1920 sequuntur
1548 1879 1702 1912 Dostoies
1712 1881 1804 1922 Joan.
1815 1880 1912 1915 Andr.
1923 1881 1955 1910 in
1966 1879 2067 1909 audit.
2079 1875 2121 1907 ad
2130 1879 2242 1916 Specu-

1239 1922 1297 1954 lai.
1309 1934 1341 1952 in
1352 1931 1402 1955 tat.
1413 1922 1450 1956 de
1459 1922 1587 1964 dispens.
1601 1931 1627 1961 ἢ.
1639 1927 1716 1955 Sunt
1730 1934 1835 1962 quoque
1843 1934 1892 1954 nu.
1905 1927 1934 1954 6.
1947 1923 2070 1954 Littera
2084 1920 2128 1951 D.
2140 1918 2241 1960 Lupus

1239 1965 1365 2004 allega!-
1380 1975 1449 2008 130«
1462 1966 1544 1998 aluis
1558 1976 1624 2007 135.
1634 1977 1682 1999 nn.
1697 1977 1725 2009 3.
1744 1967 1830 1999 Butr.
1841 1969 1874 1997 in
1884 1979 1908 1998 c.
1919 1962 2133 2004 Significatum
2147 1960 2240 2004 infin.

1239 2008 1276 2040 de
1288 2010 1418 2048 regular.
1431 2010 1468 2043 Ψ
1479 2012 1511 2042 in
1528 2022 1552 2042 c.
1563 2011 1638 2042 Non
1648 2009 1687 2052 est
1697 2009 1783 2043 vobis
1795 2008 1896 2052 infine
1905 2031 1919 2046 ‚⁸
1927 2008 1981 2043 ubi
1990 2007 2088 2040 etiam
2099 2005 2196 2042 Card.
2207 2007 2241 2038 &

1241 2052 1321 2083 Abb.
1331 2063 1443 2084 numer.
1457 2064 1483 2084 2.
1493 2052 1553 2085 eod.
1566 2057 1616 2085 tit.
1640 2053 1766 2085 Dicunt
1776 2063 1883 2087 tamen
1897 2046 2051 2088 Doemres
2062 2048 2240 2097 hujusmodi

1239 2095 1502 2136 dispensationem
1514 2119 1524 2134 ,
1540 2097 1685 2138 quamvis
1697 2097 1789 2137 profit
1809 2097 1842 2128 in
1855 2096 1925 2128 foro
1946 2093 2088 2139 judiciali
2101 2116 2109 2128 ‚
2132 2102 2240 2140 tamen

1241 2149 1306 2170 non
1319 2139 1464 2172 excusare
1476 2140 1510 2172 in
1522 2139 1595 2175 foro
1605 2140 1810 2177 conscientiae
1820 2161 1830 2176 ‚
1852 2141 1883 2172 &
1897 2149 1962 2180 quo
1973 2140 2008 2170 ad
2024 2137 2148 2173 Deum,
2159 2144 2241 2170 utin

1240 2181 1335 2214 simili
1346 2182 1447 2215 voluit
1455 2183 1546 2224 gloss.
1558 2184 1601 2215 fin
1605 2184 1722 2225 gularis
1733 2196 1764 2215 ιη
1775 2184 1876 2215 c.Non
1887 2182 1928 2224 est
1936 2185 2001 2215 voti
2012 2185 2120 2215 inver..
2128 2178 2242 2211 Adim-

1239 2226 1319 2269 plere
1330 2225 1415 2268 infra*
1425 2225 1461 2257 de
1474 2236 1544 2260 voto
1554 2249 1563 2264 ‚
1575 2228 1629 2259 ubi
1640 2227 1720 2259 dicit
1731 2237 1802 2263 eum
1814 2249 1824 2262 ,
1835 2224 1908 2258 cum
1918 2236 1982 2268 quo
1993 2224 2071 2265 Papa
2080 2223 2113 2255 in
2124 2223 2240 2256 talibus

1239 2268 1394 2309 dispensat
1409 2280 1473 2301 nori
1485 2271 1544 2302 esse
1557 2268 1700 2304 securum
1710 2272 1814 2312 quoad
1827 2269 1931 2305 Deum
1943 2292 1952 2306 ‚
1972 2267 2029 2300 nisi
2050 2265 2142 2300 subsit
2162 2276 2238 2297 cau·

1239 2311 1269 2345 sa
1278 2311 1495 2352 dispensandi.
1517 2312 1557 2345 Et
1568 2314 1613 2346 ita
1624 2326 1656 2348 in
1667 2314 1724 2345 hac
1736 2313 1834 2354 specie
1845 2312 2011 2348 concludit
2023 2311 2168 2345 Abbasm
2178 2309 2236 2341 d.c.

1238 2355 1314 2390 Nm
1325 2353 1365 2397 ‘st
1375 2354 1463 2388 vobis.
1471 2366 1551 2388 num.
1564 2361 1597 2392 6.
1616 2358 1663 2399 Jo.
1676 2358 1773 2389 Andr.
1786 2358 1818 2388 &
1830 2356 1915 2388 Butr.
1925 2358 1958 2387 in
1968 2357 2028 2387 c.S
2029 2365 2086 2386 ane
2094 2353 2131 2384 de
2141 2354 2238 2400 Regu:-

1239 2399 1298 2431 lar.
1320 2400 1373 2430 ubi
1385 2401 1544 2440 propterea
1556 2402 1734 2433 exclamant
1745 2409 1858 2432 contra
1870 2398 2092 2433 Praedicator-es
2103 2417 2113 2432 2
2129 2396 2162 2430 δέ
2173 2394 2237 2427 Μι-

1239 2452 1332 2475 nores
1343 2465 1355 2479 2
1373 2444 1406 2475 &
1428 2444 1508 2475 alios
1530 2443 1754 2477 Mendicantes
1765 2464 1779 2479 ,ζ
1793 2442 1851 2483 qui
1866 2443 2000 2474 credunt
2024 2440 2051 2471 se
2071 2438 2129 2471 effe
2149 2447 2238 2486 tutos

1237 2487 1342 2526 quoad
1355 2485 1457 2519 Deum
1469 2509 1483 2523 ,,
1499 2486 1520 2517 fi
1532 2496 1567 2519 ex
1579 2485 1808 2527 dispensatione
1820 2484 1905 2525 Papae
1917 2483 2080 2516 transeunt
2093 2484 2129 2514 ad
2151 2483 2237 2514 ordi-

1237 2539 1310 2561 nein
1326 2529 1562 2561 Monachorum
1574 2552 1583 2566 ‚
1607 2530 1654 2562 vel
1667 2531 1705 2562 ad
1717 2529 1811 2561 aliam
1833 2527 2039 2569 Religionem
2059 2536 2124 2559 non
2145 2524 2237 2557 subsi-

1239 2572 1335 2607 stente
1346 2573 1528 2604 rationabili
1539 2573 1738 2605 conscientia
1749 2593 1758 2609 ‚
1776 2572 1898 2615 &justa
1908 2571 1998 2603 causa
2010 2581 2018 2606 ·‚
2039 2579 2095 2610 pro
2112 2577 2178 2609 quo
2188 2577 2237 2600 et-

1238 2616 1301 2647 iam
1312 2615 1352 2646 est
1365 2616 1446 2646 bona
1456 2616 1498 2656 gl.
1509 2618 1542 2647 in
1552 2628 1576 2647 c.
1587 2615 1741 2649 Monac-ln·
1753 2624 1903 2654 vagantes
1913 2616 1945 2646 in
1954 2625 2021 2646 ver.
2033 2613 2103 2645 Nec
2110 2614 2143 2643 in
2152 2613 2234 2644 civi-

1237 2657 1352 2690 tatibus
1367 2663 1475 2696 1641.
1486 2662 1516 2690 ὃ.-
1529 2659 1669 2700 sequitur
1679 2659 1825 2692 Franc.in
1835 2656 2100 2700 d.c.Ciomfingula
2112 2678 2121 2692 ,
2132 2657 2237 2693 §.Pro-

1237 2700 1331 2733 hiber»
1337 2713 1370 2733 us
1380 2713 1447 2742 714.
1455 2701 1535 2743 verfi
1545 2702 1610 2735 Sed
1617 2703 1696 2738 cert&
1707 2701 1744 2734 de
1753 2701 1838 2743 praeh.
1850 2700 1905 2735 lib.
1917 2706 1946 2733 6.
1959 2700 2099 2740 Angelus
2109 2701 2143 2730 in
2151 2695 2236 2730 verb.

1237 2744 1401 2784 Reli'giofics
1411 2757 1440 2776 n.
1455 2755 1503 2786 34.
1516 2746 1636 2779 Silvest.
1649 2748 1682 2778 in
1692 2757 1757 2777 ver.
1770 2746 1888 2783 Religio
1918 2768 1926 2775 .
1938 2754 1965 2783 q.
1979 2756 2007 2775 2.
2018 2741 2050 2775 N
2055 2740 2236 2782 avan-cons.

1239 2793 1289 2827 56.
1304 2798 1384 2818 num.
1398 2799 1426 2819 2.
1448 2787 1484 2820 de
1493 2790 1623 2827 regular.
1642 2789 1752 2821 dicens
1766 2799 1825 2824 nec
1848 2787 1888 2819 Pa
1930 2787 2000 2820 mid
2024 2786 2105 2827 posse
2123 2784 2235 2826 absque

1236 2841 1367 2871 peccato
1378 2853 1387 2867 ‚
1409 2829 1446 2863 (θ’
1453 2834 1486 2863 in
1495 2835 1707 2868 Commentar.
1716 2843 1746 2872 4.
1756 2831 1793 2863 de
1804 2832 1934 2870 regular.
1946 2841 2031 2864 num..
2042 2839 2088 2861 10.
2102 2829 2128 2861 al
2136 2828 2178 2860 ias
2189 2829 2235 2860 su-

1236 2884 1323 2915 perc.
1333 2876 1506 2906 statuimus
1514 2887 1594 2907 num.
1610 2886 1641 2916 4.
1657 2886 1734 2914 19.q.
1754 2885 1781 2916 3.
1792 2875 1859 2906 Sot.
1870 2875 1907 2906 de
1915 2873 2010 2916 justit.
2023 2872 2060 2905 ὠ·
2069 2873 2127 2912 jur.
2138 2870 2192 2904 lib.
2207 2881 2232 2903 1.

1235 2928 1262 2955 q.
1275 2926 1303 2955 7.
1316 2926 1377 2948 art.
1393 2927 1419 2957 3.
1431 2920 1464 2950 in
1473 2918 1697 2961 corpor.adfin.
1729 2919 1818 2952 Adde
1830 2919 1914 2960 quod
1927 2917 1960 2950 in
1972 2917 2035 2949 istis
2058 2915 2141 2947 votis
2155 2915 2234 2955 Papa
2257 2927 2271 2947 2

1237 2970 1302 2991 non
1314 2960 1466 3001 dispensat
1476 2983 1486 2998 ,
1506 2962 1554 2993 sed
1565 2963 1705 2995 declarat
1716 2984 1726 2997 ‚
1746 2971 1780 2993 ut
1802 2961 1883 2993 dicit
1892 2961 1936 3003 gl.
1947 2959 2101 2993 notabilis
2120 2961 2152 2990 in
2163 2958 2192 2989 d.
2206 2970 2231 2990 c.

1236 3004 1310 3034 Non
1321 3002 1360 3041 est
1374 3006 1437 3035 voti
1446 3007 1479 3036 in
1490 3016 1554 3036 vcr.
1568 3006 1764 3037 Aiil'loritate
1773 3004 1864 3037 Sedis
1875 3003 1912 3036 a'e
1921 3014 1991 3036 voto
2002 3027 2009 3035 .

1278 3047 1342 3077 Aut
1362 3047 1457 3078 subest
1478 3048 1620 3088 legitima
1636 3048 1727 3080 causa
1752 3050 1788 3080 ad
1811 3048 1963 3081 laxiorem
1985 3046 2130 3079 ordinem
2150 3054 2235 3076 rran-
2255 3056 2271 3077 2

1235 3089 1343 3120 seundi
1353 3112 1362 3125 ,
1384 3092 1415 3122 ὅ(
1427 3091 1486 3122 hoc
1507 3091 1578 3122 casu
1597 3092 1753 3126 variatum
1775 3091 1817 3126 est
1837 3091 2000 3124 sententiis
2011 3113 2020 3126 ‚
2043 3098 2116 3121 nam
2136 3088 2231 3120 multi

1236 3142 1406 3164 tenuerunt
1417 3133 1514 3165 eriam
1526 3134 1691 3169 inferiores
1706 3133 1723 3166 ἒι
1746 3134 1826 3176 Papa
1844 3135 1932 3176 super
1950 3135 2007 3165 hoc
2029 3131 2230 3163 [1311111υά1(-

1235 3174 1394 3216 ρειιίαιίνὲ
1405 3176 1662 3217 poffelicentiam
1675 3177 1858 3219 indulgere.
1884 3178 1923 3209 Et
1942 3177 2004 3208 haec
2023 3174 2065 3209 est
2084 3183 2229 3205 commu-

1234 3218 1284 3250 nis
1293 3219 1403 3258 opinio
1414 3242 1423 3256 ,
1436 3229 1470 3250 ιιι
1480 3216 1646 3259 ρειιεὸὶῐεκ
1655 3220 1848 3253 Βοᾶοι·11)ιιε
1860 3231 1931 3252 mox
1943 3217 2079 3250 citandis
2088 3239 2096 3247 .
2116 3216 2178 3248 Sed
2190 3217 2224 3249 in

1233 3261 1364 3293 dubium
1387 3263 1519 3293 vertitur
1529 3285 1539 3299 ‚
1559 3264 1692 3304 quinam
1712 3264 1771 3296 sint
1792 3264 1840 3296 isti
1861 3262 2025 3295 inferiores
2046 3271 2086 3292 an
2105 3259 2226 3293 scilicet

1235 3305 1402 3345 Episcopus
1415 3327 1424 3341 ,
1445 3307 1491 3337 vel
1516 3307 1619 3339 Abbas
1630 3330 1639 3344 ‚
1662 3308 1709 3339 vel
1736 3309 1828 3339 ambo
1848 3306 1953 3337 simul.
1976 3304 2015 3336 Et
2034 3304 2162 3344 quidem
2192 3313 2229 3336 ut

1234 3347 1319 3388 supra
1331 3348 1534 3382 distinximus
1554 3349 1665 3382 incasti
1693 3351 1840 3382 transitus
1861 3351 1896 3380 ad
1919 3349 2069 3388 (equalem
2079 3369 2089 3383 ³
2112 3347 2131 3377 sl
2155 3346 2229 3378 MO-

1233 3391 1403 3422 nassei·ium
1414 3392 1449 3423 sit
1461 3403 1638 3434 exemptum
1660 3395 1676 3425 a
1689 3392 1903 3434 jurisdictione
1913 3390 2056 3431 Episcopi
2070 3412 2079 3427 ‚
2100 3390 2228 3430 planum

1233 3434 1274 3467 est
1286 3445 1351 3467 non
1369 3434 1576 3476 Episcopum,
1595 3437 1650 3478 qui
1662 3437 1695 3469 in
1714 3444 1872 3475 exemptos
1892 3435 2012 3467 nullam
2028 3430 2228 3508 hagetqjuris—

2095 3487 2119 3506 ik.
2140 3485 2184 3505 lO-

2264 2061 2302 2084 21

2278 2927 2295 2948 2

2279 3055 2294 3087 3
