<?xml version="1.0" encoding="UTF-8"?>
<!DOCTYPE html PUBLIC "-//W3C//DTD XHTML 1.0 Transitional//EN"
    "http://www.w3.org/TR/xhtml1/DTD/xhtml1-transitional.dtd">
<html xmlns="http://www.w3.org/1999/xhtml" xml:lang="en" lang="en">
 <head>
  <title>
</title>
<meta http-equiv="Content-Type" content="text/html;charset=utf-8" />
  <meta name='ocr-system' content='tesseract 3.04.00' />
  <meta name='ocr-capabilities' content='ocr_page ocr_carea ocr_par ocr_line ocrx_word'/>
</head>
<body>
  <div class='ocr_page' id='page_1' title='image "./commentariainpri01fagn_0643.png"; bbox 0 0 2397 3664; ppageno 0'>
   <div class='ocr_carea' id='block_1_1' title="bbox 623 35 2089 109">
    <p class='ocr_par' dir='ltr' id='par_1_1' title="bbox 623 35 2089 109">
     <span class='ocr_line' id='line_1_1' title="bbox 623 35 2089 109; baseline -0.005 -15"><span class='ocrx_word' id='word_1_1' title='bbox 623 40 706 94; x_wconf 84' lang='lat' dir='ltr'>Dc</span> <span class='ocrx_word' id='word_1_2' title='bbox 733 38 962 109; x_wconf 75' lang='lat' dir='ltr'>Majotit.</span> <span class='ocrx_word' id='word_1_3' title='bbox 989 38 1047 94; x_wconf 85' lang='lat'>&amp;</span> <span class='ocrx_word' id='word_1_4' title='bbox 1069 39 1219 96; x_wconf 87' lang='lat' dir='ltr'>obed.</span> <span class='ocrx_word' id='word_1_5' title='bbox 1251 58 1310 107; x_wconf 54' lang='lat' dir='ltr'>c„</span> <span class='ocrx_word' id='word_1_6' title='bbox 1333 37 1470 94; x_wconf 68' lang='lat' dir='ltr'>Cum</span> <span class='ocrx_word' id='word_1_7' title='bbox 1499 35 1645 91; x_wconf 87' lang='lat' dir='ltr'>olim.</span> <span class='ocrx_word' id='word_1_8' title='bbox 1997 51 2089 87; x_wconf 76' lang='lat'>621</span> 
     </span>
    </p>
   </div>
   <div class='ocr_carea' id='block_1_2' title="bbox 1156 123 2152 300">
    <p class='ocr_par' dir='ltr' id='par_1_2' title="bbox 1156 123 2152 300">
     <span class='ocr_line' id='line_1_2' title="bbox 1158 123 2151 166; baseline -0.007 -5"><span class='ocrx_word' id='word_1_9' title='bbox 1158 132 1297 162; x_wconf 85' lang='lat' dir='ltr'>tulotum</span> <span class='ocrx_word' id='word_1_10' title='bbox 1308 128 1544 166; x_wconf 70' lang='lat' dir='ltr'>cardinalium,</span> <span class='ocrx_word' id='word_1_11' title='bbox 1553 132 1586 160; x_wconf 69' lang='grc' dir='ltr'>ὅ(</span> <span class='ocrx_word' id='word_1_12' title='bbox 1598 127 1729 161; x_wconf 74' lang='lat' dir='ltr'>aliarum</span> <span class='ocrx_word' id='word_1_13' title='bbox 1741 124 1993 166; x_wconf 79' lang='lat' dir='ltr'>collegiatarum</span> <span class='ocrx_word' id='word_1_14' title='bbox 2004 123 2151 156; x_wconf 76' lang='lat' dir='ltr'>Ecclesia-</span> 
     </span>
     <span class='ocr_line' id='line_1_3' title="bbox 1158 167 2148 214; baseline -0.006 -10"><span class='ocrx_word' id='word_1_15' title='bbox 1158 183 1226 205; x_wconf 88' lang='lat' dir='ltr'>rum</span> <span class='ocrx_word' id='word_1_16' title='bbox 1237 182 1398 214; x_wconf 76' lang='lat' dir='ltr'>tamquam</span> <span class='ocrx_word' id='word_1_17' title='bbox 1411 172 1528 205; x_wconf 75' lang='lat' dir='ltr'>omissis</span> <span class='ocrx_word' id='word_1_18' title='bbox 1537 183 1553 204; x_wconf 80' lang='lat' dir='ltr'>a</span> <span class='ocrx_word' id='word_1_19' title='bbox 1564 170 1721 205; x_wconf 78' lang='lat' dir='ltr'>Concilio</span> <span class='ocrx_word' id='word_1_20' title='bbox 1735 168 1882 202; x_wconf 73' lang='lat' dir='ltr'>servanda</span> <span class='ocrx_word' id='word_1_21' title='bbox 1902 167 2062 208; x_wconf 74' lang='lat' dir='ltr'>dispontio</span> <span class='ocrx_word' id='word_1_22' title='bbox 2076 168 2148 207; x_wconf 68' lang='grc' dir='ltr'>,ιιι-ἰς</span> 
     </span>
     <span class='ocr_line' id='line_1_4' title="bbox 1156 211 2149 255; baseline -0.007 -7"><span class='ocrx_word' id='word_1_23' title='bbox 1156 217 1335 248; x_wconf 80' lang='lat' dir='ltr'>communis</span> <span class='ocrx_word' id='word_1_24' title='bbox 1345 238 1355 252; x_wconf 88' lang='lat'><em>,</em></span> <span class='ocrx_word' id='word_1_25' title='bbox 1376 215 1546 248; x_wconf 64' lang='lat' dir='ltr'>secundnm</span> <span class='ocrx_word' id='word_1_26' title='bbox 1558 227 1594 247; x_wconf 76' lang='lat' dir='ltr'>ea</span> <span class='ocrx_word' id='word_1_27' title='bbox 1605 238 1614 252; x_wconf 86' lang='lat'>,</span> <span class='ocrx_word' id='word_1_28' title='bbox 1632 224 1700 255; x_wconf 78' lang='lat' dir='ltr'>quae</span> <span class='ocrx_word' id='word_1_29' title='bbox 1711 212 1794 245; x_wconf 65' lang='lat' dir='ltr'>dicta</span> <span class='ocrx_word' id='word_1_30' title='bbox 1806 214 1875 245; x_wconf 83' lang='lat' dir='ltr'>sunt</span> <span class='ocrx_word' id='word_1_31' title='bbox 1887 213 1975 250; x_wconf 78' lang='lat' dir='ltr'>supra</span> <span class='ocrx_word' id='word_1_32' title='bbox 1986 214 2018 243; x_wconf 70' lang='lat' dir='ltr'>in</span> <span class='ocrx_word' id='word_1_33' title='bbox 2034 222 2057 243; x_wconf 81' lang='grc' dir='ltr'><strong>ι.</strong></span> <span class='ocrx_word' id='word_1_34' title='bbox 2073 211 2111 242; x_wconf 68' lang='lat'>&lt;9⁹</span> <span class='ocrx_word' id='word_1_35' title='bbox 2121 220 2149 242; x_wconf 69' lang='grc' dir='ltr'>ι.</span> 
     </span>
     <span class='ocr_line' id='line_1_5' title="bbox 1156 249 2152 300; baseline -0.005 -9"><span class='ocrx_word' id='word_1_36' title='bbox 1156 259 1260 292; x_wconf 85' lang='lat' dir='ltr'>memb.</span> <span class='ocrx_word' id='word_1_37' title='bbox 1272 270 1352 291; x_wconf 87' lang='lat' dir='ltr'>num.</span> <span class='ocrx_word' id='word_1_38' title='bbox 1366 269 1414 300; x_wconf 71' lang='lat'>3²·</span> <span class='ocrx_word' id='word_1_39' title='bbox 1426 258 1549 291; x_wconf 66' lang='lat' dir='ltr'>&amp;num</span> <span class='ocrx_word' id='word_1_40' title='bbox 1563 269 1610 299; x_wconf 83' lang='lat'>39.</span> <span class='ocrx_word' id='word_1_41' title='bbox 1624 260 1646 290; x_wconf 89' lang='lat' dir='ltr'>l.</span> <span class='ocrx_word' id='word_1_42' title='bbox 1656 255 1893 298; x_wconf 65' lang='lat' dir='ltr'>Commodifflme*</span> <span class='ocrx_word' id='word_1_43' title='bbox 1902 253 1944 298; x_wconf 75' lang='lat' dir='ltr'>ff.</span> <span class='ocrx_word' id='word_1_44' title='bbox 1958 257 2006 287; x_wconf 93' lang='lat' dir='ltr'>De</span> <span class='ocrx_word' id='word_1_45' title='bbox 2016 252 2102 287; x_wconf 83' lang='lat' dir='ltr'>liber.</span> <span class='ocrx_word' id='word_1_46' title='bbox 2114 249 2152 286; x_wconf 68' lang='grc' dir='ltr'>Φ·</span> 
     </span>
    </p>
   </div>
   <div class='ocr_carea' id='block_1_3' title="bbox 121 125 2153 433">
    <p class='ocr_par' dir='ltr' id='par_1_3' title="bbox 121 125 2153 433">
     <span class='ocr_line' id='line_1_6' title="bbox 125 125 1117 180; baseline -0.002 -16"><span class='ocrx_word' id='word_1_47' title='bbox 125 131 272 180; x_wconf 74' lang='lat' dir='ltr'>Concilii</span> <span class='ocrx_word' id='word_1_48' title='bbox 292 134 444 175; x_wconf 75' lang='lat' dir='ltr'>interpres</span> <span class='ocrx_word' id='word_1_49' title='bbox 458 146 465 166; x_wconf 90' lang='lat'>:</span> <span class='ocrx_word' id='word_1_50' title='bbox 486 143 559 166; x_wconf 81' lang='lat' dir='ltr'>nam</span> <span class='ocrx_word' id='word_1_51' title='bbox 577 133 736 176; x_wconf 80' lang='lat' dir='ltr'>proposito</span> <span class='ocrx_word' id='word_1_52' title='bbox 746 134 861 168; x_wconf 78' lang='lat' dir='ltr'>dubio,</span> <span class='ocrx_word' id='word_1_53' title='bbox 884 136 932 163; x_wconf 71' lang='lat' dir='ltr'>An</span> <span class='ocrx_word' id='word_1_54' title='bbox 954 125 1117 163; x_wconf 70' lang='lat' dir='ltr'>decretum</span> 
     </span>
     <span class='ocr_line' id='line_1_7' title="bbox 124 173 1114 223; baseline -0.004 -15"><span class='ocrx_word' id='word_1_55' title='bbox 124 173 269 223; x_wconf 71' lang='lat' dir='ltr'>Concilii</span> <span class='ocrx_word' id='word_1_56' title='bbox 280 179 313 208; x_wconf 79' lang='lat' dir='ltr'>in</span> <span class='ocrx_word' id='word_1_57' title='bbox 323 188 388 218; x_wconf 78' lang='lat' dir='ltr'>cap.</span> <span class='ocrx_word' id='word_1_58' title='bbox 402 182 450 211; x_wconf 83' lang='lat'>16.</span> <span class='ocrx_word' id='word_1_59' title='bbox 456 176 525 220; x_wconf 83' lang='lat' dir='ltr'>seff.</span> <span class='ocrx_word' id='word_1_60' title='bbox 536 187 588 217; x_wconf 77' lang='lat'>24.</span> <span class='ocrx_word' id='word_1_61' title='bbox 597 179 683 219; x_wconf 89' lang='lat' dir='ltr'>quod</span> <span class='ocrx_word' id='word_1_62' title='bbox 696 175 882 216; x_wconf 77' lang='lat' dir='ltr'>Capitulum</span> <span class='ocrx_word' id='word_1_63' title='bbox 891 176 970 208; x_wconf 84' lang='lat' dir='ltr'>Sede</span> <span class='ocrx_word' id='word_1_64' title='bbox 982 183 1114 206; x_wconf 77' lang='lat' dir='ltr'>vacante</span> 
     </span>
     <span class='ocr_line' id='line_1_8' title="bbox 122 216 1115 261; baseline -0.002 -12"><span class='ocrx_word' id='word_1_65' title='bbox 122 217 208 250; x_wconf 81' lang='lat' dir='ltr'>const</span> <span class='ocrx_word' id='word_1_66' title='bbox 215 229 312 252; x_wconf 69' lang='lat' dir='ltr'>:tuere</span> <span class='ocrx_word' id='word_1_67' title='bbox 323 221 435 254; x_wconf 77' lang='lat' dir='ltr'>debeat</span> <span class='ocrx_word' id='word_1_68' title='bbox 444 220 607 255; x_wconf 73' lang='lat' dir='ltr'>Vicarium</span> <span class='ocrx_word' id='word_1_69' title='bbox 619 242 628 255; x_wconf 91' lang='lat'>,</span> <span class='ocrx_word' id='word_1_70' title='bbox 638 220 693 259; x_wconf 86' lang='lat' dir='ltr'>qui</span> <span class='ocrx_word' id='word_1_71' title='bbox 705 220 812 252; x_wconf 77' lang='lat' dir='ltr'>saltem</span> <span class='ocrx_word' id='word_1_72' title='bbox 825 220 857 250; x_wconf 82' lang='lat' dir='ltr'>in</span> <span class='ocrx_word' id='word_1_73' title='bbox 868 220 935 261; x_wconf 84' lang='lat' dir='ltr'>jure</span> <span class='ocrx_word' id='word_1_74' title='bbox 943 216 1115 250; x_wconf 80' lang='lat' dir='ltr'>canonico</span> 
     </span>
     <span class='ocr_line' id='line_1_9' title="bbox 122 259 1114 308; baseline -0.003 -15"><span class='ocrx_word' id='word_1_75' title='bbox 122 261 158 308; x_wconf 79' lang='lat' dir='ltr'>sit</span> <span class='ocrx_word' id='word_1_76' title='bbox 171 260 291 294; x_wconf 69' lang='lat' dir='ltr'>Ductor</span> <span class='ocrx_word' id='word_1_77' title='bbox 302 287 311 300; x_wconf 91' lang='lat'>,</span> <span class='ocrx_word' id='word_1_78' title='bbox 333 265 379 295; x_wconf 88' lang='lat' dir='ltr'>vel</span> <span class='ocrx_word' id='word_1_79' title='bbox 392 264 600 300; x_wconf 62' lang='lat' dir='ltr'>Memmius,</span> <span class='ocrx_word' id='word_1_80' title='bbox 613 264 718 294; x_wconf 88' lang='lat' dir='ltr'>locum</span> <span class='ocrx_word' id='word_1_81' title='bbox 729 263 838 296; x_wconf 81' lang='lat' dir='ltr'>habeat</span> <span class='ocrx_word' id='word_1_82' title='bbox 850 262 950 295; x_wconf 70' lang='lat' dir='ltr'>etiam</span> <span class='ocrx_word' id='word_1_83' title='bbox 960 262 994 295; x_wconf 83' lang='lat' dir='ltr'>in</span> <span class='ocrx_word' id='word_1_84' title='bbox 1005 259 1114 292; x_wconf 87' lang='lat' dir='ltr'>Colle--</span> 
     </span>
     <span class='ocr_line' id='line_1_10' title="bbox 122 296 2153 349; baseline -0.004 -13"><span class='ocrx_word' id='word_1_85' title='bbox 122 314 208 343; x_wconf 71' lang='lat' dir='ltr'>gnata</span> <span class='ocrx_word' id='word_1_86' title='bbox 217 327 228 342; x_wconf 91' lang='lat'>,</span> <span class='ocrx_word' id='word_1_87' title='bbox 249 306 398 339; x_wconf 66' lang='lat' dir='ltr'>defuneto</span> <span class='ocrx_word' id='word_1_88' title='bbox 407 307 474 349; x_wconf 83' lang='lat' dir='ltr'>ejus</span> <span class='ocrx_word' id='word_1_89' title='bbox 485 306 616 340; x_wconf 73' lang='lat' dir='ltr'>l&#39;rzlato</span> <span class='ocrx_word' id='word_1_90' title='bbox 627 328 637 343; x_wconf 85' lang='lat'><strong>,</strong></span> <span class='ocrx_word' id='word_1_91' title='bbox 655 306 711 346; x_wconf 86' lang='lat' dir='ltr'>qui</span> <span class='ocrx_word' id='word_1_92' title='bbox 721 305 917 339; x_wconf 81' lang='lat' dir='ltr'>ordinariam</span> <span class='ocrx_word' id='word_1_93' title='bbox 930 302 1116 348; x_wconf 64' lang='lat' dir='ltr'>jurisdiaio-</span> <span class='ocrx_word' id='word_1_94' title='bbox 1158 302 1298 343; x_wconf 69' lang='lat' dir='ltr'>posthum.</span> <span class='ocrx_word' id='word_1_95' title='bbox 1309 312 1382 335; x_wconf 84' lang='lat' dir='ltr'>nam</span> <span class='ocrx_word' id='word_1_96' title='bbox 1391 304 1474 343; x_wconf 87' lang='lat' dir='ltr'>quod</span> <span class='ocrx_word' id='word_1_97' title='bbox 1486 313 1505 333; x_wconf 91' lang='lat' dir='ltr'>n</span> <span class='ocrx_word' id='word_1_98' title='bbox 1514 313 1558 334; x_wconf 88' lang='lat' dir='ltr'>on</span> <span class='ocrx_word' id='word_1_99' title='bbox 1569 310 1709 334; x_wconf 83' lang='lat' dir='ltr'>mutatur</span> <span class='ocrx_word' id='word_1_100' title='bbox 1720 323 1729 336; x_wconf 91' lang='lat'>‚</span> <span class='ocrx_word' id='word_1_101' title='bbox 1749 302 1810 331; x_wconf 76' lang='grc' dir='ltr'><strong>διε.</strong></span> <span class='ocrx_word' id='word_1_102' title='bbox 1822 296 2097 334; x_wconf 83' lang='lat' dir='ltr'>I.Sancimus‚C.de</span> <span class='ocrx_word' id='word_1_103' title='bbox 2107 305 2153 328; x_wconf 83' lang='lat' dir='ltr'>te·</span> 
     </span>
     <span class='ocr_line' id='line_1_11' title="bbox 121 343 2149 393; baseline -0.007 -10"><span class='ocrx_word' id='word_1_104' title='bbox 121 358 193 383; x_wconf 78' lang='lat' dir='ltr'>uem</span> <span class='ocrx_word' id='word_1_105' title='bbox 205 371 215 385; x_wconf 79' lang='lat'><strong><em>‚</em></strong></span> <span class='ocrx_word' id='word_1_106' title='bbox 224 351 257 382; x_wconf 77' lang='grc' dir='ltr'>δε</span> <span class='ocrx_word' id='word_1_107' title='bbox 267 350 377 382; x_wconf 80' lang='lat' dir='ltr'>omnia</span> <span class='ocrx_word' id='word_1_108' title='bbox 386 350 456 393; x_wconf 74' lang='lat' dir='ltr'>juta</span> <span class='ocrx_word' id='word_1_109' title='bbox 466 349 659 391; x_wconf 77' lang='lat' dir='ltr'>Episcopalia</span> <span class='ocrx_word' id='word_1_110' title='bbox 669 348 781 383; x_wconf 78' lang='lat' dir='ltr'>habeat</span> <span class='ocrx_word' id='word_1_111' title='bbox 791 371 800 380; x_wconf 90' lang='lat'><strong>.</strong></span> <span class='ocrx_word' id='word_1_112' title='bbox 814 348 883 380; x_wconf 84' lang='lat' dir='ltr'>Sac.</span> <span class='ocrx_word' id='word_1_113' title='bbox 894 346 1117 389; x_wconf 70' lang='lat' dir='ltr'>Congregacio</span> <span class='ocrx_word' id='word_1_114' title='bbox 1149 344 1243 386; x_wconf 85' lang='lat' dir='ltr'>stam.</span> <span class='ocrx_word' id='word_1_115' title='bbox 1255 356 1320 378; x_wconf 85' lang='lat' dir='ltr'>cum</span> <span class='ocrx_word' id='word_1_116' title='bbox 1332 347 1447 383; x_wconf 79' lang='lat' dir='ltr'>vulgar.</span> <span class='ocrx_word' id='word_1_117' title='bbox 1452 346 1538 384; x_wconf 72' lang='lat' dir='ltr'>gloff.</span> <span class='ocrx_word' id='word_1_118' title='bbox 1547 348 1580 376; x_wconf 85' lang='lat' dir='ltr'>in</span> <span class='ocrx_word' id='word_1_119' title='bbox 1588 355 1651 385; x_wconf 83' lang='lat' dir='ltr'>cap.</span> <span class='ocrx_word' id='word_1_120' title='bbox 1664 343 1911 385; x_wconf 78' lang='lat' dir='ltr'>Constitutionem</span> <span class='ocrx_word' id='word_1_121' title='bbox 1919 345 1954 374; x_wconf 84' lang='lat' dir='ltr'>in</span> <span class='ocrx_word' id='word_1_122' title='bbox 1962 352 2026 374; x_wconf 82' lang='lat' dir='ltr'>ver.</span> <span class='ocrx_word' id='word_1_123' title='bbox 2040 344 2149 374; x_wconf 84' lang='lat' dir='ltr'>Proro-</span> 
     </span>
     <span class='ocr_line' id='line_1_12' title="bbox 128 386 1684 433; baseline -0.003 -10"><span class='ocrx_word' id='word_1_124' title='bbox 128 391 251 425; x_wconf 77' lang='lat' dir='ltr'>censuit</span> <span class='ocrx_word' id='word_1_125' title='bbox 262 386 447 426; x_wconf 74' lang='lat' dir='ltr'>nonhabere</span> <span class='ocrx_word' id='word_1_126' title='bbox 458 393 564 426; x_wconf 82' lang='lat' dir='ltr'>locum</span> <span class='ocrx_word' id='word_1_127' title='bbox 576 416 584 425; x_wconf 89' lang='lat'>.</span> <span class='ocrx_word' id='word_1_128' title='bbox 604 391 827 433; x_wconf 75' lang='lat' dir='ltr'>Qiamobtem</span> <span class='ocrx_word' id='word_1_129' title='bbox 838 391 873 424; x_wconf 88' lang='lat' dir='ltr'>in</span> <span class='ocrx_word' id='word_1_130' title='bbox 892 389 1050 432; x_wconf 78' lang='lat' dir='ltr'>Capitulis</span> <span class='ocrx_word' id='word_1_131' title='bbox 1058 388 1117 422; x_wconf 83' lang='lat' dir='ltr'>Ti-</span> <span class='ocrx_word' id='word_1_132' title='bbox 1152 400 1258 427; x_wconf 80' lang='lat' dir='ltr'>gamus</span> <span class='ocrx_word' id='word_1_133' title='bbox 1268 392 1300 420; x_wconf 85' lang='lat' dir='ltr'>in</span> <span class='ocrx_word' id='word_1_134' title='bbox 1305 387 1362 430; x_wconf 85' lang='lat' dir='ltr'>fin.</span> <span class='ocrx_word' id='word_1_135' title='bbox 1374 387 1411 420; x_wconf 87' lang='lat' dir='ltr'>de</span> <span class='ocrx_word' id='word_1_136' title='bbox 1419 390 1510 428; x_wconf 82' lang='lat' dir='ltr'>regul.</span> <span class='ocrx_word' id='word_1_137' title='bbox 1521 399 1578 427; x_wconf 70' lang='lat' dir='ltr'>pur.</span> <span class='ocrx_word' id='word_1_138' title='bbox 1589 388 1643 420; x_wconf 76' lang='lat' dir='ltr'>lib.</span> <span class='ocrx_word' id='word_1_139' title='bbox 1655 392 1684 419; x_wconf 89' lang='grc'><strong>6.</strong></span> 
     </span>
    </p>
   </div>
   <div class='ocr_carea' id='block_1_4' title="bbox 0 588 3 1406">
    <p class='ocr_par' dir='ltr' id='par_1_4' title="bbox 0 588 3 1406">
     <span class='ocr_line' id='line_1_13' title="bbox 0 588 3 1406; baseline 0 0"><span class='ocrx_word' id='word_1_140' title='bbox 0 588 3 1406; x_wconf 95' lang='lat' dir='ltr'> </span> 
     </span>
    </p>
   </div>
   <div class='ocr_carea' id='block_1_5' title="bbox 1744 516 2143 535">
    <p class='ocr_par' dir='ltr' id='par_1_5' title="bbox 1744 516 2143 535">
     <span class='ocr_line' id='line_1_14' title="bbox 1744 516 2143 535; baseline 0 3129"><span class='ocrx_word' id='word_1_141' title='bbox 1744 516 2143 535; x_wconf 95' lang='lat' dir='ltr'> </span> 
     </span>
    </p>
   </div>
   <div class='ocr_carea' id='block_1_6' title="bbox 261 591 2012 778">
    <p class='ocr_par' dir='ltr' id='par_1_6' title="bbox 261 591 2012 778">
     <span class='ocr_line' id='line_1_15' title="bbox 363 591 1930 664; baseline -0.001 -15"><span class='ocrx_word' id='word_1_142' title='bbox 363 595 483 653; x_wconf 87' lang='lat' dir='ltr'>DE</span> <span class='ocrx_word' id='word_1_143' title='bbox 519 594 1079 664; x_wconf 85' lang='lat' dir='ltr'>MAJORITAT</span> <span class='ocrx_word' id='word_1_144' title='bbox 1100 595 1140 651; x_wconf 85' lang='lat' dir='ltr'><strong>E</strong></span> <span class='ocrx_word' id='word_1_145' title='bbox 1179 594 1291 650; x_wconf 86' lang='lat' dir='ltr'>ET</span> <span class='ocrx_word' id='word_1_146' title='bbox 1327 591 1930 652; x_wconf 85' lang='lat' dir='ltr'><strong>OBE-DIENTIA.</strong></span> 
     </span>
     <span class='ocr_line' id='line_1_16' title="bbox 261 672 2012 778; baseline 0.001 -19"><span class='ocrx_word' id='word_1_147' title='bbox 261 709 491 778; x_wconf 83' lang='lat' dir='ltr'>Gregorius</span> <span class='ocrx_word' id='word_1_148' title='bbox 516 706 595 762; x_wconf 77' lang='grc' dir='ltr'>ΙΧ.</span> <span class='ocrx_word' id='word_1_149' title='bbox 619 713 769 766; x_wconf 82' lang='lat' dir='ltr'>Priori</span> <span class='ocrx_word' id='word_1_150' title='bbox 789 672 1004 764; x_wconf 70' lang='lat' dir='ltr'>Fratrum</span> <span class='ocrx_word' id='word_1_151' title='bbox 1028 710 1357 764; x_wconf 75' lang='lat' dir='ltr'>Praedicatorum</span> <span class='ocrx_word' id='word_1_152' title='bbox 1370 744 1386 771; x_wconf 88' lang='lat'>,</span> <span class='ocrx_word' id='word_1_153' title='bbox 1422 713 1477 764; x_wconf 54' lang='grc' dir='ltr'>(θ’</span> <span class='ocrx_word' id='word_1_154' title='bbox 1515 707 1817 763; x_wconf 81' lang='lat' dir='ltr'>Archidiacono</span> <span class='ocrx_word' id='word_1_155' title='bbox 1841 707 2012 772; x_wconf 76' lang='lat' dir='ltr'>Rhegin-</span> 
     </span>
    </p>
   </div>
   <div class='ocr_carea' id='block_1_7' title="bbox 752 806 1153 896">
    <p class='ocr_par' dir='ltr' id='par_1_7' title="bbox 752 806 1153 896">
     <span class='ocr_line' id='line_1_17' title="bbox 752 806 1153 896; baseline -0.012 0"><span class='ocrx_word' id='word_1_156' title='bbox 752 806 1153 896; x_wconf 46' lang='lat' dir='ltr'>CA‘PU</span> 
     </span>
    </p>
   </div>
   <div class='ocr_carea' id='block_1_8' title="bbox 1224 832 1534 896">
    <p class='ocr_par' dir='ltr' id='par_1_8' title="bbox 1224 832 1534 896">
     <span class='ocr_line' id='line_1_18' title="bbox 1224 832 1534 896; baseline -0.01 -1"><span class='ocrx_word' id='word_1_157' title='bbox 1224 837 1279 895; x_wconf 90' lang='lat' dir='ltr'>T</span> <span class='ocrx_word' id='word_1_158' title='bbox 1384 832 1534 896; x_wconf 81' lang='lat' dir='ltr'><strong>XIV.</strong></span> 
     </span>
    </p>
   </div>
   <div class='ocr_carea' id='block_1_9' title="bbox 221 939 2155 1046">
    <p class='ocr_par' dir='ltr' id='par_1_9' title="bbox 221 939 2155 1046">
     <span class='ocr_line' id='line_1_19' title="bbox 221 939 2153 999; baseline -0.004 -11"><span class='ocrx_word' id='word_1_159' title='bbox 221 948 299 988; x_wconf 89' lang='lat' dir='ltr'>Um</span> <span class='ocrx_word' id='word_1_160' title='bbox 313 950 406 990; x_wconf 83' lang='lat' dir='ltr'>olim</span> <span class='ocrx_word' id='word_1_161' title='bbox 422 968 432 991; x_wconf 85' lang='lat'><strong>:</strong></span> <span class='ocrx_word' id='word_1_162' title='bbox 458 949 615 991; x_wconf 79' lang='lat' dir='ltr'>causa&amp;</span> <span class='ocrx_word' id='word_1_163' title='bbox 624 948 722 990; x_wconf 62' lang='lat' dir='ltr'>infra}</span> <span class='ocrx_word' id='word_1_164' title='bbox 732 977 742 988; x_wconf 91' lang='lat'>.</span> <span class='ocrx_word' id='word_1_165' title='bbox 769 950 962 999; x_wconf 85' lang='lat' dir='ltr'>Quocirca</span> <span class='ocrx_word' id='word_1_166' title='bbox 974 947 1195 992; x_wconf 82' lang='lat' dir='ltr'>mandamus</span> <span class='ocrx_word' id='word_1_167' title='bbox 1205 971 1220 993; x_wconf 70' lang='lat' dir='ltr'>a</span> <span class='ocrx_word' id='word_1_168' title='bbox 1247 959 1428 997; x_wconf 82' lang='lat' dir='ltr'>quatenus</span> <span class='ocrx_word' id='word_1_169' title='bbox 1438 970 1452 992; x_wconf 72' lang='lat' dir='ltr'>o</span> <span class='ocrx_word' id='word_1_170' title='bbox 1464 947 1554 988; x_wconf 57' lang='lat' dir='ltr'>licet</span> <span class='ocrx_word' id='word_1_171' title='bbox 1565 947 1787 989; x_wconf 86' lang='lat' dir='ltr'>Conventus</span> <span class='ocrx_word' id='word_1_172' title='bbox 1799 943 2023 984; x_wconf 87' lang='lat' dir='ltr'>Monasterii</span> <span class='ocrx_word' id='word_1_173' title='bbox 2033 939 2153 982; x_wconf 57' lang='lat' dir='ltr'>saneti</span> 
     </span>
     <span class='ocr_line' id='line_1_20' title="bbox 236 987 2155 1046; baseline -0.003 -11"><span class='ocrx_word' id='word_1_174' title='bbox 236 996 446 1039; x_wconf 80' lang='lat' dir='ltr'>Salvatoris</span> <span class='ocrx_word' id='word_1_175' title='bbox 457 996 615 1040; x_wconf 82' lang='lat' dir='ltr'>Meffan.</span> <span class='ocrx_word' id='word_1_176' title='bbox 625 997 693 1038; x_wconf 83' lang='lat' dir='ltr'>fint</span> <span class='ocrx_word' id='word_1_177' title='bbox 705 997 782 1046; x_wconf 86' lang='lat' dir='ltr'>ipso</span> <span class='ocrx_word' id='word_1_178' title='bbox 795 1004 871 1045; x_wconf 82' lang='lat' dir='ltr'>jure</span> <span class='ocrx_word' id='word_1_179' title='bbox 889 998 960 1040; x_wconf 87' lang='lat' dir='ltr'>hac</span> <span class='ocrx_word' id='word_1_180' title='bbox 970 998 1052 1036; x_wconf 87' lang='lat' dir='ltr'>vice</span> <span class='ocrx_word' id='word_1_181' title='bbox 1063 996 1111 1035; x_wconf 88' lang='lat' dir='ltr'>eli</span> <span class='ocrx_word' id='word_1_182' title='bbox 1140 996 1224 1036; x_wconf 87' lang='lat' dir='ltr'>endi</span> <span class='ocrx_word' id='word_1_183' title='bbox 1235 995 1416 1046; x_wconf 80' lang='lat' dir='ltr'>potestate</span> <span class='ocrx_word' id='word_1_184' title='bbox 1429 995 1627 1046; x_wconf 74' lang='lat' dir='ltr'>privati5dc</span> <span class='ocrx_word' id='word_1_185' title='bbox 1637 997 1759 1044; x_wconf 82' lang='lat' dir='ltr'>gratia</span> <span class='ocrx_word' id='word_1_186' title='bbox 1773 1005 1898 1037; x_wconf 86' lang='lat' dir='ltr'>tamen</span> <span class='ocrx_word' id='word_1_187' title='bbox 1909 987 2155 1040; x_wconf 68' lang='lat' dir='ltr'>eligendi2seu</span> 
     </span>
    </p>
   </div>
   <div class='ocr_carea' id='block_1_10' title="bbox 128 1036 2154 1146">
    <p class='ocr_par' dir='ltr' id='par_1_10' title="bbox 128 1036 2154 1146">
     <span class='ocr_line' id='line_1_21' title="bbox 128 1036 2154 1097; baseline -0.003 -14"><span class='ocrx_word' id='word_1_188' title='bbox 128 1045 337 1092; x_wconf 85' lang='lat' dir='ltr'>postulandi</span> <span class='ocrx_word' id='word_1_189' title='bbox 350 1047 445 1087; x_wconf 85' lang='lat' dir='ltr'>detis</span> <span class='ocrx_word' id='word_1_190' title='bbox 460 1045 542 1095; x_wconf 84' lang='lat' dir='ltr'>ipfis</span> <span class='ocrx_word' id='word_1_191' title='bbox 552 1048 782 1097; x_wconf 52' lang='lat' dir='ltr'>auctoritate</span> <span class='ocrx_word' id='word_1_192' title='bbox 802 1046 925 1086; x_wconf 86' lang='lat' dir='ltr'>nostra</span> <span class='ocrx_word' id='word_1_193' title='bbox 947 1045 1103 1089; x_wconf 78' lang='lat' dir='ltr'>liberam</span> <span class='ocrx_word' id='word_1_194' title='bbox 1132 1044 1334 1083; x_wconf 85' lang='lat' dir='ltr'>acultatem</span> <span class='ocrx_word' id='word_1_195' title='bbox 1352 1061 1364 1091; x_wconf 72' lang='lat'>3</span> <span class='ocrx_word' id='word_1_196' title='bbox 1390 1044 1613 1084; x_wconf 84' lang='lat' dir='ltr'>Mandantes</span> <span class='ocrx_word' id='word_1_197' title='bbox 1623 1041 1758 1084; x_wconf 89' lang='lat' dir='ltr'>eisdem</span> <span class='ocrx_word' id='word_1_198' title='bbox 1772 1066 1786 1089; x_wconf 67' lang='lat'>3</span> <span class='ocrx_word' id='word_1_199' title='bbox 1806 1055 1848 1085; x_wconf 86' lang='lat' dir='ltr'>ut</span> <span class='ocrx_word' id='word_1_200' title='bbox 1860 1065 1874 1087; x_wconf 65' lang='lat'>2</span> <span class='ocrx_word' id='word_1_201' title='bbox 1891 1039 1977 1080; x_wconf 69' lang='lat' dir='ltr'>cnm</span> <span class='ocrx_word' id='word_1_202' title='bbox 1991 1036 2154 1078; x_wconf 81' lang='lat' dir='ltr'>Ecclesia</span> 
     </span>
     <span class='ocr_line' id='line_1_22' title="bbox 130 1084 2154 1146; baseline -0.004 -13"><span class='ocrx_word' id='word_1_203' title='bbox 130 1090 288 1134; x_wconf 80' lang='lat' dir='ltr'>Mcffan.</span> <span class='ocrx_word' id='word_1_204' title='bbox 299 1108 404 1135; x_wconf 88' lang='lat' dir='ltr'>vacet</span> <span class='ocrx_word' id='word_1_205' title='bbox 413 1095 460 1135; x_wconf 90' lang='lat' dir='ltr'>ad</span> <span class='ocrx_word' id='word_1_206' title='bbox 474 1096 656 1143; x_wconf 70' lang='lat' dir='ltr'>praeiens,</span> <span class='ocrx_word' id='word_1_207' title='bbox 682 1095 908 1137; x_wconf 67' lang='lat' dir='ltr'>electionem</span> <span class='ocrx_word' id='word_1_208' title='bbox 922 1092 1024 1134; x_wconf 88' lang='lat' dir='ltr'>suam</span> <span class='ocrx_word' id='word_1_209' title='bbox 1039 1091 1334 1136; x_wconf 79' lang='lat' dir='ltr'>confirmandam</span> <span class='ocrx_word' id='word_1_210' title='bbox 1346 1118 1360 1142; x_wconf 71' lang='lat'>³</span> <span class='ocrx_word' id='word_1_211' title='bbox 1387 1105 1496 1146; x_wconf 83' lang='lat' dir='ltr'>prout</span> <span class='ocrx_word' id='word_1_212' title='bbox 1506 1092 1552 1132; x_wconf 91' lang='lat' dir='ltr'>de</span> <span class='ocrx_word' id='word_1_213' title='bbox 1564 1094 1641 1139; x_wconf 85' lang='lat' dir='ltr'>jure</span> <span class='ocrx_word' id='word_1_214' title='bbox 1661 1089 1774 1133; x_wconf 86' lang='lat' dir='ltr'>fuerit</span> <span class='ocrx_word' id='word_1_215' title='bbox 1788 1114 1805 1138; x_wconf 67' lang='lat'>2</span> <span class='ocrx_word' id='word_1_216' title='bbox 1829 1088 1890 1130; x_wconf 85' lang='lat' dir='ltr'>vel</span> <span class='ocrx_word' id='word_1_217' title='bbox 1913 1091 2030 1128; x_wconf 82' lang='lat' dir='ltr'>etiam</span> <span class='ocrx_word' id='word_1_218' title='bbox 2051 1084 2154 1132; x_wconf 83' lang='lat' dir='ltr'>infir-¹</span> 
     </span>
    </p>
   </div>
   <div class='ocr_carea' id='block_1_11' title="bbox 130 1140 937 1195">
    <p class='ocr_par' dir='ltr' id='par_1_11' title="bbox 130 1140 937 1195">
     <span class='ocr_line' id='line_1_23' title="bbox 130 1140 937 1195; baseline 0.004 -14"><span class='ocrx_word' id='word_1_219' title='bbox 130 1143 305 1183; x_wconf 85' lang='lat' dir='ltr'>mandam</span> <span class='ocrx_word' id='word_1_220' title='bbox 317 1167 332 1189; x_wconf 75' lang='lat'><strong>³</strong></span> <span class='ocrx_word' id='word_1_221' title='bbox 357 1142 574 1195; x_wconf 83' lang='lat' dir='ltr'>praesentent</span> <span class='ocrx_word' id='word_1_222' title='bbox 587 1143 772 1193; x_wconf 84' lang='lat' dir='ltr'>Capitulo</span> <span class='ocrx_word' id='word_1_223' title='bbox 784 1140 937 1188; x_wconf 78' lang='lat' dir='ltr'>Meffan.</span> 
     </span>
    </p>
   </div>
   <div class='ocr_carea' id='block_1_12' title="bbox 299 1260 965 1299">
    <p class='ocr_par' dir='ltr' id='par_1_12' title="bbox 299 1260 965 1299">
     <span class='ocr_line' id='line_1_24' title="bbox 299 1260 965 1299; baseline 0.002 -3"><span class='ocrx_word' id='word_1_224' title='bbox 299 1260 965 1299; x_wconf 55' lang='lat' dir='ltr'><em>SUMMARJUM2</em></span> 
     </span>
    </p>
   </div>
   <div class='ocr_carea' id='block_1_13' title="bbox 172 1346 1159 3504">
    <p class='ocr_par' dir='ltr' id='par_1_13' title="bbox 172 1346 1151 2987">
     <span class='ocr_line' id='line_1_25' title="bbox 178 1346 1133 1424; baseline -0.004 -41"><span class='ocrx_word' id='word_1_225' title='bbox 178 1356 191 1380; x_wconf 74' lang='grc' dir='ltr'>Ι</span> <span class='ocrx_word' id='word_1_226' title='bbox 214 1355 276 1424; x_wconf 84' lang='lat' dir='ltr'>C</span> <span class='ocrx_word' id='word_1_227' title='bbox 286 1347 324 1379; x_wconf 84' lang='lat' dir='ltr'><em>A</em></span> <span class='ocrx_word' id='word_1_228' title='bbox 324 1349 454 1389; x_wconf 82' lang='lat' dir='ltr'>pitulum</span> <span class='ocrx_word' id='word_1_229' title='bbox 462 1357 594 1381; x_wconf 83' lang='lat' dir='ltr'>vacante</span> <span class='ocrx_word' id='word_1_230' title='bbox 607 1348 788 1390; x_wconf 70' lang='lat' dir='ltr'>Episcopatu</span> <span class='ocrx_word' id='word_1_231' title='bbox 800 1346 960 1391; x_wconf 78' lang='lat' dir='ltr'>confirmat</span> <span class='ocrx_word' id='word_1_232' title='bbox 979 1347 1133 1379; x_wconf 68' lang='lat' dir='ltr'>elcffiones</span> 
     </span>
     <span class='ocr_line' id='line_1_26' title="bbox 294 1390 741 1434; baseline 0 -11"><span class='ocrx_word' id='word_1_233' title='bbox 294 1391 333 1423; x_wconf 82' lang='lat' dir='ltr'>ab</span> <span class='ocrx_word' id='word_1_234' title='bbox 343 1390 488 1433; x_wconf 79' lang='lat' dir='ltr'>Episcopo</span> <span class='ocrx_word' id='word_1_235' title='bbox 496 1390 723 1434; x_wconf 80' lang='lat' dir='ltr'>confirmandas</span> <span class='ocrx_word' id='word_1_236' title='bbox 733 1415 741 1423; x_wconf 89' lang='lat'><strong>.</strong></span> 
     </span>
     <span class='ocr_line' id='line_1_27' title="bbox 178 1431 1132 1483; baseline -0.002 -17"><span class='ocrx_word' id='word_1_237' title='bbox 178 1444 196 1465; x_wconf 78' lang='lat'>2</span> <span class='ocrx_word' id='word_1_238' title='bbox 210 1432 399 1483; x_wconf 69' lang='lat' dir='ltr'>Jurisdie‘lio</span> <span class='ocrx_word' id='word_1_239' title='bbox 409 1436 438 1467; x_wconf 87' lang='lat' dir='ltr'><em>E</em></span> <span class='ocrx_word' id='word_1_240' title='bbox 439 1434 553 1477; x_wconf 72' lang='lat' dir='ltr'>pascopi</span> <span class='ocrx_word' id='word_1_241' title='bbox 556 1434 771 1477; x_wconf 73' lang='lat' dir='ltr'>sedevacante</span> <span class='ocrx_word' id='word_1_242' title='bbox 781 1433 824 1466; x_wconf 82' lang='lat' dir='ltr'>ad</span> <span class='ocrx_word' id='word_1_243' title='bbox 844 1434 1022 1475; x_wconf 70' lang='lat' dir='ltr'>Capitulum</span> <span class='ocrx_word' id='word_1_244' title='bbox 1029 1431 1132 1464; x_wconf 82' lang='lat' dir='ltr'>devol-</span> 
     </span>
     <span class='ocr_line' id='line_1_28' title="bbox 264 1488 366 1510; baseline -0.01 0"><span class='ocrx_word' id='word_1_245' title='bbox 264 1488 366 1510; x_wconf 69' lang='lat' dir='ltr'>vatur.</span> 
     </span>
     <span class='ocr_line' id='line_1_29' title="bbox 178 1518 1132 1563; baseline -0.004 -10"><span class='ocrx_word' id='word_1_246' title='bbox 178 1530 194 1562; x_wconf 82' lang='lat'><em>3</em></span> <span class='ocrx_word' id='word_1_247' title='bbox 214 1520 432 1555; x_wconf 75' lang='lat' dir='ltr'>cardinalium</span> <span class='ocrx_word' id='word_1_248' title='bbox 442 1522 608 1561; x_wconf 84' lang='lat' dir='ltr'>Collegium</span> <span class='ocrx_word' id='word_1_249' title='bbox 616 1533 658 1554; x_wconf 84' lang='lat' dir='ltr'>an</span> <span class='ocrx_word' id='word_1_250' title='bbox 661 1520 802 1563; x_wconf 74' lang='lat' dir='ltr'>fiaccedat</span> <span class='ocrx_word' id='word_1_251' title='bbox 812 1523 845 1554; x_wconf 88' lang='lat' dir='ltr'>in</span> <span class='ocrx_word' id='word_1_252' title='bbox 854 1518 1007 1561; x_wconf 66' lang='lat' dir='ltr'>jurisdic&#39;li</span> <span class='ocrx_word' id='word_1_253' title='bbox 1009 1530 1060 1551; x_wconf 86' lang='lat' dir='ltr'>one</span> <span class='ocrx_word' id='word_1_254' title='bbox 1070 1519 1132 1550; x_wconf 87' lang='lat' dir='ltr'>Pa-</span> 
     </span>
     <span class='ocr_line' id='line_1_30' title="bbox 268 1563 1027 1605; baseline -0.003 -9"><span class='ocrx_word' id='word_1_255' title='bbox 268 1565 334 1604; x_wconf 81' lang='lat' dir='ltr'>paeli</span> <span class='ocrx_word' id='word_1_256' title='bbox 343 1567 422 1597; x_wconf 84' lang='lat' dir='ltr'>Sede</span> <span class='ocrx_word' id='word_1_257' title='bbox 431 1575 564 1597; x_wconf 84' lang='lat' dir='ltr'>vacante</span> <span class='ocrx_word' id='word_1_258' title='bbox 574 1587 584 1602; x_wconf 91' lang='lat'>,</span> <span class='ocrx_word' id='word_1_259' title='bbox 605 1564 643 1598; x_wconf 52' lang='grc' dir='ltr'><em>θ</em></span> <span class='ocrx_word' id='word_1_260' title='bbox 652 1577 681 1597; x_wconf 91' lang='lat' dir='ltr'>n.</span> <span class='ocrx_word' id='word_1_261' title='bbox 686 1564 771 1605; x_wconf 80' lang='lat' dir='ltr'>seqq.</span> <span class='ocrx_word' id='word_1_262' title='bbox 778 1563 866 1605; x_wconf 76' lang='lat' dir='ltr'>usque</span> <span class='ocrx_word' id='word_1_263' title='bbox 875 1563 917 1595; x_wconf 83' lang='lat' dir='ltr'>ad</span> <span class='ocrx_word' id='word_1_264' title='bbox 925 1575 955 1595; x_wconf 88' lang='lat' dir='ltr'>n.</span> <span class='ocrx_word' id='word_1_265' title='bbox 976 1567 994 1595; x_wconf 94' lang='lat'>6</span> <span class='ocrx_word' id='word_1_266' title='bbox 1001 1572 1027 1604; x_wconf 84' lang='lat'>3.</span> 
     </span>
     <span class='ocr_line' id='line_1_31' title="bbox 175 1605 1132 1684; baseline -0.003 -45"><span class='ocrx_word' id='word_1_267' title='bbox 175 1615 198 1648; x_wconf 78' lang='lat'>4</span> <span class='ocrx_word' id='word_1_268' title='bbox 218 1607 308 1682; x_wconf 46' lang='lat' dir='ltr'>&amp;ild</span> <span class='ocrx_word' id='word_1_269' title='bbox 316 1607 450 1684; x_wconf 46' lang='grc' dir='ltr'>ι’Ξι-ςςεῖίἳ</span> <span class='ocrx_word' id='word_1_270' title='bbox 452 1618 513 1641; x_wconf 87' lang='lat' dir='ltr'>tem</span> <span class='ocrx_word' id='word_1_271' title='bbox 514 1618 583 1650; x_wconf 87' lang='lat' dir='ltr'>pore</span> <span class='ocrx_word' id='word_1_272' title='bbox 591 1617 663 1641; x_wconf 86' lang='lat' dir='ltr'>ante</span> <span class='ocrx_word' id='word_1_273' title='bbox 671 1609 879 1645; x_wconf 84' lang='lat' dir='ltr'>Decretalem,</span> <span class='ocrx_word' id='word_1_274' title='bbox 889 1606 938 1640; x_wconf 87' lang='lat' dir='ltr'>ubi</span> <span class='ocrx_word' id='word_1_275' title='bbox 948 1605 1114 1650; x_wconf 76' lang='lat' dir='ltr'>periculum</span> <span class='ocrx_word' id='word_1_276' title='bbox 1122 1626 1132 1641; x_wconf 83' lang='lat'><strong>‚</strong></span> 
     </span>
     <span class='ocr_line' id='line_1_32' title="bbox 289 1657 502 1685; baseline 0 -3"><span class='ocrx_word' id='word_1_277' title='bbox 289 1662 304 1682; x_wconf 90' lang='lat' dir='ltr'>e</span> <span class='ocrx_word' id='word_1_278' title='bbox 313 1662 327 1683; x_wconf 89' lang='lat' dir='ltr'>e</span> <span class='ocrx_word' id='word_1_279' title='bbox 342 1662 356 1683; x_wconf 92' lang='lat' dir='ltr'>e</span> <span class='ocrx_word' id='word_1_280' title='bbox 388 1675 396 1683; x_wconf 86' lang='lat'><em>.</em></span> <span class='ocrx_word' id='word_1_281' title='bbox 419 1665 429 1683; x_wconf 77' lang='grc' dir='ltr'><em>ι</em></span> <span class='ocrx_word' id='word_1_282' title='bbox 453 1675 460 1683; x_wconf 93' lang='grc'><strong>.</strong></span> <span class='ocrx_word' id='word_1_283' title='bbox 471 1657 502 1685; x_wconf 88' lang='grc'><strong>6.</strong></span> 
     </span>
     <span class='ocr_line' id='line_1_33' title="bbox 217 1690 1135 1736; baseline -0.003 -11"><span class='ocrx_word' id='word_1_284' title='bbox 217 1695 264 1726; x_wconf 85' lang='lat' dir='ltr'>Et</span> <span class='ocrx_word' id='word_1_285' title='bbox 280 1694 354 1732; x_wconf 76' lang='lat' dir='ltr'>quid</span> <span class='ocrx_word' id='word_1_286' title='bbox 371 1693 434 1736; x_wconf 84' lang='lat' dir='ltr'>post</span> <span class='ocrx_word' id='word_1_287' title='bbox 441 1693 559 1727; x_wconf 62' lang='lat' dir='ltr'>ditium</span> <span class='ocrx_word' id='word_1_288' title='bbox 570 1695 764 1728; x_wconf 82' lang='lat' dir='ltr'>Decretalem</span> <span class='ocrx_word' id='word_1_289' title='bbox 775 1693 861 1736; x_wconf 77' lang='lat' dir='ltr'>usque</span> <span class='ocrx_word' id='word_1_290' title='bbox 871 1694 912 1726; x_wconf 87' lang='lat' dir='ltr'>ad</span> <span class='ocrx_word' id='word_1_291' title='bbox 932 1701 1046 1734; x_wconf 86' lang='lat' dir='ltr'>tempus</span> <span class='ocrx_word' id='word_1_292' title='bbox 1065 1693 1092 1724; x_wconf 93' lang='lat' dir='ltr'>C</span> <span class='ocrx_word' id='word_1_293' title='bbox 1093 1690 1135 1723; x_wconf 84' lang='lat' dir='ltr'>le-</span> 
     </span>
     <span class='ocr_line' id='line_1_34' title="bbox 266 1739 936 1779; baseline 0 -10"><span class='ocrx_word' id='word_1_294' title='bbox 266 1740 377 1769; x_wconf 87' lang='lat' dir='ltr'>mentis</span> <span class='ocrx_word' id='word_1_295' title='bbox 389 1749 398 1776; x_wconf 80' lang='lat'>5</span> <span class='ocrx_word' id='word_1_296' title='bbox 422 1739 477 1769; x_wconf 88' lang='lat' dir='ltr'>Ne</span> <span class='ocrx_word' id='word_1_297' title='bbox 486 1741 617 1771; x_wconf 81' lang='lat' dir='ltr'>Romam·</span> <span class='ocrx_word' id='word_1_298' title='bbox 626 1761 636 1775; x_wconf 89' lang='lat'>‚</span> <span class='ocrx_word' id='word_1_299' title='bbox 656 1739 693 1770; x_wconf 89' lang='lat' dir='ltr'>de</span> <span class='ocrx_word' id='word_1_300' title='bbox 700 1739 784 1770; x_wconf 70' lang='grc' dir='ltr'><strong>εΙεὶἶ.</strong></span> <span class='ocrx_word' id='word_1_301' title='bbox 794 1749 874 1770; x_wconf 90' lang='lat' dir='ltr'>num.</span> <span class='ocrx_word' id='word_1_302' title='bbox 886 1740 936 1779; x_wconf 81' lang='lat'>38.</span> 
     </span>
     <span class='ocr_line' id='line_1_35' title="bbox 220 1777 1136 1830; baseline -0.004 -18"><span class='ocrx_word' id='word_1_303' title='bbox 220 1781 266 1812; x_wconf 82' lang='lat' dir='ltr'>Et</span> <span class='ocrx_word' id='word_1_304' title='bbox 277 1780 348 1830; x_wconf 66' lang='lat' dir='ltr'>quid</span> <span class='ocrx_word' id='word_1_305' title='bbox 356 1778 417 1822; x_wconf 87' lang='lat' dir='ltr'>post</span> <span class='ocrx_word' id='word_1_306' title='bbox 426 1781 541 1818; x_wconf 54' lang='lat' dir='ltr'>diliana</span> <span class='ocrx_word' id='word_1_307' title='bbox 553 1783 649 1814; x_wconf 89' lang='lat' dir='ltr'>Clem.</span> <span class='ocrx_word' id='word_1_308' title='bbox 659 1781 746 1823; x_wconf 70' lang='lat' dir='ltr'>ufizue</span> <span class='ocrx_word' id='word_1_309' title='bbox 753 1780 797 1814; x_wconf 88' lang='lat' dir='ltr'>ad</span> <span class='ocrx_word' id='word_1_310' title='bbox 805 1790 921 1823; x_wconf 83' lang='lat' dir='ltr'>tempus</span> <span class='ocrx_word' id='word_1_311' title='bbox 940 1777 1136 1821; x_wconf 85' lang='lat' dir='ltr'>Constitutio-</span> 
     </span>
     <span class='ocr_line' id='line_1_36' title="bbox 265 1834 499 1864; baseline 0.004 -9"><span class='ocrx_word' id='word_1_312' title='bbox 265 1835 315 1855; x_wconf 88' lang='lat' dir='ltr'>ms</span> <span class='ocrx_word' id='word_1_313' title='bbox 324 1846 334 1859; x_wconf 88' lang='lat'>‚</span> <span class='ocrx_word' id='word_1_314' title='bbox 356 1835 436 1856; x_wconf 82' lang='lat' dir='ltr'>num.</span> <span class='ocrx_word' id='word_1_315' title='bbox 449 1834 499 1864; x_wconf 81' lang='lat'>59.</span> 
     </span>
     <span class='ocr_line' id='line_1_37' title="bbox 181 1864 1138 1909; baseline -0.004 -10"><span class='ocrx_word' id='word_1_316' title='bbox 181 1874 196 1905; x_wconf 81' lang='lat'>5</span> <span class='ocrx_word' id='word_1_317' title='bbox 220 1866 408 1900; x_wconf 83' lang='lat' dir='ltr'>Cardinales</span> <span class='ocrx_word' id='word_1_318' title='bbox 417 1877 505 1905; x_wconf 78' lang='lat' dir='ltr'>quam</span> <span class='ocrx_word' id='word_1_319' title='bbox 514 1867 751 1909; x_wconf 65' lang='lat' dir='ltr'>jurisdift&#39;ionem</span> <span class='ocrx_word' id='word_1_320' title='bbox 769 1867 901 1903; x_wconf 74' lang='lat' dir='ltr'>habeant</span> <span class='ocrx_word' id='word_1_321' title='bbox 912 1864 986 1909; x_wconf 84' lang='lat' dir='ltr'>sede</span> <span class='ocrx_word' id='word_1_322' title='bbox 1003 1872 1138 1898; x_wconf 83' lang='lat' dir='ltr'>vacante</span> 
     </span>
     <span class='ocr_line' id='line_1_38' title="bbox 268 1909 883 1953; baseline 0.002 -12"><span class='ocrx_word' id='word_1_323' title='bbox 268 1921 308 1941; x_wconf 83' lang='lat' dir='ltr'>ex</span> <span class='ocrx_word' id='word_1_324' title='bbox 311 1909 467 1950; x_wconf 71' lang='lat' dir='ltr'>fintentia</span> <span class='ocrx_word' id='word_1_325' title='bbox 477 1920 614 1943; x_wconf 83' lang='lat' dir='ltr'>veterum</span> <span class='ocrx_word' id='word_1_326' title='bbox 630 1910 863 1953; x_wconf 71' lang='lat' dir='ltr'>Canonist‘arum</span> <span class='ocrx_word' id='word_1_327' title='bbox 874 1933 883 1942; x_wconf 90' lang='lat'><strong>.</strong></span> 
     </span>
     <span class='ocr_line' id='line_1_39' title="bbox 185 1952 1140 2040; baseline -0.002 -54"><span class='ocrx_word' id='word_1_328' title='bbox 185 1956 205 1984; x_wconf 90' lang='lat'>6</span> <span class='ocrx_word' id='word_1_329' title='bbox 226 1955 315 2029; x_wconf 52' lang='lat' dir='ltr'>Pap-a</span> <span class='ocrx_word' id='word_1_330' title='bbox 334 1963 449 2040; x_wconf 48' lang='lat' dir='ltr'>Znthuo</span> <span class='ocrx_word' id='word_1_331' title='bbox 466 1954 622 2001; x_wconf 72' lang='lat' dir='ltr'>plenitudo</span> <span class='ocrx_word' id='word_1_332' title='bbox 640 1953 798 1997; x_wconf 71' lang='lat' dir='ltr'>potestatis</span> <span class='ocrx_word' id='word_1_333' title='bbox 817 1952 859 1996; x_wconf 91' lang='lat' dir='ltr'>est</span> <span class='ocrx_word' id='word_1_334' title='bbox 877 1962 963 1996; x_wconf 88' lang='lat' dir='ltr'>penes</span> <span class='ocrx_word' id='word_1_335' title='bbox 971 1954 1140 1986; x_wconf 78' lang='lat' dir='ltr'>Romanam</span> 
     </span>
     <span class='ocr_line' id='line_1_40' title="bbox 302 2007 460 2030; baseline 0.006 -2"><span class='ocrx_word' id='word_1_336' title='bbox 302 2007 333 2028; x_wconf 87' lang='lat' dir='ltr'>cc</span> <span class='ocrx_word' id='word_1_337' title='bbox 347 2009 362 2028; x_wconf 94' lang='lat' dir='ltr'>e</span> <span class='ocrx_word' id='word_1_338' title='bbox 376 2008 442 2030; x_wconf 73' lang='lat' dir='ltr'>iam</span> <span class='ocrx_word' id='word_1_339' title='bbox 452 2020 460 2029; x_wconf 93' lang='lat'><em>.</em></span> 
     </span>
     <span class='ocr_line' id='line_1_41' title="bbox 188 2040 908 2082; baseline 0.001 -11"><span class='ocrx_word' id='word_1_340' title='bbox 188 2047 208 2075; x_wconf 92' lang='lat'><em>7</em></span> <span class='ocrx_word' id='word_1_341' title='bbox 229 2041 393 2076; x_wconf 80' lang='lat' dir='ltr'>Dormitat</span> <span class='ocrx_word' id='word_1_342' title='bbox 401 2050 503 2073; x_wconf 83' lang='lat' dir='ltr'>tamen</span> <span class='ocrx_word' id='word_1_343' title='bbox 513 2040 654 2082; x_wconf 76' lang='lat' dir='ltr'>quousque</span> <span class='ocrx_word' id='word_1_344' title='bbox 663 2050 784 2074; x_wconf 76' lang='lat' dir='ltr'>creatur</span> <span class='ocrx_word' id='word_1_345' title='bbox 803 2044 892 2082; x_wconf 86' lang='lat' dir='ltr'>Papa</span> <span class='ocrx_word' id='word_1_346' title='bbox 900 2063 908 2072; x_wconf 92' lang='lat'><strong><em>.</em></strong></span> 
     </span>
     <span class='ocr_line' id='line_1_42' title="bbox 187 2080 1141 2125; baseline -0.001 -12"><span class='ocrx_word' id='word_1_347' title='bbox 187 2085 207 2114; x_wconf 84' lang='lat'>8</span> <span class='ocrx_word' id='word_1_348' title='bbox 219 2083 248 2125; x_wconf 83' lang='lat' dir='ltr'><strong><em>J</em></strong></span> <span class='ocrx_word' id='word_1_349' title='bbox 249 2082 472 2123; x_wconf 66' lang='lat' dir='ltr'>urisdih‘iionem</span> <span class='ocrx_word' id='word_1_350' title='bbox 489 2086 644 2117; x_wconf 80' lang='lat' dir='ltr'>multoties</span> <span class='ocrx_word' id='word_1_351' title='bbox 663 2085 751 2118; x_wconf 86' lang='lat' dir='ltr'>habet</span> <span class='ocrx_word' id='word_1_352' title='bbox 762 2087 827 2123; x_wconf 76' lang='lat' dir='ltr'>quis</span> <span class='ocrx_word' id='word_1_353' title='bbox 845 2084 949 2116; x_wconf 87' lang='lat' dir='ltr'>habitu</span> <span class='ocrx_word' id='word_1_354' title='bbox 960 2104 970 2119; x_wconf 92' lang='lat'>‚</span> <span class='ocrx_word' id='word_1_355' title='bbox 991 2081 1016 2113; x_wconf 85' lang='lat' dir='ltr'>li</span> <span class='ocrx_word' id='word_1_356' title='bbox 1019 2080 1064 2113; x_wconf 82' lang='lat' dir='ltr'>cet</span> <span class='ocrx_word' id='word_1_357' title='bbox 1085 2091 1141 2112; x_wconf 85' lang='lat' dir='ltr'>non</span> 
     </span>
     <span class='ocr_line' id='line_1_43' title="bbox 271 2128 570 2169; baseline 0 -10"><span class='ocrx_word' id='word_1_358' title='bbox 271 2128 341 2159; x_wconf 61' lang='lat' dir='ltr'>astu</span> <span class='ocrx_word' id='word_1_359' title='bbox 351 2149 361 2163; x_wconf 82' lang='lat'>,</span> <span class='ocrx_word' id='word_1_360' title='bbox 381 2129 420 2160; x_wconf 66' lang='lat'>&amp;⁴</span> <span class='ocrx_word' id='word_1_361' title='bbox 428 2139 507 2160; x_wconf 79' lang='lat' dir='ltr'>num.</span> <span class='ocrx_word' id='word_1_362' title='bbox 522 2138 570 2169; x_wconf 87' lang='lat'>39.</span> 
     </span>
     <span class='ocr_line' id='line_1_44' title="bbox 188 2168 1140 2217; baseline -0.004 -15"><span class='ocrx_word' id='word_1_363' title='bbox 188 2178 207 2208; x_wconf 90' lang='lat'>9</span> <span class='ocrx_word' id='word_1_364' title='bbox 228 2170 447 2217; x_wconf 79' lang='lat' dir='ltr'>Cardinalium</span> <span class='ocrx_word' id='word_1_365' title='bbox 457 2172 622 2210; x_wconf 83' lang='lat' dir='ltr'>Collegium</span> <span class='ocrx_word' id='word_1_366' title='bbox 633 2170 711 2208; x_wconf 86' lang='lat' dir='ltr'>Sede</span> <span class='ocrx_word' id='word_1_367' title='bbox 723 2180 856 2204; x_wconf 80' lang='lat' dir='ltr'>vacante</span> <span class='ocrx_word' id='word_1_368' title='bbox 863 2168 951 2203; x_wconf 85' lang='lat' dir='ltr'>habet</span> <span class='ocrx_word' id='word_1_369' title='bbox 961 2168 1140 2200; x_wconf 78' lang='lat' dir='ltr'>exercitium</span> 
     </span>
     <span class='ocr_line' id='line_1_45' title="bbox 272 2209 1140 2255; baseline -0.005 -10"><span class='ocrx_word' id='word_1_370' title='bbox 272 2212 490 2254; x_wconf 63' lang='lat' dir='ltr'>jurisdiciionis</span> <span class='ocrx_word' id='word_1_371' title='bbox 501 2217 588 2255; x_wconf 65' lang='lat' dir='ltr'>Papae</span> <span class='ocrx_word' id='word_1_372' title='bbox 599 2217 631 2245; x_wconf 85' lang='lat' dir='ltr'>in</span> <span class='ocrx_word' id='word_1_373' title='bbox 642 2214 690 2247; x_wconf 86' lang='lat' dir='ltr'>his</span> <span class='ocrx_word' id='word_1_374' title='bbox 700 2213 821 2247; x_wconf 67' lang='lat' dir='ltr'>tantiam</span> <span class='ocrx_word' id='word_1_375' title='bbox 831 2237 841 2251; x_wconf 90' lang='lat'>,</span> <span class='ocrx_word' id='word_1_376' title='bbox 862 2223 919 2252; x_wconf 74' lang='lat' dir='ltr'>que</span> <span class='ocrx_word' id='word_1_377' title='bbox 932 2212 1005 2253; x_wconf 88' lang='lat' dir='ltr'>sunt</span> <span class='ocrx_word' id='word_1_378' title='bbox 1015 2209 1140 2251; x_wconf 75' lang='lat' dir='ltr'>neceffa-</span> 
     </span>
     <span class='ocr_line' id='line_1_46' title="bbox 274 2252 1141 2300; baseline -0.014 -5"><span class='ocrx_word' id='word_1_379' title='bbox 274 2259 343 2294; x_wconf 58' lang='lat' dir='ltr'>&#39;‘i‘’</span> <span class='ocrx_word' id='word_1_380' title='bbox 364 2259 415 2289; x_wconf 78' lang='lat' dir='ltr'>vel</span> <span class='ocrx_word' id='word_1_381' title='bbox 425 2258 517 2289; x_wconf 86' lang='lat' dir='ltr'>utilia</span> <span class='ocrx_word' id='word_1_382' title='bbox 529 2258 687 2300; x_wconf 66' lang='lat' dir='ltr'>Eccstfiae,</span> <span class='ocrx_word' id='word_1_383' title='bbox 701 2257 755 2298; x_wconf 88' lang='lat' dir='ltr'>seu</span> <span class='ocrx_word' id='word_1_384' title='bbox 768 2256 944 2298; x_wconf 75' lang='lat' dir='ltr'>Reipublicae</span> <span class='ocrx_word' id='word_1_385' title='bbox 961 2252 1141 2296; x_wconf 70' lang='lat' dir='ltr'>Christiana</span> 
     </span>
     <span class='ocr_line' id='line_1_47' title="bbox 277 2299 882 2344; baseline 0.005 -14"><span class='ocrx_word' id='word_1_386' title='bbox 277 2299 474 2340; x_wconf 80' lang='lat' dir='ltr'>exsententia</span> <span class='ocrx_word' id='word_1_387' title='bbox 484 2300 653 2344; x_wconf 77' lang='lat' dir='ltr'>Hostienfis</span> <span class='ocrx_word' id='word_1_388' title='bbox 661 2323 672 2338; x_wconf 91' lang='lat'>‚</span> <span class='ocrx_word' id='word_1_389' title='bbox 693 2299 730 2339; x_wconf 66' lang='grc' dir='ltr'>ῤ’</span> <span class='ocrx_word' id='word_1_390' title='bbox 739 2312 820 2333; x_wconf 84' lang='lat' dir='ltr'>num.</span> <span class='ocrx_word' id='word_1_391' title='bbox 835 2309 882 2340; x_wconf 82' lang='lat'>17.</span> 
     </span>
     <span class='ocr_line' id='line_1_48' title="bbox 237 2343 611 2381; baseline 0.005 -7"><span class='ocrx_word' id='word_1_392' title='bbox 237 2343 429 2375; x_wconf 83' lang='lat' dir='ltr'>Declaratur</span> <span class='ocrx_word' id='word_1_393' title='bbox 438 2366 448 2381; x_wconf 91' lang='lat'>,</span> <span class='ocrx_word' id='word_1_394' title='bbox 470 2355 550 2375; x_wconf 78' lang='lat' dir='ltr'>num.</span> <span class='ocrx_word' id='word_1_395' title='bbox 560 2349 611 2376; x_wconf 85' lang='lat'>26.</span> 
     </span>
     <span class='ocr_line' id='line_1_49' title="bbox 172 2381 1149 2425; baseline -0.001 -9"><span class='ocrx_word' id='word_1_396' title='bbox 172 2393 212 2417; x_wconf 82' lang='lat'>10</span> <span class='ocrx_word' id='word_1_397' title='bbox 228 2385 417 2420; x_wconf 82' lang='lat' dir='ltr'>Cardinales</span> <span class='ocrx_word' id='word_1_398' title='bbox 426 2388 505 2419; x_wconf 85' lang='lat' dir='ltr'>Sede</span> <span class='ocrx_word' id='word_1_399' title='bbox 521 2397 656 2419; x_wconf 79' lang='lat' dir='ltr'>vacante</span> <span class='ocrx_word' id='word_1_400' title='bbox 674 2388 748 2420; x_wconf 75' lang='lat' dir='ltr'>olim</span> <span class='ocrx_word' id='word_1_401' title='bbox 768 2384 926 2420; x_wconf 85' lang='lat' dir='ltr'>utebantur</span> <span class='ocrx_word' id='word_1_402' title='bbox 944 2381 1149 2425; x_wconf 59' lang='lat' dir='ltr'>iurisdicfflione</span> 
     </span>
     <span class='ocr_line' id='line_1_50' title="bbox 279 2426 1145 2471; baseline 0.001 -10"><span class='ocrx_word' id='word_1_403' title='bbox 279 2430 396 2469; x_wconf 78' lang='lat' dir='ltr'>Papali</span> <span class='ocrx_word' id='word_1_404' title='bbox 414 2441 455 2465; x_wconf 81' lang='lat' dir='ltr'>ex</span> <span class='ocrx_word' id='word_1_405' title='bbox 473 2429 678 2471; x_wconf 73' lang='lat' dir='ltr'>consuetudine</span> <span class='ocrx_word' id='word_1_406' title='bbox 686 2453 696 2468; x_wconf 86' lang='lat'>,</span> <span class='ocrx_word' id='word_1_407' title='bbox 716 2430 754 2463; x_wconf 59' lang='grc' dir='ltr'>(θ’</span> <span class='ocrx_word' id='word_1_408' title='bbox 762 2440 841 2465; x_wconf 83' lang='lat' dir='ltr'>num.</span> <span class='ocrx_word' id='word_1_409' title='bbox 856 2433 905 2471; x_wconf 82' lang='lat'>36·</span> <span class='ocrx_word' id='word_1_410' title='bbox 926 2426 1029 2463; x_wconf 78' lang='lat' dir='ltr'>Hodie</span> <span class='ocrx_word' id='word_1_411' title='bbox 1028 2426 1114 2468; x_wconf 71' lang='lat' dir='ltr'>secus</span> <span class='ocrx_word' id='word_1_412' title='bbox 1135 2448 1145 2462; x_wconf 65' lang='lat'><strong>³</strong></span> 
     </span>
     <span class='ocr_line' id='line_1_51' title="bbox 279 2481 423 2512; baseline 0.014 -10"><span class='ocrx_word' id='word_1_413' title='bbox 279 2481 360 2502; x_wconf 84' lang='lat' dir='ltr'>num.</span> <span class='ocrx_word' id='word_1_414' title='bbox 375 2481 423 2512; x_wconf 87' lang='lat'>37.</span> 
     </span>
     <span class='ocr_line' id='line_1_52' title="bbox 172 2512 1146 2558; baseline -0.001 -13"><span class='ocrx_word' id='word_1_415' title='bbox 172 2523 184 2547; x_wconf 90' lang='lat'>1</span> <span class='ocrx_word' id='word_1_416' title='bbox 193 2522 206 2545; x_wconf 77' lang='lat' dir='ltr'>r</span> <span class='ocrx_word' id='word_1_417' title='bbox 227 2512 414 2552; x_wconf 76' lang='lat' dir='ltr'>Cardinalcs</span> <span class='ocrx_word' id='word_1_418' title='bbox 424 2513 568 2556; x_wconf 76' lang='lat' dir='ltr'>Episcopi</span> <span class='ocrx_word' id='word_1_419' title='bbox 586 2518 719 2553; x_wconf 74' lang='lat' dir='ltr'>Romano</span> <span class='ocrx_word' id='word_1_420' title='bbox 730 2519 820 2550; x_wconf 85' lang='lat' dir='ltr'>Ponti</span> <span class='ocrx_word' id='word_1_421' title='bbox 816 2515 876 2558; x_wconf 84' lang='lat' dir='ltr'>fiee</span> <span class='ocrx_word' id='word_1_422' title='bbox 893 2513 1013 2550; x_wconf 84' lang='lat' dir='ltr'>obeunte</span> <span class='ocrx_word' id='word_1_423' title='bbox 1017 2512 1146 2555; x_wconf 81' lang='lat' dir='ltr'>fungun-</span> 
     </span>
     <span class='ocr_line' id='line_1_53' title="bbox 278 2559 673 2599; baseline 0 -10"><span class='ocrx_word' id='word_1_424' title='bbox 278 2566 330 2589; x_wconf 89' lang='lat' dir='ltr'>tur</span> <span class='ocrx_word' id='word_1_425' title='bbox 336 2559 406 2589; x_wconf 84' lang='lat' dir='ltr'>vice</span> <span class='ocrx_word' id='word_1_426' title='bbox 415 2559 655 2599; x_wconf 81' lang='lat' dir='ltr'>Metropolitani</span> <span class='ocrx_word' id='word_1_427' title='bbox 665 2581 673 2589; x_wconf 93' lang='lat'>.</span> 
     </span>
     <span class='ocr_line' id='line_1_54' title="bbox 236 2597 1148 2684; baseline 0.001 -53"><span class='ocrx_word' id='word_1_428' title='bbox 236 2601 408 2684; x_wconf 46' lang='grc' dir='ltr'><em>ΙηιεΙΙεέῖῗ</em></span> <span class='ocrx_word' id='word_1_429' title='bbox 417 2610 484 2642; x_wconf 83' lang='lat' dir='ltr'>cap.</span> <span class='ocrx_word' id='word_1_430' title='bbox 496 2601 533 2632; x_wconf 86' lang='lat' dir='ltr'>In</span> <span class='ocrx_word' id='word_1_431' title='bbox 544 2601 674 2638; x_wconf 73' lang='lat' dir='ltr'>nominc</span> <span class='ocrx_word' id='word_1_432' title='bbox 686 2600 822 2634; x_wconf 89' lang='lat' dir='ltr'>Domini</span> <span class='ocrx_word' id='word_1_433' title='bbox 833 2612 850 2632; x_wconf 84' lang='lat'>2</span> <span class='ocrx_word' id='word_1_434' title='bbox 857 2609 885 2642; x_wconf 83' lang='lat'>3.</span> <span class='ocrx_word' id='word_1_435' title='bbox 895 2599 964 2637; x_wconf 81' lang='lat' dir='ltr'>dist.</span> <span class='ocrx_word' id='word_1_436' title='bbox 975 2597 1100 2635; x_wconf 77' lang='lat' dir='ltr'>ibidem,</span> <span class='ocrx_word' id='word_1_437' title='bbox 1111 2598 1148 2636; x_wconf 70' lang='grc' dir='ltr'>Φ·</span> 
     </span>
     <span class='ocr_line' id='line_1_55' title="bbox 284 2654 454 2682; baseline 0 -7"><span class='ocrx_word' id='word_1_438' title='bbox 284 2654 364 2676; x_wconf 83' lang='lat' dir='ltr'>num.</span> <span class='ocrx_word' id='word_1_439' title='bbox 392 2654 454 2682; x_wconf 74' lang='lat' dir='ltr'>eqq.</span> 
     </span>
     <span class='ocr_line' id='line_1_56' title="bbox 174 2685 976 2728; baseline -0.002 -10"><span class='ocrx_word' id='word_1_440' title='bbox 174 2695 188 2718; x_wconf 87' lang='lat'>1</span> <span class='ocrx_word' id='word_1_441' title='bbox 198 2696 216 2718; x_wconf 86' lang='lat'>2</span> <span class='ocrx_word' id='word_1_442' title='bbox 237 2688 326 2727; x_wconf 84' lang='lat' dir='ltr'>Papa</span> <span class='ocrx_word' id='word_1_443' title='bbox 338 2686 380 2727; x_wconf 87' lang='lat' dir='ltr'>est</span> <span class='ocrx_word' id='word_1_444' title='bbox 391 2687 651 2727; x_wconf 79' lang='lat' dir='ltr'>Metropolitanus</span> <span class='ocrx_word' id='word_1_445' title='bbox 663 2689 799 2724; x_wconf 78' lang='lat' dir='ltr'>Romane</span> <span class='ocrx_word' id='word_1_446' title='bbox 819 2685 957 2728; x_wconf 69' lang='lat' dir='ltr'>Ecclesia</span> <span class='ocrx_word' id='word_1_447' title='bbox 968 2708 976 2716; x_wconf 90' lang='lat'><em>.</em></span> 
     </span>
     <span class='ocr_line' id='line_1_57' title="bbox 179 2725 1148 2772; baseline -0.003 -9"><span class='ocrx_word' id='word_1_448' title='bbox 179 2739 215 2771; x_wconf 84' lang='lat'>13</span> <span class='ocrx_word' id='word_1_449' title='bbox 237 2732 265 2762; x_wconf 89' lang='lat' dir='ltr'>C</span> <span class='ocrx_word' id='word_1_450' title='bbox 265 2728 424 2762; x_wconf 83' lang='lat' dir='ltr'>ardinales</span> <span class='ocrx_word' id='word_1_451' title='bbox 435 2729 509 2772; x_wconf 70' lang='lat' dir='ltr'>fide</span> <span class='ocrx_word' id='word_1_452' title='bbox 527 2739 663 2763; x_wconf 84' lang='lat' dir='ltr'>vacante</span> <span class='ocrx_word' id='word_1_453' title='bbox 678 2728 791 2772; x_wconf 79' lang='lat' dir='ltr'>possunt</span> <span class='ocrx_word' id='word_1_454' title='bbox 800 2728 1071 2765; x_wconf 69' lang='lat' dir='ltr'>anathematizare</span> <span class='ocrx_word' id='word_1_455' title='bbox 1080 2750 1090 2765; x_wconf 87' lang='lat'>‚</span> <span class='ocrx_word' id='word_1_456' title='bbox 1110 2725 1148 2764; x_wconf 61' lang='grc' dir='ltr'>χώ·</span> 
     </span>
     <span class='ocr_line' id='line_1_58' title="bbox 284 2782 632 2813; baseline -0.003 -8"><span class='ocrx_word' id='word_1_457' title='bbox 284 2783 364 2805; x_wconf 85' lang='lat' dir='ltr'>num.</span> <span class='ocrx_word' id='word_1_458' title='bbox 376 2782 391 2813; x_wconf 83' lang='lat'><em>5</em></span> <span class='ocrx_word' id='word_1_459' title='bbox 400 2783 425 2805; x_wconf 87' lang='lat'>1.</span> <span class='ocrx_word' id='word_1_460' title='bbox 629 2796 632 2799; x_wconf 86' lang='lat'><em>-</em></span> 
     </span>
     <span class='ocr_line' id='line_1_59' title="bbox 179 2812 1151 2857; baseline -0.003 -8"><span class='ocrx_word' id='word_1_461' title='bbox 179 2826 191 2849; x_wconf 85' lang='lat'>1</span> <span class='ocrx_word' id='word_1_462' title='bbox 198 2826 219 2856; x_wconf 87' lang='lat'><em>4</em></span> <span class='ocrx_word' id='word_1_463' title='bbox 238 2816 419 2850; x_wconf 86' lang='lat' dir='ltr'>Anathema</span> <span class='ocrx_word' id='word_1_464' title='bbox 431 2814 471 2857; x_wconf 87' lang='lat' dir='ltr'>est</span> <span class='ocrx_word' id='word_1_465' title='bbox 478 2826 577 2848; x_wconf 90' lang='lat' dir='ltr'>mucro</span> <span class='ocrx_word' id='word_1_466' title='bbox 587 2817 616 2849; x_wconf 82' lang='lat' dir='ltr'><em>E</em></span> <span class='ocrx_word' id='word_1_467' title='bbox 617 2814 696 2857; x_wconf 74' lang='lat' dir='ltr'>pisto</span> <span class='ocrx_word' id='word_1_468' title='bbox 696 2812 780 2857; x_wconf 82' lang='lat' dir='ltr'>palis</span> <span class='ocrx_word' id='word_1_469' title='bbox 789 2838 799 2853; x_wconf 92' lang='lat'>,</span> <span class='ocrx_word' id='word_1_470' title='bbox 820 2814 857 2848; x_wconf 55' lang='grc' dir='ltr'><em>ὡ</em></span> <span class='ocrx_word' id='word_1_471' title='bbox 867 2825 918 2848; x_wconf 88' lang='lat' dir='ltr'>ma</span> <span class='ocrx_word' id='word_1_472' title='bbox 919 2814 964 2855; x_wconf 79' lang='lat' dir='ltr'>jor</span> <span class='ocrx_word' id='word_1_473' title='bbox 974 2822 1061 2855; x_wconf 87' lang='lat' dir='ltr'>poena</span> <span class='ocrx_word' id='word_1_474' title='bbox 1073 2834 1084 2850; x_wconf 86' lang='lat'>‚</span> <span class='ocrx_word' id='word_1_475' title='bbox 1094 2824 1151 2852; x_wconf 69' lang='lat' dir='ltr'>qua</span> 
     </span>
     <span class='ocr_line' id='line_1_60' title="bbox 283 2859 606 2904; baseline -0.003 -13"><span class='ocrx_word' id='word_1_476' title='bbox 283 2859 369 2904; x_wconf 81' lang='lat' dir='ltr'>sitin</span> <span class='ocrx_word' id='word_1_477' title='bbox 379 2860 518 2903; x_wconf 83' lang='lat' dir='ltr'>Ecclefia</span> <span class='ocrx_word' id='word_1_478' title='bbox 527 2861 606 2892; x_wconf 84' lang='lat' dir='ltr'>Dei.</span> 
     </span>
     <span class='ocr_line' id='line_1_61' title="bbox 182 2900 1151 2987; baseline -0.005 -52"><span class='ocrx_word' id='word_1_479' title='bbox 182 2909 219 2944; x_wconf 84' lang='lat'>15</span> <span class='ocrx_word' id='word_1_480' title='bbox 239 2902 502 2987; x_wconf 53' lang='lat' dir='ltr'>Caydinalessede</span> <span class='ocrx_word' id='word_1_481' title='bbox 512 2911 642 2937; x_wconf 83' lang='lat' dir='ltr'>vacante</span> <span class='ocrx_word' id='word_1_482' title='bbox 651 2900 786 2943; x_wconf 88' lang='lat' dir='ltr'>nonsunt</span> <span class='ocrx_word' id='word_1_483' title='bbox 799 2902 867 2948; x_wconf 86' lang='lat' dir='ltr'>fine</span> <span class='ocrx_word' id='word_1_484' title='bbox 885 2912 920 2934; x_wconf 88' lang='lat' dir='ltr'>ca</span> <span class='ocrx_word' id='word_1_485' title='bbox 922 2902 985 2942; x_wconf 85' lang='lat' dir='ltr'>pite</span> <span class='ocrx_word' id='word_1_486' title='bbox 994 2923 1004 2936; x_wconf 94' lang='lat'>,</span> <span class='ocrx_word' id='word_1_487' title='bbox 1023 2903 1062 2932; x_wconf 52' lang='grc' dir='ltr'>(θ’</span> <span class='ocrx_word' id='word_1_488' title='bbox 1073 2909 1151 2931; x_wconf 85' lang='lat' dir='ltr'>num.</span> 
     </span>
     <span class='ocr_line' id='line_1_62' title="bbox 304 2958 365 2978; baseline 0.016 -1"><span class='ocrx_word' id='word_1_489' title='bbox 304 2958 318 2977; x_wconf 83' lang='lat' dir='ltr'>C</span> <span class='ocrx_word' id='word_1_490' title='bbox 357 2970 365 2978; x_wconf 73' lang='grc' dir='ltr'><strong>ο</strong></span> 
     </span>
    </p>

    <p class='ocr_par' dir='ltr' id='par_1_14' title="bbox 185 2956 1154 3077">
     <span class='ocr_line' id='line_1_63' title="bbox 185 2956 1154 3033; baseline -0.006 -12"><span class='ocrx_word' id='word_1_491' title='bbox 185 2992 222 3021; x_wconf 81' lang='lat'>16</span> <span class='ocrx_word' id='word_1_492' title='bbox 243 2956 378 3022; x_wconf 60' lang='lat' dir='ltr'>Romcqtilzae</span> <span class='ocrx_word' id='word_1_493' title='bbox 390 2989 528 3033; x_wconf 67' lang='lat' dir='ltr'>Ecclesia</span> <span class='ocrx_word' id='word_1_494' title='bbox 536 2990 680 3023; x_wconf 84' lang='lat' dir='ltr'>vacantis</span> <span class='ocrx_word' id='word_1_495' title='bbox 691 2987 798 3030; x_wconf 86' lang='lat' dir='ltr'>Pastor</span> <span class='ocrx_word' id='word_1_496' title='bbox 808 3010 818 3025; x_wconf 90' lang='lat'>‚</span> <span class='ocrx_word' id='word_1_497' title='bbox 836 2986 967 3030; x_wconf 87' lang='lat' dir='ltr'>Sponsus</span> <span class='ocrx_word' id='word_1_498' title='bbox 977 3008 987 3023; x_wconf 78' lang='grc'><strong>,</strong></span> <span class='ocrx_word' id='word_1_499' title='bbox 1007 2984 1044 3020; x_wconf 61' lang='lat'>&amp;⁴</span> <span class='ocrx_word' id='word_1_500' title='bbox 1054 2988 1154 3026; x_wconf 87' lang='lat' dir='ltr'>Caput</span> 
     </span>
     <span class='ocr_line' id='line_1_64' title="bbox 291 3031 875 3077; baseline -0.003 -13"><span class='ocrx_word' id='word_1_501' title='bbox 291 3035 324 3065; x_wconf 88' lang='lat' dir='ltr'>in</span> <span class='ocrx_word' id='word_1_502' title='bbox 330 3031 453 3077; x_wconf 73' lang='lat' dir='ltr'>vifibile</span> <span class='ocrx_word' id='word_1_503' title='bbox 461 3031 503 3074; x_wconf 80' lang='lat' dir='ltr'>est</span> <span class='ocrx_word' id='word_1_504' title='bbox 511 3031 648 3074; x_wconf 82' lang='lat' dir='ltr'>Christus</span> <span class='ocrx_word' id='word_1_505' title='bbox 656 3054 666 3069; x_wconf 91' lang='lat'>,</span> <span class='ocrx_word' id='word_1_506' title='bbox 687 3031 723 3064; x_wconf 67' lang='grc' dir='ltr'>Φ·</span> <span class='ocrx_word' id='word_1_507' title='bbox 733 3040 811 3063; x_wconf 87' lang='lat' dir='ltr'>num.</span> <span class='ocrx_word' id='word_1_508' title='bbox 824 3042 840 3062; x_wconf 87' lang='lat'>2</span> <span class='ocrx_word' id='word_1_509' title='bbox 846 3041 875 3070; x_wconf 88' lang='lat'>4.</span> 
     </span>
    </p>

    <p class='ocr_par' dir='ltr' id='par_1_15' title="bbox 188 3069 1157 3194">
     <span class='ocr_line' id='line_1_65' title="bbox 188 3069 1157 3113; baseline -0.006 -5"><span class='ocrx_word' id='word_1_510' title='bbox 188 3085 200 3108; x_wconf 86' lang='lat'>1</span> <span class='ocrx_word' id='word_1_511' title='bbox 207 3077 225 3106; x_wconf 91' lang='lat'>8</span> <span class='ocrx_word' id='word_1_512' title='bbox 245 3077 462 3111; x_wconf 81' lang='lat' dir='ltr'>Cardinalium</span> <span class='ocrx_word' id='word_1_513' title='bbox 470 3085 561 3109; x_wconf 84' lang='lat' dir='ltr'>coetus</span> <span class='ocrx_word' id='word_1_514' title='bbox 571 3085 642 3107; x_wconf 89' lang='lat' dir='ltr'>ante</span> <span class='ocrx_word' id='word_1_515' title='bbox 651 3075 819 3111; x_wconf 82' lang='lat' dir='ltr'>Concilium</span> <span class='ocrx_word' id='word_1_516' title='bbox 839 3072 1011 3113; x_wconf 71' lang='lat' dir='ltr'>Lugdunen.</span> <span class='ocrx_word' id='word_1_517' title='bbox 1028 3069 1157 3104; x_wconf 80' lang='lat' dir='ltr'>habebat</span> 
     </span>
     <span class='ocr_line' id='line_1_66' title="bbox 290 3114 1156 3194; baseline -0.008 -43"><span class='ocrx_word' id='word_1_518' title='bbox 290 3120 329 3194; x_wconf 60' lang='lat' dir='ltr'>gt</span> <span class='ocrx_word' id='word_1_519' title='bbox 338 3118 441 3151; x_wconf 87' lang='lat' dir='ltr'>habitu</span> <span class='ocrx_word' id='word_1_520' title='bbox 444 3118 519 3160; x_wconf 87' lang='lat' dir='ltr'>sede</span> <span class='ocrx_word' id='word_1_521' title='bbox 527 3128 661 3155; x_wconf 76' lang='lat' dir='ltr'>vacante</span> <span class='ocrx_word' id='word_1_522' title='bbox 667 3116 883 3164; x_wconf 70' lang='lat' dir='ltr'>plenitudinem</span> <span class='ocrx_word' id='word_1_523' title='bbox 893 3114 1047 3158; x_wconf 81' lang='lat' dir='ltr'>potestatis</span> <span class='ocrx_word' id='word_1_524' title='bbox 1059 3117 1105 3147; x_wconf 84' lang='lat' dir='ltr'>Pa</span> <span class='ocrx_word' id='word_1_525' title='bbox 1107 3123 1156 3155; x_wconf 83' lang='lat' dir='ltr'>pae,</span> 
     </span>
    </p>

    <p class='ocr_par' dir='ltr' id='par_1_16' title="bbox 253 3172 630 3243">
     <span class='ocr_line' id='line_1_67' title="bbox 338 3172 479 3196; baseline 0.021 -3"><span class='ocrx_word' id='word_1_526' title='bbox 338 3172 418 3196; x_wconf 81' lang='lat' dir='ltr'>num.</span> <span class='ocrx_word' id='word_1_527' title='bbox 429 3173 445 3195; x_wconf 89' lang='lat'>2</span> <span class='ocrx_word' id='word_1_528' title='bbox 453 3173 479 3196; x_wconf 81' lang='lat'>1.</span> 
     </span>
     <span class='ocr_line' id='line_1_68' title="bbox 253 3206 630 3243; baseline 0.005 -9"><span class='ocrx_word' id='word_1_529' title='bbox 253 3206 449 3237; x_wconf 83' lang='lat' dir='ltr'>Contrarium</span> <span class='ocrx_word' id='word_1_530' title='bbox 459 3227 470 3243; x_wconf 90' lang='lat'><strong>,</strong></span> <span class='ocrx_word' id='word_1_531' title='bbox 489 3216 568 3238; x_wconf 88' lang='lat' dir='ltr'>num.</span> <span class='ocrx_word' id='word_1_532' title='bbox 581 3217 630 3237; x_wconf 82' lang='lat'>22.</span> 
     </span>
    </p>

    <p class='ocr_par' dir='ltr' id='par_1_17' title="bbox 190 3242 1157 3375">
     <span class='ocr_line' id='line_1_69' title="bbox 190 3242 1156 3288; baseline -0.005 -9"><span class='ocrx_word' id='word_1_533' title='bbox 190 3256 227 3282; x_wconf 79' lang='lat'>19</span> <span class='ocrx_word' id='word_1_534' title='bbox 246 3250 275 3279; x_wconf 91' lang='lat' dir='ltr'>C</span> <span class='ocrx_word' id='word_1_535' title='bbox 275 3248 431 3279; x_wconf 76' lang='lat' dir='ltr'>ardinales</span> <span class='ocrx_word' id='word_1_536' title='bbox 442 3247 516 3288; x_wconf 88' lang='lat' dir='ltr'>sede</span> <span class='ocrx_word' id='word_1_537' title='bbox 525 3257 655 3283; x_wconf 82' lang='lat' dir='ltr'>vacante</span> <span class='ocrx_word' id='word_1_538' title='bbox 665 3248 782 3280; x_wconf 86' lang='lat' dir='ltr'>nullam</span> <span class='ocrx_word' id='word_1_539' title='bbox 792 3245 903 3280; x_wconf 82' lang='lat' dir='ltr'>habent</span> <span class='ocrx_word' id='word_1_540' title='bbox 919 3242 1156 3285; x_wconf 65' lang='lat' dir='ltr'>jurisdiflionem</span> 
     </span>
     <span class='ocr_line' id='line_1_70' title="bbox 294 3287 1157 3328; baseline -0.005 -7"><span class='ocrx_word' id='word_1_541' title='bbox 294 3293 327 3321; x_wconf 84' lang='lat' dir='ltr'>in</span> <span class='ocrx_word' id='word_1_542' title='bbox 338 3289 386 3324; x_wconf 81' lang='lat' dir='ltr'>his</span> <span class='ocrx_word' id='word_1_543' title='bbox 399 3312 410 3326; x_wconf 91' lang='lat'>‚</span> <span class='ocrx_word' id='word_1_544' title='bbox 429 3301 486 3328; x_wconf 73' lang='lat' dir='ltr'>qua</span> <span class='ocrx_word' id='word_1_545' title='bbox 493 3294 612 3324; x_wconf 83' lang='lat' dir='ltr'>ratione</span> <span class='ocrx_word' id='word_1_546' title='bbox 623 3291 806 3325; x_wconf 68' lang='lat' dir='ltr'>excellentie</span> <span class='ocrx_word' id='word_1_547' title='bbox 817 3312 826 3326; x_wconf 82' lang='grc'><em>,</em></span> <span class='ocrx_word' id='word_1_548' title='bbox 847 3288 886 3323; x_wconf 67' lang='lat'>&amp;¹</span> <span class='ocrx_word' id='word_1_549' title='bbox 894 3287 1057 3328; x_wconf 75' lang='lat' dir='ltr'>dignitatis</span> <span class='ocrx_word' id='word_1_550' title='bbox 1067 3289 1115 3319; x_wconf 87' lang='lat' dir='ltr'>Pa</span> <span class='ocrx_word' id='word_1_551' title='bbox 1118 3296 1157 3328; x_wconf 80' lang='lat' dir='ltr'>pae</span> 
     </span>
     <span class='ocr_line' id='line_1_71' title="bbox 295 3332 886 3375; baseline -0.003 -10"><span class='ocrx_word' id='word_1_552' title='bbox 295 3335 419 3367; x_wconf 80' lang='lat' dir='ltr'>tantum</span> <span class='ocrx_word' id='word_1_553' title='bbox 422 3332 495 3373; x_wconf 82' lang='lat' dir='ltr'>sunt</span> <span class='ocrx_word' id='word_1_554' title='bbox 503 3334 660 3375; x_wconf 75' lang='lat' dir='ltr'>reftrvata</span> <span class='ocrx_word' id='word_1_555' title='bbox 670 3357 680 3371; x_wconf 93' lang='lat'>‚</span> <span class='ocrx_word' id='word_1_556' title='bbox 700 3333 738 3367; x_wconf 57' lang='grc' dir='ltr'>(θ’</span> <span class='ocrx_word' id='word_1_557' title='bbox 748 3344 826 3365; x_wconf 86' lang='lat' dir='ltr'>num.</span> <span class='ocrx_word' id='word_1_558' title='bbox 838 3342 886 3373; x_wconf 82' lang='lat'>31.</span> 
     </span>
    </p>

    <p class='ocr_par' dir='ltr' id='par_1_18' title="bbox 193 3371 1159 3504">
     <span class='ocr_line' id='line_1_72' title="bbox 193 3371 1159 3420; baseline -0.004 -12"><span class='ocrx_word' id='word_1_559' title='bbox 193 3387 232 3409; x_wconf 80' lang='lat'>20</span> <span class='ocrx_word' id='word_1_560' title='bbox 251 3378 278 3409; x_wconf 88' lang='lat' dir='ltr'>C</span> <span class='ocrx_word' id='word_1_561' title='bbox 279 3374 417 3420; x_wconf 76' lang='lat' dir='ltr'>ardinali</span> <span class='ocrx_word' id='word_1_562' title='bbox 419 3387 466 3408; x_wconf 89' lang='lat' dir='ltr'>um</span> <span class='ocrx_word' id='word_1_563' title='bbox 475 3377 639 3417; x_wconf 83' lang='lat' dir='ltr'>Collegium</span> <span class='ocrx_word' id='word_1_564' title='bbox 644 3375 713 3420; x_wconf 79' lang='lat' dir='ltr'>sede</span> <span class='ocrx_word' id='word_1_565' title='bbox 722 3385 853 3409; x_wconf 80' lang='lat' dir='ltr'>vacante</span> <span class='ocrx_word' id='word_1_566' title='bbox 861 3376 905 3407; x_wconf 75' lang='lat' dir='ltr'>ad</span> <span class='ocrx_word' id='word_1_567' title='bbox 922 3376 1020 3407; x_wconf 85' lang='lat' dir='ltr'>minus</span> <span class='ocrx_word' id='word_1_568' title='bbox 1028 3384 1095 3405; x_wconf 83' lang='lat' dir='ltr'>eam</span> <span class='ocrx_word' id='word_1_569' title='bbox 1105 3371 1159 3405; x_wconf 87' lang='lat' dir='ltr'>ha-</span> 
     </span>
     <span class='ocr_line' id='line_1_73' title="bbox 298 3415 1159 3460; baseline -0.003 -9"><span class='ocrx_word' id='word_1_570' title='bbox 298 3419 345 3451; x_wconf 88' lang='lat' dir='ltr'>bet</span> <span class='ocrx_word' id='word_1_571' title='bbox 354 3418 593 3460; x_wconf 72' lang='lat' dir='ltr'>jurisdit‘lionem</span> <span class='ocrx_word' id='word_1_572' title='bbox 606 3424 638 3453; x_wconf 82' lang='lat' dir='ltr'>in</span> <span class='ocrx_word' id='word_1_573' title='bbox 649 3422 679 3452; x_wconf 87' lang='lat' dir='ltr'><em>E</em></span> <span class='ocrx_word' id='word_1_574' title='bbox 681 3420 741 3454; x_wconf 86' lang='lat' dir='ltr'>ccle</span> <span class='ocrx_word' id='word_1_575' title='bbox 755 3431 787 3452; x_wconf 73' lang='lat' dir='ltr'>za</span> <span class='ocrx_word' id='word_1_576' title='bbox 797 3416 967 3459; x_wconf 79' lang='lat' dir='ltr'>universali</span> <span class='ocrx_word' id='word_1_577' title='bbox 976 3439 986 3454; x_wconf 87' lang='lat'>,</span> <span class='ocrx_word' id='word_1_578' title='bbox 1003 3427 1093 3457; x_wconf 75' lang='lat' dir='ltr'>quam</span> <span class='ocrx_word' id='word_1_579' title='bbox 1104 3415 1159 3448; x_wconf 88' lang='lat' dir='ltr'>ha-</span> 
     </span>
     <span class='ocr_line' id='line_1_74' title="bbox 298 3461 1015 3504; baseline -0.006 -8"><span class='ocrx_word' id='word_1_580' title='bbox 298 3463 345 3496; x_wconf 83' lang='lat' dir='ltr'>bet</span> <span class='ocrx_word' id='word_1_581' title='bbox 355 3464 488 3503; x_wconf 73' lang='lat' dir='ltr'>Legata:</span> <span class='ocrx_word' id='word_1_582' title='bbox 496 3462 671 3504; x_wconf 78' lang='lat' dir='ltr'>Apostolicae</span> <span class='ocrx_word' id='word_1_583' title='bbox 680 3466 721 3496; x_wconf 83' lang='lat' dir='ltr'>Se</span> <span class='ocrx_word' id='word_1_584' title='bbox 743 3465 772 3495; x_wconf 85' lang='lat' dir='ltr'>is</span> <span class='ocrx_word' id='word_1_585' title='bbox 781 3485 790 3501; x_wconf 87' lang='lat'>‚</span> <span class='ocrx_word' id='word_1_586' title='bbox 810 3461 847 3495; x_wconf 65' lang='grc' dir='ltr'>ὠ·</span> <span class='ocrx_word' id='word_1_587' title='bbox 866 3471 945 3494; x_wconf 89' lang='lat' dir='ltr'>num.</span> <span class='ocrx_word' id='word_1_588' title='bbox 964 3463 1015 3493; x_wconf 88' lang='lat'>28.</span> 
     </span>
    </p>
   </div>
   <div class='ocr_carea' id='block_1_14' title="bbox 1248 1259 1672 1296">
    <p class='ocr_par' dir='ltr' id='par_1_19' title="bbox 1248 1259 1672 1296">
     <span class='ocr_line' id='line_1_75' title="bbox 1248 1259 1672 1296; baseline -0.007 -4"><span class='ocrx_word' id='word_1_589' title='bbox 1248 1259 1446 1292; x_wconf 83' lang='lat' dir='ltr'>Contrarium</span> <span class='ocrx_word' id='word_1_590' title='bbox 1455 1281 1465 1296; x_wconf 89' lang='lat'>‚</span> <span class='ocrx_word' id='word_1_591' title='bbox 1486 1268 1598 1290; x_wconf 88' lang='lat' dir='ltr'>numer.</span> <span class='ocrx_word' id='word_1_592' title='bbox 1623 1268 1672 1294; x_wconf 87' lang='lat'>29·</span> 
     </span>
    </p>
   </div>
   <div class='ocr_carea' id='block_1_15' title="bbox 1187 1297 2158 1346">
    <p class='ocr_par' dir='ltr' id='par_1_20' title="bbox 1187 1297 2158 1346">
     <span class='ocr_line' id='line_1_76' title="bbox 1187 1297 2158 1346; baseline -0.012 -6"><span class='ocrx_word' id='word_1_593' title='bbox 1187 1315 1226 1341; x_wconf 70' lang='lat'>22</span> <span class='ocrx_word' id='word_1_594' title='bbox 1247 1306 1383 1337; x_wconf 82' lang='lat' dir='ltr'>Romana</span> <span class='ocrx_word' id='word_1_595' title='bbox 1396 1302 1531 1346; x_wconf 79' lang='lat' dir='ltr'>Ecclesia</span> <span class='ocrx_word' id='word_1_596' title='bbox 1542 1311 1654 1332; x_wconf 83' lang='lat' dir='ltr'>mortuo</span> <span class='ocrx_word' id='word_1_597' title='bbox 1664 1301 1754 1342; x_wconf 79' lang='lat' dir='ltr'>Papa</span> <span class='ocrx_word' id='word_1_598' title='bbox 1766 1297 1878 1333; x_wconf 84' lang='lat' dir='ltr'>dicitur</span> <span class='ocrx_word' id='word_1_599' title='bbox 1887 1298 2033 1341; x_wconf 85' lang='lat' dir='ltr'>acephala</span> <span class='ocrx_word' id='word_1_600' title='bbox 2045 1319 2054 1334; x_wconf 81' lang='lat'>,</span> <span class='ocrx_word' id='word_1_601' title='bbox 2065 1299 2102 1330; x_wconf 56' lang='grc' dir='ltr'><em>Θ</em></span> <span class='ocrx_word' id='word_1_602' title='bbox 2111 1299 2158 1329; x_wconf 83' lang='lat' dir='ltr'>vi-</span> 
     </span>
    </p>
   </div>
   <div class='ocr_carea' id='block_1_16' title="bbox 1192 1345 2227 3526">
    <p class='ocr_par' dir='ltr' id='par_1_21' title="bbox 1260 1345 1738 1426">
     <span class='ocr_line' id='line_1_77' title="bbox 1299 1345 1412 1377; baseline 0.009 -1"><span class='ocrx_word' id='word_1_603' title='bbox 1299 1345 1393 1377; x_wconf 84' lang='lat' dir='ltr'>duata</span> <span class='ocrx_word' id='word_1_604' title='bbox 1405 1370 1412 1377; x_wconf 91' lang='lat'><em>.</em></span> 
     </span>
     <span class='ocr_line' id='line_1_78' title="bbox 1260 1390 1738 1426; baseline -0.008 -4"><span class='ocrx_word' id='word_1_605' title='bbox 1260 1390 1465 1424; x_wconf 77' lang='lat' dir='ltr'>Declaratur,</span> <span class='ocrx_word' id='word_1_606' title='bbox 1486 1397 1565 1420; x_wconf 86' lang='lat' dir='ltr'>num.</span> <span class='ocrx_word' id='word_1_607' title='bbox 1577 1397 1629 1426; x_wconf 80' lang='lat'>24.</span> <span class='ocrx_word' id='word_1_608' title='bbox 1639 1391 1676 1418; x_wconf 70' lang='lat'>(9⁹</span> <span class='ocrx_word' id='word_1_609' title='bbox 1688 1397 1703 1419; x_wconf 80' lang='lat'>2</span> <span class='ocrx_word' id='word_1_610' title='bbox 1711 1395 1738 1425; x_wconf 83' lang='lat'>5.</span> 
     </span>
    </p>

    <p class='ocr_par' dir='ltr' id='par_1_22' title="bbox 1195 1428 1879 1475">
     <span class='ocr_line' id='line_1_79' title="bbox 1195 1428 1879 1475; baseline -0.01 -8"><span class='ocrx_word' id='word_1_611' title='bbox 1195 1445 1233 1475; x_wconf 84' lang='lat'>23</span> <span class='ocrx_word' id='word_1_612' title='bbox 1257 1431 1434 1473; x_wconf 82' lang='lat' dir='ltr'>Papasolus</span> <span class='ocrx_word' id='word_1_613' title='bbox 1441 1430 1481 1473; x_wconf 87' lang='lat' dir='ltr'>est</span> <span class='ocrx_word' id='word_1_614' title='bbox 1490 1442 1524 1462; x_wconf 86' lang='lat' dir='ltr'>ca</span> <span class='ocrx_word' id='word_1_615' title='bbox 1547 1439 1579 1461; x_wconf 89' lang='lat' dir='ltr'>ut</span> <span class='ocrx_word' id='word_1_616' title='bbox 1586 1428 1707 1473; x_wconf 69' lang='lat' dir='ltr'>vtfibile</span> <span class='ocrx_word' id='word_1_617' title='bbox 1718 1428 1858 1471; x_wconf 75' lang='lat' dir='ltr'>Ecclesiae</span> <span class='ocrx_word' id='word_1_618' title='bbox 1870 1452 1879 1460; x_wconf 95' lang='grc'><strong>.</strong></span> 
     </span>
    </p>

    <p class='ocr_par' dir='ltr' id='par_1_23' title="bbox 1193 1439 2160 1556">
     <span class='ocr_line' id='line_1_80' title="bbox 1193 1439 2160 1516; baseline -0.009 -6"><span class='ocrx_word' id='word_1_619' title='bbox 1193 1486 1233 1516; x_wconf 86' lang='lat'>27</span> <span class='ocrx_word' id='word_1_620' title='bbox 1253 1474 1439 1509; x_wconf 73' lang='lat' dir='ltr'>Cardinalts</span> <span class='ocrx_word' id='word_1_621' title='bbox 1456 1439 1623 1515; x_wconf 62' lang='lat' dir='ltr'>Hosliensis</span> <span class='ocrx_word' id='word_1_622' title='bbox 1640 1473 1794 1515; x_wconf 77' lang='lat' dir='ltr'>confilium</span> <span class='ocrx_word' id='word_1_623' title='bbox 1813 1474 1895 1504; x_wconf 84' lang='lat' dir='ltr'>circa</span> <span class='ocrx_word' id='word_1_624' title='bbox 1906 1469 2076 1512; x_wconf 72' lang='lat' dir='ltr'>clausuram</span> <span class='ocrx_word' id='word_1_625' title='bbox 2087 1472 2113 1502; x_wconf 89' lang='lat' dir='ltr'>C</span> <span class='ocrx_word' id='word_1_626' title='bbox 2114 1479 2160 1501; x_wconf 83' lang='lat' dir='ltr'>on-</span> 
     </span>
     <span class='ocr_line' id='line_1_81' title="bbox 1299 1512 2101 1556; baseline -0.007 -6"><span class='ocrx_word' id='word_1_627' title='bbox 1299 1519 1401 1551; x_wconf 88' lang='lat' dir='ltr'>clavis</span> <span class='ocrx_word' id='word_1_628' title='bbox 1410 1541 1421 1555; x_wconf 89' lang='lat'><strong>‚</strong></span> <span class='ocrx_word' id='word_1_629' title='bbox 1443 1516 1479 1549; x_wconf 68' lang='lat'>(9⁴</span> <span class='ocrx_word' id='word_1_630' title='bbox 1490 1515 1608 1549; x_wconf 84' lang='lat' dir='ltr'>cibaria</span> <span class='ocrx_word' id='word_1_631' title='bbox 1619 1538 1628 1552; x_wconf 82' lang='lat'><strong>‚</strong></span> <span class='ocrx_word' id='word_1_632' title='bbox 1651 1512 2082 1556; x_wconf 74' lang='lat' dir='ltr'>Cardinalibusfhbtrahenda</span> <span class='ocrx_word' id='word_1_633' title='bbox 2093 1535 2101 1544; x_wconf 84' lang='lat'><strong>.</strong></span> 
     </span>
    </p>

    <p class='ocr_par' dir='ltr' id='par_1_24' title="bbox 1192 1556 2162 1637">
     <span class='ocr_line' id='line_1_82' title="bbox 1192 1556 2162 1602; baseline -0.008 -7"><span class='ocrx_word' id='word_1_634' title='bbox 1192 1574 1231 1602; x_wconf 86' lang='lat'>29</span> <span class='ocrx_word' id='word_1_635' title='bbox 1251 1565 1381 1602; x_wconf 87' lang='lat' dir='ltr'>Legatus</span> <span class='ocrx_word' id='word_1_636' title='bbox 1390 1560 1426 1592; x_wconf 87' lang='lat' dir='ltr'>de</span> <span class='ocrx_word' id='word_1_637' title='bbox 1437 1562 1550 1593; x_wconf 84' lang='lat' dir='ltr'>Latere</span> <span class='ocrx_word' id='word_1_638' title='bbox 1559 1557 1671 1601; x_wconf 83' lang='lat' dir='ltr'>confert</span> <span class='ocrx_word' id='word_1_639' title='bbox 1690 1556 1831 1600; x_wconf 85' lang='lat' dir='ltr'>beneficia</span> <span class='ocrx_word' id='word_1_640' title='bbox 1852 1560 1936 1590; x_wconf 84' lang='lat' dir='ltr'>intra</span> <span class='ocrx_word' id='word_1_641' title='bbox 1941 1557 2031 1598; x_wconf 67' lang='lat' dir='ltr'>fitam</span> <span class='ocrx_word' id='word_1_642' title='bbox 2038 1556 2162 1595; x_wconf 77' lang='lat' dir='ltr'>legatio-</span> 
     </span>
     <span class='ocr_line' id='line_1_83' title="bbox 1297 1612 1542 1637; baseline -0.012 0"><span class='ocrx_word' id='word_1_643' title='bbox 1297 1615 1364 1637; x_wconf 86' lang='lat' dir='ltr'>nem</span> <span class='ocrx_word' id='word_1_644' title='bbox 1374 1612 1523 1637; x_wconf 76' lang='lat' dir='ltr'>vacantia</span> <span class='ocrx_word' id='word_1_645' title='bbox 1534 1626 1542 1634; x_wconf 89' lang='lat'>.</span> 
     </span>
    </p>

    <p class='ocr_par' dir='ltr' id='par_1_25' title="bbox 1193 1641 2164 1732">
     <span class='ocr_line' id='line_1_84' title="bbox 1193 1641 2164 1693; baseline -0.01 -10"><span class='ocrx_word' id='word_1_646' title='bbox 1193 1661 1232 1693; x_wconf 86' lang='lat'>30</span> <span class='ocrx_word' id='word_1_647' title='bbox 1254 1647 1470 1682; x_wconf 82' lang='lat' dir='ltr'>Cardinalium</span> <span class='ocrx_word' id='word_1_648' title='bbox 1480 1647 1645 1685; x_wconf 82' lang='lat' dir='ltr'>Collegium</span> <span class='ocrx_word' id='word_1_649' title='bbox 1648 1644 1721 1686; x_wconf 89' lang='lat' dir='ltr'>sede</span> <span class='ocrx_word' id='word_1_650' title='bbox 1731 1653 1861 1679; x_wconf 83' lang='lat' dir='ltr'>vacante</span> <span class='ocrx_word' id='word_1_651' title='bbox 1871 1642 2015 1687; x_wconf 86' lang='lat' dir='ltr'>beneficia</span> <span class='ocrx_word' id='word_1_652' title='bbox 2034 1641 2164 1685; x_wconf 81' lang='lat' dir='ltr'>conferre</span> 
     </span>
     <span class='ocr_line' id='line_1_85' title="bbox 1303 1688 2164 1732; baseline -0.008 -9"><span class='ocrx_word' id='word_1_653' title='bbox 1303 1702 1359 1723; x_wconf 90' lang='lat' dir='ltr'>non</span> <span class='ocrx_word' id='word_1_654' title='bbox 1369 1689 1478 1732; x_wconf 84' lang='lat' dir='ltr'>potest,</span> <span class='ocrx_word' id='word_1_655' title='bbox 1488 1690 1562 1732; x_wconf 81' lang='lat' dir='ltr'>ficut</span> <span class='ocrx_word' id='word_1_656' title='bbox 1570 1701 1622 1721; x_wconf 88' lang='lat' dir='ltr'>nec</span> <span class='ocrx_word' id='word_1_657' title='bbox 1631 1689 1777 1732; x_wconf 86' lang='lat' dir='ltr'>inferiora</span> <span class='ocrx_word' id='word_1_658' title='bbox 1787 1688 1925 1727; x_wconf 80' lang='lat' dir='ltr'>collegia</span> <span class='ocrx_word' id='word_1_659' title='bbox 1938 1709 1948 1725; x_wconf 87' lang='lat'>‚</span> <span class='ocrx_word' id='word_1_660' title='bbox 1968 1691 2006 1719; x_wconf 70' lang='lat'>&amp;⁶</span> <span class='ocrx_word' id='word_1_661' title='bbox 2021 1696 2099 1718; x_wconf 86' lang='lat' dir='ltr'>num.</span> <span class='ocrx_word' id='word_1_662' title='bbox 2114 1696 2164 1727; x_wconf 77' lang='lat'>34.</span> 
     </span>
    </p>

    <p class='ocr_par' dir='ltr' id='par_1_26' title="bbox 1195 1730 2164 1818">
     <span class='ocr_line' id='line_1_86' title="bbox 1195 1730 2164 1778; baseline -0.008 -10"><span class='ocrx_word' id='word_1_663' title='bbox 1195 1747 1210 1778; x_wconf 86' lang='lat'>3</span> <span class='ocrx_word' id='word_1_664' title='bbox 1217 1748 1232 1768; x_wconf 81' lang='lat'>2</span> <span class='ocrx_word' id='word_1_665' title='bbox 1254 1739 1282 1768; x_wconf 91' lang='lat' dir='ltr'>C</span> <span class='ocrx_word' id='word_1_666' title='bbox 1282 1734 1440 1767; x_wconf 86' lang='lat' dir='ltr'>ardinales</span> <span class='ocrx_word' id='word_1_667' title='bbox 1445 1732 1517 1773; x_wconf 89' lang='lat' dir='ltr'>sede</span> <span class='ocrx_word' id='word_1_668' title='bbox 1527 1741 1659 1765; x_wconf 83' lang='lat' dir='ltr'>vacante</span> <span class='ocrx_word' id='word_1_669' title='bbox 1668 1755 1678 1769; x_wconf 88' lang='lat'>‚</span> <span class='ocrx_word' id='word_1_670' title='bbox 1697 1743 1749 1764; x_wconf 90' lang='lat' dir='ltr'>nec</span> <span class='ocrx_word' id='word_1_671' title='bbox 1757 1730 1870 1776; x_wconf 81' lang='lat' dir='ltr'>poffunt</span> <span class='ocrx_word' id='word_1_672' title='bbox 1879 1730 2042 1772; x_wconf 69' lang='lat' dir='ltr'>Epist-opos</span> <span class='ocrx_word' id='word_1_673' title='bbox 2052 1740 2164 1765; x_wconf 88' lang='lat' dir='ltr'>creare,</span> 
     </span>
     <span class='ocr_line' id='line_1_87' title="bbox 1302 1774 1800 1818; baseline -0.01 -8"><span class='ocrx_word' id='word_1_674' title='bbox 1302 1789 1353 1810; x_wconf 88' lang='lat' dir='ltr'>nec</span> <span class='ocrx_word' id='word_1_675' title='bbox 1362 1776 1539 1818; x_wconf 82' lang='lat' dir='ltr'>confirmare</span> <span class='ocrx_word' id='word_1_676' title='bbox 1549 1798 1558 1812; x_wconf 86' lang='lat'><strong>‚</strong></span> <span class='ocrx_word' id='word_1_677' title='bbox 1578 1787 1630 1808; x_wconf 81' lang='lat' dir='ltr'>nec</span> <span class='ocrx_word' id='word_1_678' title='bbox 1640 1774 1783 1816; x_wconf 79' lang='lat' dir='ltr'>deponere</span> <span class='ocrx_word' id='word_1_679' title='bbox 1792 1798 1800 1805; x_wconf 94' lang='lat'>.</span> 
     </span>
    </p>

    <p class='ocr_par' dir='ltr' id='par_1_27' title="bbox 1199 1815 2167 1904">
     <span class='ocr_line' id='line_1_88' title="bbox 1199 1815 2167 1865; baseline -0.01 -10"><span class='ocrx_word' id='word_1_680' title='bbox 1199 1833 1236 1865; x_wconf 84' lang='lat'>33</span> <span class='ocrx_word' id='word_1_681' title='bbox 1259 1818 1519 1861; x_wconf 84' lang='lat' dir='ltr'>Cardinalessede</span> <span class='ocrx_word' id='word_1_682' title='bbox 1528 1827 1659 1851; x_wconf 83' lang='lat' dir='ltr'>vacante</span> <span class='ocrx_word' id='word_1_683' title='bbox 1667 1841 1678 1855; x_wconf 94' lang='lat'>‚</span> <span class='ocrx_word' id='word_1_684' title='bbox 1699 1819 1841 1856; x_wconf 80' lang='lat' dir='ltr'>quamvis</span> <span class='ocrx_word' id='word_1_685' title='bbox 1857 1820 1940 1862; x_wconf 81' lang='lat' dir='ltr'>pofflt</span> <span class='ocrx_word' id='word_1_686' title='bbox 1949 1819 1997 1850; x_wconf 90' lang='lat' dir='ltr'>Pa</span> <span class='ocrx_word' id='word_1_687' title='bbox 1998 1815 2167 1858; x_wconf 69' lang='lat' dir='ltr'>pamelige-</span> 
     </span>
     <span class='ocr_line' id='line_1_89' title="bbox 1303 1858 2166 1904; baseline -0.012 -6"><span class='ocrx_word' id='word_1_688' title='bbox 1303 1876 1336 1898; x_wconf 86' lang='lat' dir='ltr'>re</span> <span class='ocrx_word' id='word_1_689' title='bbox 1345 1887 1355 1901; x_wconf 88' lang='lat'><strong>‚</strong></span> <span class='ocrx_word' id='word_1_690' title='bbox 1374 1875 1430 1896; x_wconf 86' lang='lat' dir='ltr'>non</span> <span class='ocrx_word' id='word_1_691' title='bbox 1449 1873 1550 1895; x_wconf 85' lang='lat' dir='ltr'>tamen</span> <span class='ocrx_word' id='word_1_692' title='bbox 1565 1861 1674 1904; x_wconf 79' lang='lat' dir='ltr'>poffunt</span> <span class='ocrx_word' id='word_1_693' title='bbox 1692 1860 1880 1899; x_wconf 73' lang='lat' dir='ltr'>Cardinales</span> <span class='ocrx_word' id='word_1_694' title='bbox 1898 1871 2000 1893; x_wconf 82' lang='lat' dir='ltr'>creare</span> <span class='ocrx_word' id='word_1_695' title='bbox 2009 1882 2020 1898; x_wconf 82' lang='grc'>,</span> <span class='ocrx_word' id='word_1_696' title='bbox 2040 1858 2077 1892; x_wconf 59' lang='grc' dir='ltr'>ὠ·</span> <span class='ocrx_word' id='word_1_697' title='bbox 2086 1867 2166 1890; x_wconf 85' lang='lat' dir='ltr'>num.</span> 
     </span>
    </p>

    <p class='ocr_par' dir='ltr' id='par_1_28' title="bbox 1320 1918 1380 1946">
     <span class='ocr_line' id='line_1_90' title="bbox 1320 1918 1380 1946; baseline -0.017 -6"><span class='ocrx_word' id='word_1_698' title='bbox 1320 1918 1380 1946; x_wconf 80' lang='lat' dir='ltr'>eqq.</span> 
     </span>
    </p>

    <p class='ocr_par' dir='ltr' id='par_1_29' title="bbox 1204 1908 2171 2035">
     <span class='ocr_line' id='line_1_91' title="bbox 1204 1908 2171 1995; baseline -0.011 -9"><span class='ocrx_word' id='word_1_699' title='bbox 1204 1963 1245 1995; x_wconf 85' lang='lat'>34</span> <span class='ocrx_word' id='word_1_700' title='bbox 1264 1908 1517 1992; x_wconf 41' lang='lat' dir='ltr'>Cigitulumsede</span> <span class='ocrx_word' id='word_1_701' title='bbox 1536 1958 1667 1981; x_wconf 84' lang='lat' dir='ltr'>vacante</span> <span class='ocrx_word' id='word_1_702' title='bbox 1684 1959 1741 1980; x_wconf 86' lang='lat' dir='ltr'>non</span> <span class='ocrx_word' id='word_1_703' title='bbox 1755 1945 1867 1989; x_wconf 87' lang='lat' dir='ltr'>confert</span> <span class='ocrx_word' id='word_1_704' title='bbox 1877 1944 2019 1990; x_wconf 78' lang='lat' dir='ltr'>beneficia</span> <span class='ocrx_word' id='word_1_705' title='bbox 2031 1944 2071 1977; x_wconf 87' lang='lat' dir='ltr'>ad</span> <span class='ocrx_word' id='word_1_706' title='bbox 2075 1944 2171 1986; x_wconf 80' lang='lat' dir='ltr'>solius</span> 
     </span>
     <span class='ocr_line' id='line_1_92' title="bbox 1309 1992 1848 2035; baseline -0.009 -9"><span class='ocrx_word' id='word_1_707' title='bbox 1309 1993 1451 2035; x_wconf 80' lang='lat' dir='ltr'>Episcopi</span> <span class='ocrx_word' id='word_1_708' title='bbox 1461 1994 1652 2025; x_wconf 82' lang='lat' dir='ltr'>collationem</span> <span class='ocrx_word' id='word_1_709' title='bbox 1654 1993 1678 2031; x_wconf 87' lang='lat' dir='ltr'><em>J</em></span> <span class='ocrx_word' id='word_1_710' title='bbox 1676 1992 1829 2033; x_wconf 53' lang='lat' dir='ltr'>peccantia</span> <span class='ocrx_word' id='word_1_711' title='bbox 1840 2014 1848 2021; x_wconf 93' lang='lat'><strong><em>.</em></strong></span> 
     </span>
    </p>

    <p class='ocr_par' dir='ltr' id='par_1_30' title="bbox 1203 2029 2172 2122">
     <span class='ocr_line' id='line_1_93' title="bbox 1203 2029 2172 2080; baseline -0.01 -9"><span class='ocrx_word' id='word_1_712' title='bbox 1203 2049 1218 2080; x_wconf 87' lang='lat'>3</span> <span class='ocrx_word' id='word_1_713' title='bbox 1224 2047 1239 2079; x_wconf 84' lang='lat'><em>5</em></span> <span class='ocrx_word' id='word_1_714' title='bbox 1260 2036 1478 2072; x_wconf 79' lang='lat' dir='ltr'>Cardinalium</span> <span class='ocrx_word' id='word_1_715' title='bbox 1486 2033 1652 2077; x_wconf 85' lang='lat' dir='ltr'>coetussede</span> <span class='ocrx_word' id='word_1_716' title='bbox 1662 2043 1794 2067; x_wconf 83' lang='lat' dir='ltr'>vacante</span> <span class='ocrx_word' id='word_1_717' title='bbox 1805 2057 1815 2070; x_wconf 84' lang='lat'>,</span> <span class='ocrx_word' id='word_1_718' title='bbox 1833 2044 1874 2065; x_wconf 88' lang='lat' dir='ltr'>an</span> <span class='ocrx_word' id='word_1_719' title='bbox 1883 2033 1967 2075; x_wconf 85' lang='lat' dir='ltr'>poffit</span> <span class='ocrx_word' id='word_1_720' title='bbox 1985 2029 2172 2066; x_wconf 84' lang='lat' dir='ltr'>Cardinales</span> 
     </span>
     <span class='ocr_line' id='line_1_94' title="bbox 1309 2073 2172 2122; baseline -0.009 -9"><span class='ocrx_word' id='word_1_721' title='bbox 1309 2091 1362 2122; x_wconf 85' lang='lat' dir='ltr'>per</span> <span class='ocrx_word' id='word_1_722' title='bbox 1384 2083 1500 2122; x_wconf 84' lang='lat' dir='ltr'>Papam</span> <span class='ocrx_word' id='word_1_723' title='bbox 1517 2081 1659 2120; x_wconf 84' lang='lat' dir='ltr'>privatos</span> <span class='ocrx_word' id='word_1_724' title='bbox 1676 2076 1781 2110; x_wconf 84' lang='lat' dir='ltr'>rehabi</span> <span class='ocrx_word' id='word_1_725' title='bbox 1784 2078 1877 2110; x_wconf 87' lang='lat' dir='ltr'>litare</span> <span class='ocrx_word' id='word_1_726' title='bbox 1879 2076 1994 2117; x_wconf 87' lang='lat' dir='ltr'>saltem</span> <span class='ocrx_word' id='word_1_727' title='bbox 2014 2073 2110 2114; x_wconf 80' lang='lat' dir='ltr'>quoad</span> <span class='ocrx_word' id='word_1_728' title='bbox 2120 2084 2172 2105; x_wconf 76' lang='lat' dir='ltr'>vo-</span> 
     </span>
    </p>

    <p class='ocr_par' dir='ltr' id='par_1_31' title="bbox 1202 2133 2172 2379">
     <span class='ocr_line' id='line_1_95' title="bbox 1262 2133 1390 2156; baseline 0 -2"><span class='ocrx_word' id='word_1_729' title='bbox 1262 2151 1265 2154; x_wconf 89' lang='lat'>.</span> <span class='ocrx_word' id='word_1_730' title='bbox 1310 2133 1372 2156; x_wconf 88' lang='lat' dir='ltr'>cem</span> <span class='ocrx_word' id='word_1_731' title='bbox 1382 2146 1390 2154; x_wconf 87' lang='lat'><strong>.</strong></span> 
     </span>
     <span class='ocr_line' id='line_1_96' title="bbox 1202 2159 2172 2210; baseline -0.01 -9"><span class='ocrx_word' id='word_1_732' title='bbox 1202 2177 1241 2210; x_wconf 87' lang='lat'>37</span> <span class='ocrx_word' id='word_1_733' title='bbox 1262 2170 1425 2201; x_wconf 85' lang='lat' dir='ltr'>Decretum</span> <span class='ocrx_word' id='word_1_734' title='bbox 1433 2167 1565 2198; x_wconf 84' lang='lat' dir='ltr'>irritans</span> <span class='ocrx_word' id='word_1_735' title='bbox 1574 2165 1657 2197; x_wconf 83' lang='lat' dir='ltr'>tollit</span> <span class='ocrx_word' id='word_1_736' title='bbox 1667 2165 1853 2196; x_wconf 86' lang='lat' dir='ltr'>contrariam</span> <span class='ocrx_word' id='word_1_737' title='bbox 1863 2161 2097 2203; x_wconf 86' lang='lat' dir='ltr'>consuetudinem</span> <span class='ocrx_word' id='word_1_738' title='bbox 2108 2159 2172 2192; x_wconf 79' lang='lat' dir='ltr'>tam</span> 
     </span>
     <span class='ocr_line' id='line_1_97' title="bbox 1307 2207 1776 2252; baseline -0.009 -10"><span class='ocrx_word' id='word_1_739' title='bbox 1307 2211 1488 2252; x_wconf 80' lang='lat' dir='ltr'>praeteritam</span> <span class='ocrx_word' id='word_1_740' title='bbox 1497 2231 1506 2245; x_wconf 95' lang='lat'>,</span> <span class='ocrx_word' id='word_1_741' title='bbox 1527 2207 1758 2250; x_wconf 74' lang='lat' dir='ltr'>qudmsuturam</span> <span class='ocrx_word' id='word_1_742' title='bbox 1769 2229 1776 2238; x_wconf 89' lang='lat'><strong>.</strong></span> 
     </span>
     <span class='ocr_line' id='line_1_98' title="bbox 1202 2247 2169 2296; baseline -0.011 -9"><span class='ocrx_word' id='word_1_743' title='bbox 1202 2258 1240 2296; x_wconf 81' lang='lat'>38</span> <span class='ocrx_word' id='word_1_744' title='bbox 1260 2252 1451 2287; x_wconf 78' lang='lat' dir='ltr'>cardinales</span> <span class='ocrx_word' id='word_1_745' title='bbox 1463 2250 1534 2292; x_wconf 84' lang='lat' dir='ltr'>sede</span> <span class='ocrx_word' id='word_1_746' title='bbox 1549 2259 1681 2283; x_wconf 86' lang='lat' dir='ltr'>vacante</span> <span class='ocrx_word' id='word_1_747' title='bbox 1696 2262 1752 2282; x_wconf 88' lang='lat' dir='ltr'>non</span> <span class='ocrx_word' id='word_1_748' title='bbox 1769 2248 1881 2290; x_wconf 84' lang='lat' dir='ltr'>possunt</span> <span class='ocrx_word' id='word_1_749' title='bbox 1881 2249 1919 2289; x_wconf 88' lang='lat' dir='ltr'>Je</span> <span class='ocrx_word' id='word_1_750' title='bbox 1936 2247 1972 2285; x_wconf 82' lang='lat' dir='ltr'>de</span> <span class='ocrx_word' id='word_1_751' title='bbox 1982 2249 2043 2280; x_wconf 85' lang='lat' dir='ltr'>alio</span> <span class='ocrx_word' id='word_1_752' title='bbox 2055 2248 2169 2286; x_wconf 83' lang='lat' dir='ltr'>negotio</span> 
     </span>
     <span class='ocr_line' id='line_1_99' title="bbox 1320 2293 1924 2333; baseline -0.01 -4"><span class='ocrx_word' id='word_1_753' title='bbox 1320 2298 1523 2329; x_wconf 82' lang='lat' dir='ltr'>intromittere</span> <span class='ocrx_word' id='word_1_754' title='bbox 1533 2316 1542 2332; x_wconf 85' lang='lat'>‚</span> <span class='ocrx_word' id='word_1_755' title='bbox 1561 2295 1648 2333; x_wconf 84' lang='lat' dir='ltr'>qua&#39;m</span> <span class='ocrx_word' id='word_1_756' title='bbox 1657 2293 1809 2332; x_wconf 71' lang='lat' dir='ltr'>elei‘lionis</span> <span class='ocrx_word' id='word_1_757' title='bbox 1818 2295 1905 2333; x_wconf 81' lang='lat' dir='ltr'>Papae</span> <span class='ocrx_word' id='word_1_758' title='bbox 1917 2314 1924 2323; x_wconf 87' lang='lat'><strong>.</strong></span> 
     </span>
     <span class='ocr_line' id='line_1_100' title="bbox 1280 2337 1669 2379; baseline -0.015 -5"><span class='ocrx_word' id='word_1_759' title='bbox 1280 2341 1382 2374; x_wconf 84' lang='lat' dir='ltr'>Fallit</span> <span class='ocrx_word' id='word_1_760' title='bbox 1392 2362 1401 2375; x_wconf 88' lang='lat'>,</span> <span class='ocrx_word' id='word_1_761' title='bbox 1420 2348 1500 2370; x_wconf 79' lang='lat' dir='ltr'>num.</span> <span class='ocrx_word' id='word_1_762' title='bbox 1511 2349 1563 2379; x_wconf 88' lang='lat'>40.</span> <span class='ocrx_word' id='word_1_763' title='bbox 1574 2337 1611 2369; x_wconf 57' lang='grc' dir='ltr'><em>Θ</em></span> <span class='ocrx_word' id='word_1_764' title='bbox 1620 2342 1669 2368; x_wconf 87' lang='lat'>61.</span> 
     </span>
    </p>

    <p class='ocr_par' dir='ltr' id='par_1_32' title="bbox 1211 2374 2175 2504">
     <span class='ocr_line' id='line_1_101' title="bbox 1211 2374 2175 2427; baseline -0.01 -11"><span class='ocrx_word' id='word_1_765' title='bbox 1211 2395 1250 2427; x_wconf 82' lang='lat'>39</span> <span class='ocrx_word' id='word_1_766' title='bbox 1272 2380 1493 2417; x_wconf 78' lang='lat' dir='ltr'>Cardinalibus</span> <span class='ocrx_word' id='word_1_767' title='bbox 1503 2390 1556 2421; x_wconf 87' lang='lat' dir='ltr'>per</span> <span class='ocrx_word' id='word_1_768' title='bbox 1565 2389 1630 2421; x_wconf 78' lang='lat' dir='ltr'>cap.</span> <span class='ocrx_word' id='word_1_769' title='bbox 1644 2378 1713 2410; x_wconf 92' lang='lat' dir='ltr'>Ubi</span> <span class='ocrx_word' id='word_1_770' title='bbox 1722 2378 1913 2420; x_wconf 84' lang='lat' dir='ltr'>periculum,</span> <span class='ocrx_word' id='word_1_771' title='bbox 1932 2378 1969 2409; x_wconf 86' lang='lat' dir='ltr'>de</span> <span class='ocrx_word' id='word_1_772' title='bbox 1980 2374 2066 2408; x_wconf 54' lang='lat' dir='ltr'>elect.</span> <span class='ocrx_word' id='word_1_773' title='bbox 2081 2375 2134 2406; x_wconf 88' lang='lat' dir='ltr'>lib.</span> <span class='ocrx_word' id='word_1_774' title='bbox 2147 2378 2175 2406; x_wconf 88' lang='lat'>6.</span> 
     </span>
     <span class='ocr_line' id='line_1_102' title="bbox 1315 2416 2172 2463; baseline -0.011 -6"><span class='ocrx_word' id='word_1_775' title='bbox 1315 2429 1372 2458; x_wconf 81' lang='lat' dir='ltr'>n‘on</span> <span class='ocrx_word' id='word_1_776' title='bbox 1381 2423 1561 2456; x_wconf 80' lang='lat' dir='ltr'>admittitur</span> <span class='ocrx_word' id='word_1_777' title='bbox 1569 2420 1811 2463; x_wconf 66' lang='lat' dir='ltr'>jurisditliosede</span> <span class='ocrx_word' id='word_1_778' title='bbox 1821 2429 1953 2454; x_wconf 84' lang='lat' dir='ltr'>vacante</span> <span class='ocrx_word' id='word_1_779' title='bbox 1963 2441 1973 2456; x_wconf 85' lang='lat'>,</span> <span class='ocrx_word' id='word_1_780' title='bbox 1979 2416 2037 2460; x_wconf 88' lang='lat' dir='ltr'>sed</span> <span class='ocrx_word' id='word_1_781' title='bbox 2046 2417 2155 2458; x_wconf 79' lang='lat' dir='ltr'>jurisdi</span> <span class='ocrx_word' id='word_1_782' title='bbox 2160 2436 2172 2441; x_wconf 88' lang='lat'><em>—</em></span> 
     </span>
     <span class='ocr_line' id='line_1_103' title="bbox 1313 2468 1627 2504; baseline -0.016 -2"><span class='ocrx_word' id='word_1_783' title='bbox 1313 2470 1421 2502; x_wconf 66' lang='lat' dir='ltr'>thanis</span> <span class='ocrx_word' id='word_1_784' title='bbox 1430 2468 1607 2504; x_wconf 76' lang='lat' dir='ltr'>exercitium</span> <span class='ocrx_word' id='word_1_785' title='bbox 1619 2488 1627 2497; x_wconf 82' lang='lat'><strong>.</strong></span> 
     </span>
    </p>

    <p class='ocr_par' dir='ltr' id='par_1_33' title="bbox 1271 2504 2173 2594">
     <span class='ocr_line' id='line_1_104' title="bbox 1271 2504 2173 2547; baseline -0.011 -2"><span class='ocrx_word' id='word_1_786' title='bbox 1271 2516 1361 2547; x_wconf 87' lang='lat' dir='ltr'>Secus</span> <span class='ocrx_word' id='word_1_787' title='bbox 1379 2521 1418 2543; x_wconf 74' lang='lat' dir='ltr'>ex</span> <span class='ocrx_word' id='word_1_788' title='bbox 1439 2513 1466 2542; x_wconf 88' lang='lat' dir='ltr'>C</span> <span class='ocrx_word' id='word_1_789' title='bbox 1467 2511 1572 2542; x_wconf 87' lang='lat' dir='ltr'>lemen.</span> <span class='ocrx_word' id='word_1_790' title='bbox 1594 2510 1648 2541; x_wconf 89' lang='lat' dir='ltr'>Ne</span> <span class='ocrx_word' id='word_1_791' title='bbox 1658 2509 1786 2543; x_wconf 88' lang='lat' dir='ltr'>Romani</span> <span class='ocrx_word' id='word_1_792' title='bbox 1797 2529 1806 2545; x_wconf 93' lang='lat'><strong>,</strong></span> <span class='ocrx_word' id='word_1_793' title='bbox 1827 2504 1863 2539; x_wconf 89' lang='lat' dir='ltr'>de</span> <span class='ocrx_word' id='word_1_794' title='bbox 1873 2506 1954 2538; x_wconf 58' lang='lat' dir='ltr'>eleii.</span> <span class='ocrx_word' id='word_1_795' title='bbox 1965 2517 2004 2542; x_wconf 57' lang='lat' dir='ltr'>ea:</span> <span class='ocrx_word' id='word_1_796' title='bbox 2016 2504 2108 2538; x_wconf 87' lang='lat' dir='ltr'>Bulla</span> <span class='ocrx_word' id='word_1_797' title='bbox 2119 2506 2173 2536; x_wconf 83' lang='lat' dir='ltr'>Pii</span> 
     </span>
     <span class='ocr_line' id='line_1_105' title="bbox 1316 2555 2031 2594; baseline -0.013 -6"><span class='ocrx_word' id='word_1_798' title='bbox 1316 2557 1371 2588; x_wconf 89' lang='lat' dir='ltr'>IV.</span> <span class='ocrx_word' id='word_1_799' title='bbox 1379 2564 1457 2585; x_wconf 86' lang='lat' dir='ltr'>num.</span> <span class='ocrx_word' id='word_1_800' title='bbox 1470 2562 1518 2594; x_wconf 83' lang='lat'>53.</span> <span class='ocrx_word' id='word_1_801' title='bbox 1529 2563 1607 2584; x_wconf 90' lang='lat' dir='ltr'>num.</span> <span class='ocrx_word' id='word_1_802' title='bbox 1620 2560 1669 2592; x_wconf 83' lang='lat'>59.</span> <span class='ocrx_word' id='word_1_803' title='bbox 2027 2555 2031 2559; x_wconf 90' lang='lat'>&#39;</span> 
     </span>
    </p>

    <p class='ocr_par' dir='ltr' id='par_1_34' title="bbox 1210 2590 2178 2682">
     <span class='ocr_line' id='line_1_106' title="bbox 1210 2590 2178 2641; baseline -0.011 -9"><span class='ocrx_word' id='word_1_804' title='bbox 1210 2611 1246 2641; x_wconf 82' lang='lat'>41</span> <span class='ocrx_word' id='word_1_805' title='bbox 1271 2598 1487 2635; x_wconf 79' lang='lat' dir='ltr'>Cardinalium</span> <span class='ocrx_word' id='word_1_806' title='bbox 1509 2605 1598 2629; x_wconf 85' lang='lat' dir='ltr'>coetus</span> <span class='ocrx_word' id='word_1_807' title='bbox 1618 2604 1731 2627; x_wconf 86' lang='lat' dir='ltr'>mortuo</span> <span class='ocrx_word' id='word_1_808' title='bbox 1748 2596 1838 2634; x_wconf 81' lang='lat' dir='ltr'>Papa</span> <span class='ocrx_word' id='word_1_809' title='bbox 1857 2602 1909 2634; x_wconf 89' lang='lat' dir='ltr'>pro</span> <span class='ocrx_word' id='word_1_810' title='bbox 1928 2593 2031 2624; x_wconf 87' lang='lat' dir='ltr'>Terra</span> <span class='ocrx_word' id='word_1_811' title='bbox 2041 2590 2178 2634; x_wconf 80' lang='lat' dir='ltr'>Ecclefiae</span> 
     </span>
     <span class='ocr_line' id='line_1_107' title="bbox 1316 2634 2176 2682; baseline -0.01 -9"><span class='ocrx_word' id='word_1_812' title='bbox 1316 2638 1564 2682; x_wconf 73' lang='lat' dir='ltr'>defendend-e,vel</span> <span class='ocrx_word' id='word_1_813' title='bbox 1575 2638 1712 2671; x_wconf 87' lang='lat' dir='ltr'>evidenti</span> <span class='ocrx_word' id='word_1_814' title='bbox 1718 2637 1846 2680; x_wconf 86' lang='lat' dir='ltr'>periculo</span> <span class='ocrx_word' id='word_1_815' title='bbox 1857 2634 1948 2678; x_wconf 78' lang='lat' dir='ltr'>potest</span> <span class='ocrx_word' id='word_1_816' title='bbox 1956 2636 2078 2670; x_wconf 78' lang='lat' dir='ltr'>mittere</span> <span class='ocrx_word' id='word_1_817' title='bbox 2088 2643 2176 2665; x_wconf 89' lang='lat' dir='ltr'>unum</span> 
     </span>
    </p>

    <p class='ocr_par' dir='ltr' id='par_1_35' title="bbox 1314 2682 1868 2718">
     <span class='ocr_line' id='line_1_108' title="bbox 1314 2682 1868 2718; baseline -0.013 0"><span class='ocrx_word' id='word_1_818' title='bbox 1314 2688 1342 2718; x_wconf 88' lang='lat' dir='ltr'>C</span> <span class='ocrx_word' id='word_1_819' title='bbox 1343 2682 1513 2716; x_wconf 86' lang='lat' dir='ltr'>ardinalem</span> <span class='ocrx_word' id='word_1_820' title='bbox 1525 2705 1533 2714; x_wconf 94' lang='lat'><strong>.</strong></span> <span class='ocrx_word' id='word_1_821' title='bbox 1864 2682 1868 2683; x_wconf 49' lang='lat'><em>⁷</em></span> 
     </span>
    </p>

    <p class='ocr_par' dir='ltr' id='par_1_36' title="bbox 1210 2718 2227 2773">
     <span class='ocr_line' id='line_1_109' title="bbox 1210 2718 2227 2773; baseline -0.011 -12"><span class='ocrx_word' id='word_1_822' title='bbox 1210 2741 1249 2770; x_wconf 82' lang='lat'>42</span> <span class='ocrx_word' id='word_1_823' title='bbox 1271 2730 1338 2773; x_wconf 68' lang='lat' dir='ltr'>Qui</span> <span class='ocrx_word' id='word_1_824' title='bbox 1349 2736 1451 2759; x_wconf 89' lang='lat' dir='ltr'>tamen</span> <span class='ocrx_word' id='word_1_825' title='bbox 1460 2737 1516 2757; x_wconf 86' lang='lat' dir='ltr'>non</span> <span class='ocrx_word' id='word_1_826' title='bbox 1526 2727 1584 2757; x_wconf 83' lang='lat' dir='ltr'>erit</span> <span class='ocrx_word' id='word_1_827' title='bbox 1595 2725 1714 2766; x_wconf 75' lang='lat' dir='ltr'>proprie</span> <span class='ocrx_word' id='word_1_828' title='bbox 1725 2725 1859 2763; x_wconf 80' lang='lat' dir='ltr'>Legatus</span> <span class='ocrx_word' id='word_1_829' title='bbox 1867 2732 1931 2758; x_wconf 85' lang='lat' dir='ltr'>cum</span> <span class='ocrx_word' id='word_1_830' title='bbox 1950 2718 2180 2762; x_wconf 58' lang='lat' dir='ltr'>iurifdit‘iione‘,</span> <span class='ocrx_word' id='word_1_831' title='bbox 2223 2736 2227 2742; x_wconf 86' lang='lat'>·</span> 
     </span>
    </p>

    <p class='ocr_par' dir='ltr' id='par_1_37' title="bbox 1280 2768 1799 2811">
     <span class='ocr_line' id='line_1_110' title="bbox 1280 2768 1799 2811; baseline -0.01 -9"><span class='ocrx_word' id='word_1_832' title='bbox 1280 2771 1283 2772; x_wconf 48' lang='lat'><em>⁷</em></span> <span class='ocrx_word' id='word_1_833' title='bbox 1313 2769 1368 2811; x_wconf 88' lang='lat' dir='ltr'>sed</span> <span class='ocrx_word' id='word_1_834' title='bbox 1379 2770 1520 2801; x_wconf 88' lang='lat' dir='ltr'>Nuncius</span> <span class='ocrx_word' id='word_1_835' title='bbox 1529 2768 1573 2800; x_wconf 87' lang='lat' dir='ltr'>ad</span> <span class='ocrx_word' id='word_1_836' title='bbox 1581 2769 1668 2803; x_wconf 80' lang='lat' dir='ltr'>illum</span> <span class='ocrx_word' id='word_1_837' title='bbox 1679 2768 1778 2799; x_wconf 61' lang='lat' dir='ltr'>atium</span> <span class='ocrx_word' id='word_1_838' title='bbox 1791 2790 1799 2798; x_wconf 87' lang='lat'><strong>.</strong></span> 
     </span>
    </p>

    <p class='ocr_par' dir='ltr' id='par_1_38' title="bbox 1277 2812 1925 2854">
     <span class='ocr_line' id='line_1_111' title="bbox 1277 2812 1925 2854; baseline -0.009 -8"><span class='ocrx_word' id='word_1_839' title='bbox 1277 2815 1348 2846; x_wconf 86' lang='lat' dir='ltr'>Nec</span> <span class='ocrx_word' id='word_1_840' title='bbox 1358 2815 1444 2845; x_wconf 84' lang='lat' dir='ltr'>mitti</span> <span class='ocrx_word' id='word_1_841' title='bbox 1453 2814 1563 2853; x_wconf 78' lang='lat' dir='ltr'>poterit</span> <span class='ocrx_word' id='word_1_842' title='bbox 1571 2812 1631 2854; x_wconf 80' lang='lat' dir='ltr'>nist</span> <span class='ocrx_word' id='word_1_843' title='bbox 1640 2812 1744 2843; x_wconf 81' lang='lat' dir='ltr'>volens</span> <span class='ocrx_word' id='word_1_844' title='bbox 1753 2832 1763 2845; x_wconf 89' lang='lat'>,</span> <span class='ocrx_word' id='word_1_845' title='bbox 1785 2820 1863 2842; x_wconf 88' lang='lat' dir='ltr'>num.</span> <span class='ocrx_word' id='word_1_846' title='bbox 1874 2818 1925 2849; x_wconf 82' lang='lat'>44.</span> 
     </span>
    </p>

    <p class='ocr_par' dir='ltr' id='par_1_39' title="bbox 1277 2847 2181 2942">
     <span class='ocr_line' id='line_1_112' title="bbox 1277 2847 2181 2896; baseline -0.01 -7"><span class='ocrx_word' id='word_1_847' title='bbox 1277 2860 1407 2896; x_wconf 86' lang='lat' dir='ltr'>Legatos</span> <span class='ocrx_word' id='word_1_848' title='bbox 1418 2858 1538 2887; x_wconf 85' lang='lat' dir='ltr'>mittere</span> <span class='ocrx_word' id='word_1_849' title='bbox 1549 2857 1681 2896; x_wconf 79' lang='lat' dir='ltr'>pertinet</span> <span class='ocrx_word' id='word_1_850' title='bbox 1689 2853 1732 2885; x_wconf 85' lang='lat' dir='ltr'>ad</span> <span class='ocrx_word' id='word_1_851' title='bbox 1735 2852 1831 2892; x_wconf 85' lang='lat' dir='ltr'>solum</span> <span class='ocrx_word' id='word_1_852' title='bbox 1843 2855 1962 2892; x_wconf 82' lang='lat' dir='ltr'>Papam</span> <span class='ocrx_word' id='word_1_853' title='bbox 1981 2849 2018 2883; x_wconf 88' lang='lat' dir='ltr'>de</span> <span class='ocrx_word' id='word_1_854' title='bbox 2027 2847 2181 2883; x_wconf 75' lang='lat' dir='ltr'>Car-dina-</span> 
     </span>
     <span class='ocr_line' id='line_1_113' title="bbox 1320 2895 1901 2942; baseline -0.01 -10"><span class='ocrx_word' id='word_1_855' title='bbox 1320 2901 1395 2932; x_wconf 86' lang='lat' dir='ltr'>lium&#39;</span> <span class='ocrx_word' id='word_1_856' title='bbox 1404 2899 1523 2942; x_wconf 79' lang='lat' dir='ltr'>confilio</span> <span class='ocrx_word' id='word_1_857' title='bbox 1531 2921 1541 2935; x_wconf 91' lang='lat'>,</span> <span class='ocrx_word' id='word_1_858' title='bbox 1562 2908 1640 2929; x_wconf 88' lang='lat' dir='ltr'>num.</span> <span class='ocrx_word' id='word_1_859' title='bbox 1651 2909 1704 2937; x_wconf 83' lang='lat'>42.</span> <span class='ocrx_word' id='word_1_860' title='bbox 1715 2895 1752 2929; x_wconf 50' lang='grc' dir='ltr'>(ῥ’</span> <span class='ocrx_word' id='word_1_861' title='bbox 1763 2900 1814 2938; x_wconf 81' lang='lat'>46.</span> <span class='ocrx_word' id='word_1_862' title='bbox 1899 2896 1901 2898; x_wconf 76' lang='grc'><strong>’</strong></span> 
     </span>
    </p>

    <p class='ocr_par' dir='ltr' id='par_1_40' title="bbox 1212 2934 2179 3025">
     <span class='ocr_line' id='line_1_114' title="bbox 1212 2934 2179 2986; baseline -0.01 -10"><span class='ocrx_word' id='word_1_863' title='bbox 1212 2955 1252 2986; x_wconf 82' lang='lat'>43</span> <span class='ocrx_word' id='word_1_864' title='bbox 1275 2940 1491 2976; x_wconf 86' lang='lat' dir='ltr'>Cardinalium</span> <span class='ocrx_word' id='word_1_865' title='bbox 1501 2947 1598 2973; x_wconf 85' lang='lat' dir='ltr'>‘coetus</span> <span class='ocrx_word' id='word_1_866' title='bbox 1610 2939 1701 2981; x_wconf 88' lang='lat' dir='ltr'>potest</span> <span class='ocrx_word' id='word_1_867' title='bbox 1720 2942 1841 2972; x_wconf 87' lang='lat' dir='ltr'>mittere</span> <span class='ocrx_word' id='word_1_868' title='bbox 1868 2947 1955 2969; x_wconf 88' lang='lat' dir='ltr'>unum</span> <span class='ocrx_word' id='word_1_869' title='bbox 1981 2934 2179 2969; x_wconf 71' lang='lat' dir='ltr'>cardinalem</span> 
     </span>
     <span class='ocr_line' id='line_1_115' title="bbox 1323 2979 1990 3025; baseline -0.01 -7"><span class='ocrx_word' id='word_1_870' title='bbox 1323 2988 1469 3025; x_wconf 83' lang='lat' dir='ltr'>Legatum</span> <span class='ocrx_word' id='word_1_871' title='bbox 1481 2983 1525 3015; x_wconf 86' lang='lat' dir='ltr'>ad</span> <span class='ocrx_word' id='word_1_872' title='bbox 1535 2986 1652 3024; x_wconf 85' lang='lat' dir='ltr'>Papam</span> <span class='ocrx_word' id='word_1_873' title='bbox 1662 2983 1785 3015; x_wconf 63' lang='lat' dir='ltr'>eleiium</span> <span class='ocrx_word' id='word_1_874' title='bbox 1795 2984 1827 3016; x_wconf 85' lang='lat' dir='ltr'>in</span> <span class='ocrx_word' id='word_1_875' title='bbox 1836 2979 1973 3022; x_wconf 79' lang='lat' dir='ltr'>absentia</span> <span class='ocrx_word' id='word_1_876' title='bbox 1983 3003 1990 3011; x_wconf 90' lang='lat'><em>.</em></span> 
     </span>
    </p>

    <p class='ocr_par' dir='ltr' id='par_1_41' title="bbox 1213 3025 2181 3110">
     <span class='ocr_line' id='line_1_116' title="bbox 1213 3025 2181 3071; baseline -0.012 -8"><span class='ocrx_word' id='word_1_877' title='bbox 1213 3039 1252 3071; x_wconf 82' lang='lat'>45</span> <span class='ocrx_word' id='word_1_878' title='bbox 1276 3033 1353 3063; x_wconf 87' lang='lat' dir='ltr'>Item</span> <span class='ocrx_word' id='word_1_879' title='bbox 1363 3026 1453 3070; x_wconf 75' lang='lat' dir='ltr'>potest</span> <span class='ocrx_word' id='word_1_880' title='bbox 1462 3030 1606 3065; x_wconf 76' lang='lat' dir='ltr'>Legatum</span> <span class='ocrx_word' id='word_1_881' title='bbox 1616 3025 1731 3068; x_wconf 82' lang='lat' dir='ltr'>missum</span> <span class='ocrx_word' id='word_1_882' title='bbox 1742 3025 1762 3061; x_wconf 67' lang='lat' dir='ltr'>a*</span> <span class='ocrx_word' id='word_1_883' title='bbox 1773 3028 1860 3066; x_wconf 83' lang='lat' dir='ltr'>Papa</span> <span class='ocrx_word' id='word_1_884' title='bbox 1871 3034 2013 3059; x_wconf 79' lang='lat' dir='ltr'>revocare</span> <span class='ocrx_word' id='word_1_885' title='bbox 2022 3032 2061 3057; x_wconf 79' lang='lat' dir='ltr'>ex</span> <span class='ocrx_word' id='word_1_886' title='bbox 2071 3030 2181 3060; x_wconf 83' lang='lat' dir='ltr'>magna</span> 
     </span>
     <span class='ocr_line' id='line_1_117' title="bbox 1322 3067 2160 3110; baseline -0.008 -6"><span class='ocrx_word' id='word_1_887' title='bbox 1322 3070 1359 3105; x_wconf 53' lang='grc' dir='ltr'><em>ἁ</em></span> <span class='ocrx_word' id='word_1_888' title='bbox 1369 3069 1505 3103; x_wconf 84' lang='lat' dir='ltr'>evidenti</span> <span class='ocrx_word' id='word_1_889' title='bbox 1516 3069 1606 3110; x_wconf 84' lang='lat' dir='ltr'>causa</span> <span class='ocrx_word' id='word_1_890' title='bbox 1618 3082 1624 3100; x_wconf 73' lang='grc' dir='ltr'><strong><em>ε</em></strong></span> <span class='ocrx_word' id='word_1_891' title='bbox 1650 3067 1826 3109; x_wconf 71' lang='lat' dir='ltr'>Alia&#39;ssecus</span> <span class='ocrx_word' id='word_1_892' title='bbox 1838 3090 1845 3099; x_wconf 89' lang='lat'><em>.</em></span> <span class='ocrx_word' id='word_1_893' title='bbox 2156 3071 2160 3076; x_wconf 86' lang='lat'>&#39;</span> 
     </span>
    </p>

    <p class='ocr_par' dir='ltr' id='par_1_42' title="bbox 1214 3107 2183 3239">
     <span class='ocr_line' id='line_1_118' title="bbox 1214 3107 2183 3157; baseline -0.013 -8"><span class='ocrx_word' id='word_1_894' title='bbox 1214 3126 1256 3157; x_wconf 88' lang='lat'>47</span> <span class='ocrx_word' id='word_1_895' title='bbox 1275 3114 1491 3149; x_wconf 78' lang='lat' dir='ltr'>cardinalium</span> <span class='ocrx_word' id='word_1_896' title='bbox 1500 3122 1590 3145; x_wconf 86' lang='lat' dir='ltr'>coetus</span> <span class='ocrx_word' id='word_1_897' title='bbox 1600 3124 1641 3144; x_wconf 89' lang='lat' dir='ltr'>an</span> <span class='ocrx_word' id='word_1_898' title='bbox 1651 3113 1735 3154; x_wconf 84' lang='lat' dir='ltr'>poffit</span> <span class='ocrx_word' id='word_1_899' title='bbox 1743 3109 1962 3146; x_wconf 72' lang='lat' dir='ltr'>Cardinallbus</span> <span class='ocrx_word' id='word_1_900' title='bbox 1971 3116 2063 3148; x_wconf 85' lang='lat' dir='ltr'>nuper</span> <span class='ocrx_word' id='word_1_901' title='bbox 2071 3107 2183 3141; x_wconf 77' lang='lat' dir='ltr'>creatis</span> 
     </span>
     <span class='ocr_line' id='line_1_119' title="bbox 1321 3148 2182 3200; baseline -0.01 -12"><span class='ocrx_word' id='word_1_902' title='bbox 1321 3158 1452 3200; x_wconf 83' lang='lat' dir='ltr'>instgnia</span> <span class='ocrx_word' id='word_1_903' title='bbox 1463 3156 1685 3188; x_wconf 87' lang='lat' dir='ltr'>Cardinalatus</span> <span class='ocrx_word' id='word_1_904' title='bbox 1694 3153 1826 3191; x_wconf 81' lang='lat' dir='ltr'>tradere,</span> <span class='ocrx_word' id='word_1_905' title='bbox 1835 3152 1873 3185; x_wconf 56' lang='grc' dir='ltr'>ὦ·</span> <span class='ocrx_word' id='word_1_906' title='bbox 1880 3164 1911 3183; x_wconf 87' lang='lat' dir='ltr'>os</span> <span class='ocrx_word' id='word_1_907' title='bbox 1921 3152 2035 3192; x_wconf 86' lang='lat' dir='ltr'>aperiri</span> <span class='ocrx_word' id='word_1_908' title='bbox 2039 3148 2110 3191; x_wconf 77' lang='lat' dir='ltr'>sede</span> <span class='ocrx_word' id='word_1_909' title='bbox 2126 3160 2182 3195; x_wconf 64' lang='lat' dir='ltr'>va-</span> 
     </span>
     <span class='ocr_line' id='line_1_120' title="bbox 1321 3198 1659 3239; baseline -0.009 -7"><span class='ocrx_word' id='word_1_910' title='bbox 1321 3210 1425 3236; x_wconf 85' lang='lat' dir='ltr'>cante,</span> <span class='ocrx_word' id='word_1_911' title='bbox 1446 3198 1482 3231; x_wconf 70' lang='lat'><em>&amp;</em></span> <span class='ocrx_word' id='word_1_912' title='bbox 1492 3210 1571 3230; x_wconf 91' lang='lat' dir='ltr'>num.</span> <span class='ocrx_word' id='word_1_913' title='bbox 1576 3198 1659 3239; x_wconf 81' lang='lat' dir='ltr'>seqq.</span> 
     </span>
    </p>

    <p class='ocr_par' dir='ltr' id='par_1_43' title="bbox 1212 3235 2184 3319">
     <span class='ocr_line' id='line_1_121' title="bbox 1212 3235 2184 3286; baseline -0.012 -8"><span class='ocrx_word' id='word_1_914' title='bbox 1212 3248 1255 3286; x_wconf 89' lang='lat'>48</span> <span class='ocrx_word' id='word_1_915' title='bbox 1275 3245 1372 3277; x_wconf 83' lang='lat' dir='ltr'>Anve</span> <span class='ocrx_word' id='word_1_916' title='bbox 1399 3245 1527 3284; x_wconf 83' lang='lat' dir='ltr'>aperitio</span> <span class='ocrx_word' id='word_1_917' title='bbox 1556 3244 1616 3274; x_wconf 84' lang='lat' dir='ltr'>oris</span> <span class='ocrx_word' id='word_1_918' title='bbox 1636 3241 1677 3273; x_wconf 87' lang='lat' dir='ltr'>ad</span> <span class='ocrx_word' id='word_1_919' title='bbox 1700 3239 1902 3283; x_wconf 79' lang='lat' dir='ltr'>substantiam</span> <span class='ocrx_word' id='word_1_920' title='bbox 1921 3235 2071 3269; x_wconf 66' lang='lat' dir='ltr'>eleaionis</span> <span class='ocrx_word' id='word_1_921' title='bbox 2091 3236 2184 3276; x_wconf 83' lang='lat' dir='ltr'>perti-</span> 
     </span>
     <span class='ocr_line' id='line_1_122' title="bbox 1321 3296 1410 3319; baseline -0.022 0"><span class='ocrx_word' id='word_1_922' title='bbox 1321 3296 1392 3319; x_wconf 83' lang='lat' dir='ltr'>neat</span> <span class='ocrx_word' id='word_1_923' title='bbox 1402 3309 1410 3317; x_wconf 90' lang='lat'><strong>.</strong></span> 
     </span>
    </p>

    <p class='ocr_par' dir='ltr' id='par_1_44' title="bbox 1218 3319 2186 3457">
     <span class='ocr_line' id='line_1_123' title="bbox 1218 3319 2184 3372; baseline -0.011 -10"><span class='ocrx_word' id='word_1_924' title='bbox 1218 3342 1258 3372; x_wconf 80' lang='lat'>49</span> <span class='ocrx_word' id='word_1_925' title='bbox 1278 3332 1308 3363; x_wconf 85' lang='lat' dir='ltr'><em>E</em></span> <span class='ocrx_word' id='word_1_926' title='bbox 1311 3339 1324 3362; x_wconf 86' lang='lat' dir='ltr'>t</span> <span class='ocrx_word' id='word_1_927' title='bbox 1336 3341 1376 3361; x_wconf 86' lang='lat' dir='ltr'>an</span> <span class='ocrx_word' id='word_1_928' title='bbox 1386 3329 1469 3370; x_wconf 82' lang='lat' dir='ltr'>poffit</span> <span class='ocrx_word' id='word_1_929' title='bbox 1478 3328 1520 3365; x_wconf 86' lang='lat' dir='ltr'>ad</span> <span class='ocrx_word' id='word_1_930' title='bbox 1530 3326 1661 3371; x_wconf 74' lang='lat' dir='ltr'>effet‘lum</span> <span class='ocrx_word' id='word_1_931' title='bbox 1679 3323 1983 3366; x_wconf 64' lang='lat' dir='ltr'>eleliionisfaciendae</span> <span class='ocrx_word' id='word_1_932' title='bbox 2000 3319 2184 3355; x_wconf 81' lang='lat' dir='ltr'>Cardinalis</span> 
     </span>
     <span class='ocr_line' id='line_1_124' title="bbox 1325 3366 2186 3413; baseline -0.01 -9"><span class='ocrx_word' id='word_1_933' title='bbox 1325 3373 1345 3404; x_wconf 72' lang='lat' dir='ltr'>a</span> <span class='ocrx_word' id='word_1_934' title='bbox 1354 3372 1483 3413; x_wconf 84' lang='lat' dir='ltr'>censuris</span> <span class='ocrx_word' id='word_1_935' title='bbox 1491 3370 1644 3413; x_wconf 79' lang='lat' dir='ltr'>absolvere</span> <span class='ocrx_word' id='word_1_936' title='bbox 1651 3392 1661 3407; x_wconf 89' lang='lat'>‚</span> <span class='ocrx_word' id='word_1_937' title='bbox 1683 3368 1721 3404; x_wconf 67' lang='lat'>&amp;⁹</span> <span class='ocrx_word' id='word_1_938' title='bbox 1728 3379 1792 3401; x_wconf 86' lang='lat' dir='ltr'>cum</span> <span class='ocrx_word' id='word_1_939' title='bbox 1802 3366 1941 3408; x_wconf 71' lang='lat' dir='ltr'>eisfitper</span> <span class='ocrx_word' id='word_1_940' title='bbox 1959 3366 2186 3405; x_wconf 83' lang='lat' dir='ltr'>irregularitate</span> 
     </span>
     <span class='ocr_line' id='line_1_125' title="bbox 1325 3415 2171 3457; baseline -0.012 -9"><span class='ocrx_word' id='word_1_941' title='bbox 1325 3415 1496 3457; x_wconf 63' lang='lat' dir='ltr'>dispensare</span> <span class='ocrx_word' id='word_1_942' title='bbox 1506 3438 1513 3445; x_wconf 88' lang='lat'>.</span> <span class='ocrx_word' id='word_1_943' title='bbox 2105 3447 2110 3455; x_wconf 31' lang='grc' dir='ltr'>ἱ</span> <span class='ocrx_word' id='word_1_944' title='bbox 2167 3449 2171 3454; x_wconf 36' lang='lat'>¹</span> 
     </span>
    </p>

    <p class='ocr_par' dir='ltr' id='par_1_45' title="bbox 1220 3452 2186 3524">
     <span class='ocr_line' id='line_1_126' title="bbox 1220 3452 2186 3524; baseline -0.017 -31"><span class='ocrx_word' id='word_1_945' title='bbox 1220 3468 1257 3500; x_wconf 84' lang='lat'>50</span> <span class='ocrx_word' id='word_1_946' title='bbox 1277 3458 1494 3493; x_wconf 59' lang='lat' dir='ltr'>Car-dinanum</span> <span class='ocrx_word' id='word_1_947' title='bbox 1503 3458 1667 3496; x_wconf 81' lang='lat' dir='ltr'>Collegium</span> <span class='ocrx_word' id='word_1_948' title='bbox 1676 3453 1782 3488; x_wconf 86' lang='lat' dir='ltr'>duobus</span> <span class='ocrx_word' id='word_1_949' title='bbox 1792 3452 1827 3486; x_wconf 89' lang='lat' dir='ltr'>de</span> <span class='ocrx_word' id='word_1_950' title='bbox 1847 3455 1969 3493; x_wconf 82' lang='lat' dir='ltr'>Papatu</span> <span class='ocrx_word' id='word_1_951' title='bbox 1988 3456 2186 3524; x_wconf 49' lang='lat' dir='ltr'>conteaezaenti-</span> 
     </span>
    </p>

    <p class='ocr_par' dir='ltr' id='par_1_46' title="bbox 2093 3502 2144 3526">
     <span class='ocr_line' id='line_1_127' title="bbox 2093 3502 2144 3526; baseline -0.02 -4"><span class='ocrx_word' id='word_1_952' title='bbox 2093 3502 2125 3522; x_wconf 68' lang='lat' dir='ltr'>us</span> <span class='ocrx_word' id='word_1_953' title='bbox 2134 3511 2144 3526; x_wconf 81' lang='lat'>,</span> 
     </span>
    </p>
   </div>
  </div>
 </body>
</html>
