2397 3664
90 192 128 226 95

90 1825 130 1856 97

715 92 812 152 De
849 91 1081 150 Constit.
1117 111 1164 151 c.
1198 91 1299 151 Ne
1333 91 1599 152 innitaris,

188 181 255 216 'His
273 180 379 223 positis
389 181 533 222 probatur
543 177 606 209 haec
625 176 777 218 sententia
785 177 962 209 inevitabili
979 176 1039 208 hoc
1048 186 1141 217 argu-

153 234 264 258 mento
273 246 282 255 .
302 223 459 265 Quisquis
469 222 560 254 habet
568 218 792 260 suspicionem,
813 219 1016 252 formidinem
1027 240 1037 254 ,
1059 218 1141 251 sctu-

153 269 263 310 pulum
271 288 281 303 ,
291 267 341 299 seu
352 268 451 299 levem
458 264 672 297 credulitatem
682 282 692 296 ,
706 261 792 303 quod
800 263 903 303 aliqua
910 262 996 294 aestio
1005 262 1041 294 fit
1049 262 1142 294 illici-

151 321 196 347 ta,
203 321 269 343 non
279 310 375 352 potest
384 316 529 341 manente
535 304 590 337 tali
599 304 768 337 formidine
776 304 888 346 absque
898 315 1027 346 peccato
1033 315 1141 346 opera-

153 355 202 390 ri,
223 353 428 386 &astionem
442 351 528 382 illam
535 350 572 379 ad
590 347 711 388 praxim
720 349 870 379 deducere
880 369 888 378 .
910 348 969 380 Sed
985 349 1041 389 qui
1050 349 1142 380 habet

151 399 338 439 opinionem
346 392 534 436 probabilem
541 389 748 422 affirmantem
756 389 864 423 atkum
873 391 930 423 esse
941 391 1077 427 licitum,
1087 400 1142 422 ne-

153 439 282 473 cessario
289 439 380 470 habet
390 435 593 477 suspicionem
601 454 612 468 ‚
621 433 837 469 formidinem,
847 435 881 466 &
892 433 1080 476 scrupulum,
1091 432 1142 465 seu

153 484 255 515 levem
262 480 476 514 credulitatem
493 479 531 510 de
541 476 701 518 opposito,
721 478 754 508 id
764 477 805 509 est
814 496 824 512 ,
845 477 930 518 quod
939 477 991 509 ille
1007 476 1095 510 aistus
1106 476 1142 508 sit

153 527 299 559 illicitus,
321 532 355 555 ut
363 523 525 554 evidenter
533 519 688 552 ostensum
697 519 739 551 est
747 518 832 560 supra
842 539 851 554 ,
872 521 905 552 δε
918 521 1096 551 admittitur
1104 521 1142 551 ab

153 566 333 601 adversariis
342 587 350 596 .
372 564 518 606 Ergoqui
527 563 618 595 habet
629 563 722 594 talem
731 563 915 602 opinionem
930 563 1120 603 probabilem
1132 584 1141 598 ,

152 621 219 643 non
227 608 323 651 potest
332 606 503 640 secundum
512 616 582 638 eam
591 604 676 637 licite
682 606 805 646 operari
812 624 823 641 ,
844 606 878 637 &
889 603 995 637 adt-um
1003 605 1094 638 illum
1103 608 1140 638 ad

153 656 275 696 praxim
291 653 441 684 deducere
451 649 562 692 absque
571 658 699 691 peccato
707 669 716 678 .

193 695 300 736 Major
317 694 485 737 propositio
500 693 644 734 probatur
664 700 718 732 per
733 699 855 724 textum
875 692 1047 724 rotundum
1057 712 1066 727 ‚
1086 693 1142 733 qui

152 739 294 781 cavillari
302 748 368 770 non
380 737 475 779 potest
483 757 492 772 ‚
513 738 547 768 in
556 746 582 768 c.
592 735 653 769 Per
663 743 732 766 tuas
741 754 750 769 ,
759 734 785 766 il
796 745 822 766 2.
833 733 870 766 de
873 733 985 778 simon.
994 736 1047 766 ubi
1057 736 1142 767 deci-

152 783 239 815 ditur
253 781 310 814 effe
319 790 482 822 peccatum
504 778 634 811 mortale
643 779 765 818 operari
786 786 897 809 contra
916 777 1142 811 conscientiam

151 824 361 866 scrupulosam
369 844 378 859 ,
401 823 452 855 seu
467 833 505 854 ex
512 822 694 856 credulitate
716 821 795 856 levi,
816 821 873 852 nisi
883 820 967 862 prius
986 820 1122 853 formido
1131 842 1141 856 ,

153 868 206 900 seu
213 878 299 900 error
308 869 479 908 deponatur
488 886 498 901 ,
519 874 554 898 ut
562 864 681 907 plenius
690 865 893 905 explicabitur
900 863 980 896 infra
989 866 1023 896 in
1034 876 1060 898 2.
1070 875 1097 904 q.
1108 867 1141 896 in

152 915 184 943 6.
190 913 291 951 princi
291 911 359 950 pali
359 907 563 952 fundamento
568 916 624 948 pro
632 909 770 947 opinione
779 909 926 947 negativa
935 917 1015 939 num.
1027 918 1096 948 249.
1107 909 1142 940 &

153 957 281 986 tradunt
290 954 440 985 Innocen.
448 952 534 993 Joan.
545 952 640 984 Andr.
651 953 684 983 ὃς
702 951 756 982 alii
766 951 811 983 ibi
827 950 951 992 allegati
961 971 969 980 .
991 950 1072 983 Ecce
1082 952 1142 993 igi-

151 1007 204 1029 tur
214 999 366 1029 ibitextus
387 996 535 1036 expressus
544 1015 555 1030 ,
574 994 660 1035 quod
681 1004 776 1035 agens
785 1003 895 1026 contra
915 992 1143 1026 conscientiam

152 1038 382 1082 scrupulosam,
401 1040 436 1071 δε
446 1048 521 1070 cum
541 1037 710 1070 formidine
719 1057 728 1071 ,
750 1037 924 1068 mortaliter
933 1046 1059 1077 peccat,
1082 1038 1142 1069 hoc

152 1085 241 1115 enim
250 1085 420 1124 important
431 1082 483 1113 illa
490 1082 582 1113 verba
590 1101 600 1116 ,
622 1078 770 1122 AEdificat
779 1080 819 1111 ad
832 1077 999 1119 gehennam
1009 1101 1019 1116 ,
1041 1090 1076 1113 ut
1086 1091 1143 1112 no-

152 1136 201 1159 tat
209 1126 312 1158 Abbas
319 1127 354 1156 in
360 1135 385 1156 c.
397 1126 536 1158 Litteras
546 1122 583 1156 de
598 1122 694 1164 restit.
697 1123 823 1164 spoliat.

196 1170 246 1201 Ad
255 1170 341 1201 idem
351 1168 392 1200 est
400 1177 502 1200 textus
512 1176 633 1209 apertus
644 1168 678 1198 in
687 1174 750 1205 cap.
760 1165 953 1207 Inqutfieioni
960 1165 997 1199 de
1005 1166 1140 1208 sentent.

154 1222 302 1245 excomm.
319 1212 373 1243 ubi
394 1211 578 1252 proponitur
597 1209 727 1241 dubium
736 1229 746 1244 ,
767 1219 808 1240 an
827 1209 941 1249 conjux
952 1230 961 1244 ,
981 1211 1036 1251 qui
1053 1210 1143 1243 habet

153 1255 383 1288 conscientiam
391 1256 428 1286 de
435 1256 663 1295 impedimento
671 1252 836 1284 dirimente
845 1273 855 1287 ,
865 1252 952 1293 possit
962 1255 1098 1289 reddere,
1110 1256 1143 1286 &

151 1300 277 1340 exigere
288 1300 429 1330 debitum
439 1296 602 1339 conjugale
611 1318 619 1325 .
629 1295 668 1328 Et
677 1295 877 1336 distinguitur
886 1316 896 1330 ,
904 1306 944 1327 an
953 1298 1023 1328 talis
1032 1297 1144 1329 habeat

152 1341 330 1384 hujusmodi
340 1341 566 1373 conscientiam
573 1349 611 1371 ex
618 1339 801 1371 credulitate
813 1339 975 1380 probabili,
989 1342 1024 1372 &
1033 1340 1144 1373 discre-

155 1395 187 1416 ta
196 1405 207 1420 ,
216 1395 256 1417 an
267 1384 342 1416 vero
352 1394 388 1415 ex
398 1384 578 1416 credulitate
589 1383 650 1414 levi
660 1384 710 1417 ,δε
718 1385 884 1414 temeraria
893 1404 900 1412 .
911 1381 950 1414 Et
958 1385 992 1415 in
1003 1384 1062 1416 hoc
1072 1383 1145 1415 ulti-

153 1438 209 1460 mo
217 1427 288 1460 casu
296 1434 398 1459 textus
407 1429 485 1458 dicit
496 1427 560 1458 :Ad
571 1425 699 1458 Pastoris
711 1425 754 1457 sui
765 1425 930 1457 consilium
938 1447 948 1461 ‚
962 1427 1144 1467 conscientia

152 1472 235 1503 levis
250 1469 462 1504 &temeraria
480 1468 674 1502 credulitatis
692 1467 818 1509 explosa
830 1489 839 1503 ,
861 1469 945 1501 licite
957 1473 1069 1510 poterit
1081 1481 1144 1501 non

154 1514 253 1546 solum
262 1515 388 1546 reddere
397 1533 407 1549 ,
426 1512 475 1545 sed
484 1514 606 1555 exigere
617 1512 759 1544 debitum
769 1513 932 1555 conjugale
942 1535 949 1542 .
960 1512 1099 1545 Pondera
1108 1514 1146 1545 il-

154 1558 207 1589 lud
216 1558 346 1589 verbum
354 1577 366 1592 ,
376 1556 516 1597 Explosa
524 1577 534 1591 ‚
544 1557 628 1598 quod
637 1555 717 1587 clare
726 1557 832 1587 innuit
842 1576 851 1590 ,
863 1565 895 1588 ut
903 1558 957 1597 qui
970 1557 1059 1589 habet
1069 1567 1146 1589 con-

155 1600 322 1634 scientiam
342 1610 379 1633 ex
389 1600 571 1632 credulitate
593 1599 673 1633 levi,
695 1598 745 1630 seu
763 1598 930 1631 formidine
945 1602 983 1632 de
1004 1602 1145 1632 nullitate

154 1643 352 1676 matrimonii
374 1651 496 1685 propter
517 1642 783 1683 impedimentum
803 1644 954 1674 dirimens
972 1664 982 1678 ,
1012 1643 1144 1676 minime

155 1686 245 1728 possit
255 1688 365 1728 absque
375 1695 504 1727 peccato
512 1685 654 1717 exhibere
663 1686 804 1717 debitum
812 1687 986 1728 conjugale,
998 1687 1052 1718 nisi
1063 1686 1145 1727 prius

154 1730 360 1762 formidinem
381 1730 468 1761 illam
476 1750 487 1764 ,
510 1728 561 1761 seu
576 1729 676 1761 levem
693 1731 909 1761 credulitatem
930 1731 1072 1771 explodat
1081 1750 1090 1764 ,
1112 1730 1144 1762 id

154 1773 216 1808 cst,
237 1774 392 1813 deponat,
409 1772 459 1803 seu
469 1772 612 1812 abjiciat,
633 1773 817 1812 &repellat,
840 1782 873 1804 ut
885 1774 927 1804 lbi
938 1783 989 1814 per
998 1774 1082 1814 glols.

193 1816 231 1848 Et
239 1816 320 1847 tatio
329 1816 495 1848 decisionis
505 1815 546 1846 est
555 1835 564 1849 ,
584 1816 659 1856 quia
669 1814 838 1847 secundum
847 1814 1036 1854 Caietanuni
1046 1816 1145 1858 supra-

156 1860 289 1892 citatum
299 1871 328 1890 n.
340 1862 390 1891 88.
401 1860 456 1900 qui
465 1858 612 1890 formidat
622 1879 632 1894 ,
654 1859 778 1890 vacillat
787 1879 796 1893 ,
819 1861 851 1891 δε
863 1860 992 1892 fluctuat
1001 1881 1010 1894 ‚
1021 1862 1058 1892 ad
1071 1871 1146 1891 neu-

155 1912 239 1935 tram
250 1911 368 1944 partem
378 1902 405 1933 se
416 1904 605 1934 determinat
616 1914 623 1933 :
633 1904 688 1943 qui
697 1912 802 1934 autc-m
813 1902 875 1934 sine
891 1904 946 1934 hac
957 1905 1146 1935 determina-

155 1948 242 1978 tione
257 1955 401 1987 operatur
409 1966 419 1980 ,
440 1945 664 1977 certitudinem
684 1956 749 1977 non
761 1946 853 1978 babet
874 1948 911 1978 de
924 1947 1080 1979 honestate
1089 1947 1147 1978 sua:

155 1990 348 2030 operationis
358 2009 368 2023 ,
388 1989 461 2020 cum
470 1989 629 2020 certitudo
639 1988 716 2020 nihil
726 1989 761 2020 sit
771 1990 854 2021 aliud
865 2010 874 2024 ,
896 1992 988 2031 quam
999 1992 1146 2022 determi-

156 2034 247 2064 natio
256 2030 432 2064 intellectus
439 2033 478 2064 ad
488 2041 603 2066 unum,
614 2041 647 2063 ut
659 2042 710 2073 per
721 2032 761 2063 D.
772 2033 890 2064 Thom.
902 2031 1046 2074 ubisuprd
1056 2045 1085 2064 n.
1099 2041 1145 2072 52.

111 2088 114 2091 >
154 2077 190 2107 δε
207 2074 338 2106 sinehac
354 2075 679 2115 certitudineexponit
702 2074 930 2109 sediscrimini,
953 2078 985 2108 &
1009 2078 1147 2108 levisilla

156 2118 322 2149 credulitas
331 2137 342 2152 ,
362 2116 412 2149 seu
421 2117 576 2158 scrupulus
587 2118 627 2148 est
637 2128 720 2149 mors
731 2117 943 2150 conscientiae.
955 2118 1041 2150 Patet
1051 2121 1147 2160 igitur

155 2160 341 2201 apertissime
350 2180 360 2194 ,
382 2170 508 2201 peccare
518 2170 590 2191 eum
598 2181 608 2194 ,
629 2161 685 2200 qui
703 2171 847 2201 operatur
864 2171 938 2192 cum
956 2161 1126 2203 suspicione
1136 2183 1146 2198 ,

155 2204 207 2236 seu
215 2202 384 2234 formidine
393 2223 402 2237 ‚
425 2202 510 2243 quod
519 2201 606 2233 actus
615 2202 651 2233 sit
662 2204 791 2235 illicitus
800 2224 809 2237 ,
819 2205 852 2235 &
861 2204 1085 2245 consequenter
1094 2215 1146 2237 eo-

153 2248 227 2279 dem
236 2247 332 2277 modo
344 2255 469 2286 peccare
485 2254 557 2276 cum
568 2261 579 2279 ,ι
599 2247 655 2286 qui
675 2256 820 2286 operatur
830 2247 1000 2279 secundum
1020 2249 1146 2289 opimo-

154 2299 229 2322 nem
240 2290 427 2330 probabilem
435 2287 643 2320 affirmantem
662 2289 767 2320 astum
779 2290 835 2321 eise
846 2290 967 2322 licitum
976 2312 985 2325 ,
1007 2292 1080 2322 cum
1093 2302 1146 2323 ne-

154 2332 282 2364 cessario
290 2332 399 2363 habeat
411 2331 614 2363 formidinem
622 2333 659 2363 de
669 2333 810 2372 opposito
820 2353 829 2367 ,
850 2334 881 2364 id
891 2334 931 2365 est
943 2354 951 2368 ,
962 2335 1047 2376 quod
1058 2334 1146 2367 aetus

154 2376 206 2408 ille
217 2377 252 2408 sit
263 2375 392 2407 illicitus
402 2395 411 2410 ‚
432 2385 466 2407 ut
475 2374 560 2416 supra
569 2375 707 2415 proxime
716 2376 868 2407 ostensum
878 2377 918 2408 est
928 2399 936 2406 .

87 2420 131 2458 98
197 2418 473 2461 Vigesimoquinto
484 2440 491 2448 .
514 2416 599 2449 Cum
607 2418 725 2459 juribus
744 2429 777 2451 ut
789 2418 874 2460 supra
884 2421 1060 2461 ponderatis
1070 2431 1146 2453 con-

155 2463 265 2495 cordat
273 2462 303 2493 δ’.
314 2461 453 2493 Thomas
464 2459 592 2500 quodlib.
601 2466 630 2493 8.
640 2470 701 2493 art.
718 2471 762 2503 13.
772 2464 824 2494 ubi
842 2463 875 2494 in
888 2462 1005 2504 puncto
1022 2465 1145 2496 videtur

156 2506 365 2537 determinare
376 2504 455 2535 hanc
465 2505 666 2545 quaestionem
676 2516 685 2541 ·,
695 2515 768 2536 nam
777 2505 946 2538 secundum
956 2517 1027 2539 eum
1037 2510 1062 2539 is
1072 2529 1081 2543 ,
1090 2511 1145 2549 qui

156 2549 250 2580 habet
259 2547 482 2579 certitudinem
491 2567 502 2582 ,
521 2548 606 2589 quod
616 2548 668 2579 sibi
679 2550 768 2580 liceat
779 2550 888 2581 habere
900 2551 999 2590 plures
1010 2553 1144 2592 praeben-

156 2594 212 2624 das
222 2611 232 2625 ,
253 2592 286 2622 ὃς
305 2599 342 2621 ex
352 2592 509 2621 contraria
524 2592 674 2631 opinione
685 2591 906 2633 Magistrotum
927 2594 961 2624 in
976 2597 1145 2635 quamdam

156 2633 390 2667 dubitationem
400 2634 558 2665 inducitur
568 2653 578 2667 ,
600 2634 621 2664 ii
632 2644 776 2666 manente
787 2638 841 2667 tali
852 2636 1048 2669 dubitatione
1057 2658 1067 2672 ,
1079 2638 1145 2678 plu-

158 2687 208 2709 res
216 2678 392 2718 praebendas
402 2676 493 2707 habet
501 2696 511 2710 ,
534 2677 706 2716 periculose
717 2680 888 2710 committit
898 2699 908 2713 ,
929 2682 962 2711 &
972 2681 1012 2711 sic
1023 2680 1145 2721 procul-

139 2721 254 2752 -dubio
262 2729 409 2761 peccato,
430 2717 537 2760 utpote
548 2721 647 2759 magis
665 2730 772 2752 amans
783 2722 974 2754 beneficium
992 2733 1145 2764 tempora-

158 2764 186 2795 le
195 2783 206 2798 ,
226 2766 320 2804 quam
331 2764 486 2805 propriam
505 2761 631 2793 salutem
640 2784 647 2791 .
670 2762 717 2793 Ibi
737 2766 823 2795 enim
832 2764 955 2796 Dostor
975 2766 1024 2797 An
1027 2768 1145 2807 gelicus

159 2817 216 2848 pro
225 2806 420 2838 dubitatione
431 2807 551 2837 videtur
561 2806 732 2846 intelligere
743 2816 807 2837 non
817 2817 925 2839 verum
935 2810 1066 2841 dubium
1075 2830 1085 2844 ,
1095 2810 1144 2841 sed

156 2849 361 2882 formidinem
371 2869 381 2883 ,
401 2859 468 2890 qua:
484 2850 590 2889 aliquo
607 2851 702 2880 modo
718 2850 937 2881 certitudinem
959 2854 1046 2883 tollat
1069 2863 1076 2883 :
1100 2853 1145 2884 ait

157 2894 245 2924 enim
254 2912 263 2927 ,
285 2894 340 2923 Ex
347 2892 529 2932 conscientia
538 2902 620 2930 quem
630 2890 759 2930 obligari
769 2890 811 2923 ad
824 2900 978 2932 peccatum
987 2914 997 2928 ,
1012 2895 1084 2937 five
1092 2894 1145 2927 ha-

156 2933 227 2975 beat
234 2944 349 2968 certam
361 2933 459 2977 fidem
468 2938 504 2967 de
520 2937 672 2967 contrario
680 2934 758 2972 ejus,
780 2933 854 2973 quod
870 2938 953 2975 agit,
970 2937 1042 2978 five
1051 2941 1145 2970 etiam

157 2977 266 3011 habeat
280 2981 448 3018 opinionem
455 2989 520 3011 cum
539 2979 643 3016 aliqua
650 2976 839 3010 dubitatione
854 2990 864 3007 .·
885 2988 919 3010 at
929 2990 993 3010 cum
1008 2983 1145 3020 opinione

157 3032 217 3067 npn
233 3019 297 3063 stat
306 3019 457 3054 dubitatio
467 3032 543 3053 vera
552 3042 562 3055 ,
585 3020 753 3062 &propria
763 3041 773 3056 ,
787 3020 846 3063 scd
854 3021 976 3055 tantum
985 3021 1124 3066 formido
1134 3044 1144 3059 ,

154 3074 227 3097 cum
241 3067 340 3105 opinio
347 3064 486 3097 includat
501 3063 644 3106 affensum
652 3073 707 3105 pro
728 3076 787 3096 una
799 3072 888 3104 parte
897 3066 1144 3098 contradifflonis

154 3117 226 3140 cum
228 3106 398 3149 formidine
406 3110 536 3140 atterius
545 3128 555 3143 ‚
565 3106 715 3140 dubitatio
721 3107 794 3140 verb
803 3108 948 3141 excludat
955 3109 1098 3150 affenfhm
1107 3108 1145 3143 ab

155 3159 280 3188 utroque
287 3160 424 3184 extremo
433 3162 444 3187 ,·
454 3161 526 3183 nam
535 3161 567 3183 ut
575 3150 699 3183 habetur
707 3153 740 3182 in
753 3160 778 3191 3.
788 3149 967 3196 Metaphyſs
975 3164 999 3184 c.
1006 3162 1032 3184 1.
1043 3162 1145 3190 quate-

156 3191 342 3226 nuffdubitat
351 3215 361 3229 ,
381 3195 607 3236 eatenusfimile
613 3192 756 3233 quiddam
764 3195 868 3233 ligatis
878 3198 996 3234 patitur
1004 3206 1015 3232 ,-
1024 3204 1145 3234 utroque

154 3239 239 3270 enim
245 3234 330 3268 modo
339 3235 511 3280 impofflbite
519 3236 561 3279 est
569 3238 610 3269 ad
618 3238 764 3269 ulteriora
770 3238 939 3276 procedere.
949 3238 1025 3271 Haec
1034 3240 1078 3271 ibi
1088 3262 1095 3270 .
1106 3240 1144 3271 Et

153 3279 320 3322 propterea
329 3279 358 3310 S.
367 3280 430 3312 Th.
439 3290 512 3313 cum
522 3281 665 3322 mysterio
676 3290 740 3312 non
749 3280 828 3312 dixit
838 3279 1016 3322 simpliciter
1025 3303 1034 3317 ‚
1044 3285 1078 3314 in
1087 3285 1144 3314 du-

153 3324 348 3356 bitationem
368 3324 544 3360 inducitur,
567 3323 615 3355 sed
624 3345 634 3358 ,
658 3326 692 3356 in
712 3325 881 3365 quamdam
895 3325 1124 3357 dubitationem
1134 3336 1143 3362 3

153 3369 293 3399 innuens
302 3375 355 3406 per
376 3365 436 3397 hoc
443 3366 472 3397 se
487 3377 554 3400 non
562 3367 648 3408 loqui
665 3369 701 3399 de
709 3367 904 3399 dubitatione
922 3367 1043 3409 proprie
1062 3367 1143 3400 sum-

154 3419 224 3451 pta,
247 3409 298 3441 scd
309 3411 346 3440 de
355 3407 524 3442 formidine
533 3431 544 3445 ,
557 3421 624 3451 quae
633 3411 710 3442 inest
718 3411 878 3452 opinioni:
888 3409 935 3442 sed
945 3411 1028 3443 hunc
1039 3411 1143 3444 locum

152 3451 246 3484 iatius
255 3454 466 3493 expendemus
476 3451 563 3495 infra
580 3464 608 3483 n.
620 3463 689 3491 270-

196 3495 444 3537 Vigefimosextb
453 3495 486 3526 &
498 3496 612 3526 ultimi>
620 3518 627 3525 .
638 3496 697 3527 Pto
707 3497 818 3538 majori
828 3497 1052 3531 dilucidatione
1062 3499 1142 3529 veri-

239 3541 266 3571 F
268 3550 379 3580 agmen.
391 3541 426 3572 in
434 3541 459 3572 l.
471 3537 541 3573 Lib.
553 3539 710 3571 Decretal.

2025 108 2095 163 39

1181 179 1254 208 tatis
1272 186 1343 208 ante
1354 180 1464 209 onmia
1480 175 1714 218 supponendum
1723 175 1764 207 est
1781 175 1855 208 illud
1864 174 2056 217 principium
2067 194 2076 208 ,
2097 183 2167 205 tan-

1179 230 1275 260 quam
1283 230 1402 251 certum
1411 241 1421 255 ,
1431 223 1462 252 &
1472 220 1634 252 infallibile
1641 239 1652 254 ,
1663 218 1820 254 videlicet,
1830 221 1865 250 in
1875 218 1995 250 astibus
2006 217 2162 251 humanis,

1180 264 1219 294 ad
1228 263 1288 295 hoc
1297 283 1308 298 ,
1316 272 1349 294 ut
1358 265 1428 304 quis
1437 263 1521 295 redte
1530 283 1541 299 ,
1550 265 1584 295 &
1593 272 1667 294 cum
1675 264 1789 294 virtute
1797 271 1940 303 operetur
1950 281 1960 295 ,
1978 261 2146 301 requiritur
2155 280 2165 293 ,

1180 315 1215 337 ut
1225 305 1334 337 habeat
1342 306 1564 337 certitudinem
1572 304 1678 337 saltem
1695 305 1846 337 moralem
1855 306 1893 336 de
1902 303 2091 336 rectitudine
2101 322 2111 336 ,
2132 303 2167 334 δε

1180 348 1338 380 honestate
1354 349 1566 389 operationis,
1588 347 1757 381 secundum
1766 349 1841 380 illud
1861 346 2027 389 Augustini
2050 357 2057 376 :
2079 347 2166 377 Tenc

1179 400 1293 423 certum
1300 411 1311 426 ,
1321 390 1359 423 (θ’
1366 391 1490 423 dimitte
1496 393 1643 422 incertum
1651 412 1662 426 ,
1680 394 1755 424 utin
1763 403 1787 424 c.
1795 393 1834 423 Si
1843 393 1908 429 quis
1916 399 2016 422 autem
2024 386 2118 431 infin.
2130 388 2167 419 de

1177 436 1284 474 poenit.
1294 431 1363 476 dist.
1373 443 1402 472 7.
1415 435 1509 475 quue
1518 435 1598 475 apud
1608 444 1717 466 omnes
1727 435 1767 466 est
1775 437 1809 466 in
1818 433 1954 466 confesso
1963 455 1970 463 .
1993 431 2052 464 Sed
2063 431 2168 463 defen-

1182 476 1262 508 sores
1280 478 1534 518 probabilitatum
1543 476 1633 508 enixe
1654 479 1850 509 contendunt
1860 479 1893 509 in
1908 476 2077 508 moralibus
2088 473 2168 506 suffi-

1181 529 1250 551 cere
1259 521 1483 551 certitudinem
1492 530 1529 550 ex
1540 520 1745 560 probabilibus
1753 540 1763 554 ,
1774 522 1866 561 idque
1874 518 2064 561 potissimtim
2073 519 2169 550 dedu-

1181 571 1258 594 cunt
1267 572 1304 593 ex
1315 562 1476 594 Aristotele
1484 562 1632 603 supracit.
1641 564 1675 593 in
1688 572 1713 594 1.
1726 561 1798 594 Eth.
1808 571 1870 602 cap.
1884 572 1910 603 3.
1919 562 1958 594 Et
1979 573 2017 594 ex
2027 561 2087 593 hoc
2097 560 2169 592 fun-

1181 606 1329 637 damento
1346 606 1426 646 apud
1444 615 1497 637 eos
1514 605 1612 637 solido
1632 606 1665 637 &
1683 607 1864 636 inconcusso
1880 607 2036 637 deducunt
2057 613 2167 635 omnes

1183 648 1248 680 suas
1259 648 1474 680 conclusiones
1482 669 1492 683 ,
1514 649 1660 680 videlicet
1668 668 1677 683 ,
1687 650 1741 689 qui
1752 651 1785 679 in
1795 647 1913 679 adbibus
1924 647 2070 679 humanis
2078 647 2167 689 eligit

1181 693 1264 732 quod
1273 691 1314 722 est
1323 692 1498 732 probabile,
1522 701 1586 722 non
1595 693 1662 732 agit
1682 690 1815 725 temere,
1838 689 1887 723 sed
1899 692 2062 731 prudenter
2083 702 2091 722 ι
2113 691 2168 721 eli-

1181 735 1229 777 git
1237 734 1408 776 perfectum
1417 755 1427 769 ‚
1447 745 1482 766 ac
1493 743 1598 766 tutum
1608 745 1615 765 :
1626 744 1691 766 non
1699 733 1872 766 committit
1882 733 1908 764 se
1919 732 2094 765 discrimini
2107 733 2165 764 :se-

1181 779 1289 819 quitur
1297 777 1455 810 distamen
1466 779 1596 809 rationis
1605 797 1616 812 ,
1624 778 1658 809 ὃ(
1668 777 1728 809 alia
1739 778 1825 818 plura
1833 778 1865 807 id
1874 786 1971 817 genus
1980 798 1987 806 .
1999 775 2109 818 Qiare
2117 778 2164 807 vis

1182 830 1249 852 tota
1261 820 1415 864 praesentis
1423 821 1640 862 disputationis
1658 818 1794 853 versatur
1802 819 2051 859 inintelligentia
2068 820 2166 850 afferri

1185 866 1347 906 principii,
1362 863 1446 906 quod
1457 866 1490 895 in
1501 864 1669 896 moralibus
1680 863 1809 895 sufficiat
1818 863 1972 894 certitudo
1979 872 2016 893 ex
2026 863 2168 903 probabi-

1184 908 1281 944 libus3
1303 918 1378 938 nam
1388 906 1493 939 everso
1502 907 1560 938 hoc
1570 907 1776 939 fundamento
1784 915 1885 938 totam
1899 905 1981 936 hanc
1989 905 2168 937 machinam

1185 951 1437 993 probabilitatum
1446 960 1588 983 corruere
1603 951 1719 982 neceli'e
1727 949 1767 981 est
1777 972 1785 980 .
1808 948 1982 990 thuidem
2003 958 2061 979 nos
2070 949 2170 979 credi*

1184 1004 1253 1025 mus
1263 995 1297 1025 in
1304 1003 1343 1026 eo
1352 1004 1500 1034 magnam
1511 994 1603 1025 latere
1612 992 1767 1027 fallaciam
1775 1013 1786 1028 ,
1807 993 1857 1024 seu
1865 993 2149 1033 aequivocationem
2159 1012 2166 1020 .

1183 1035 1284 1082 Qlod
1294 1047 1327 1069 ut
1336 1047 1391 1079 pro
1399 1037 1493 1069 nostri
1502 1037 1623 1078 ingenii
1630 1038 1782 1068 tenuitate
1791 1056 1801 1071 ,
1818 1045 1972 1077 quantum
1983 1034 2068 1066 Deus
2077 1035 2169 1065 dede-

1184 1082 1245 1114 rit,
1266 1079 1400 1113 dilucide
1418 1080 1634 1114 ostendamus,
1655 1078 1798 1111 accurate
1816 1078 2042 1110 observandum
2058 1087 2169 1118 propo-

1184 1123 1388 1157 nimus,aliud
1397 1123 1454 1153 effe
1462 1125 1495 1154 in
1504 1123 1670 1153 moralibus
1678 1122 1812 1153 sufficere
1819 1123 2045 1154 certitudinem
2053 1130 2090 1152 ex
2099 1130 2169 1161 pro-

1185 1166 1336 1197 babilibus
1344 1185 1354 1200 ,
1364 1167 1397 1197 &
1407 1166 1490 1196 aliud
1501 1166 1533 1196 in
1545 1165 1712 1196 moralibus
1722 1164 1857 1196 sufficere
1867 1165 2088 1196 certitudinem
2098 1173 2168 1203 pro-

1185 1209 1335 1241 babilem.
1357 1208 1432 1239 Haec
1450 1209 1536 1239 enirn
1547 1209 1610 1239 duo
1626 1207 1792 1242 differunt,
1814 1217 1848 1238 ut
1863 1207 1953 1239 causa
1968 1209 2003 1239 &
2019 1206 2147 1238 effectus
2158 1227 2165 1237 .

1184 1250 1273 1284 Nam
1284 1252 1557 1292 primumdenotat
1565 1249 1708 1285 causam,
1730 1260 1885 1291 perquam
1902 1249 2057 1281 certitudo
2067 1259 2169 1280 mora-

1185 1295 1224 1326 lis
1235 1295 1268 1326 in
1278 1295 1368 1326 nobis
1377 1303 1542 1335 generatur
1552 1314 1562 1329 ,
1583 1295 1616 1326 &
1627 1295 1659 1325 in
1668 1294 1724 1325 esse
1733 1295 1912 1334 producitur
1922 1304 1929 1323 :
1939 1293 2106 1324 secundum
2116 1302 2170 1323 ve—

1186 1338 1221 1369 ro
1230 1340 1358 1370 denotat
1367 1337 1531 1372 effectum,
1553 1339 1584 1368 id
1595 1336 1636 1368 est
1647 1357 1658 1372 ,
1678 1336 1775 1378 ipsam
1783 1337 1933 1368 moralem
1947 1337 2170 1367 certitudinem

1187 1383 1219 1413 ln
1230 1381 1318 1413 nobis
1331 1381 1391 1421 jam
1399 1390 1580 1423 generatam
1588 1400 1598 1414 ,
1607 1379 1684 1412 &in
1692 1380 1748 1411 etse
1759 1378 1941 1419 productam
1951 1401 1958 1408 .
1981 1379 2087 1418 Itaque
2097 1377 2170 1410 cum

1187 1426 1339 1459 dicimus,
1361 1427 1394 1455 in
1411 1424 1579 1455 moralibus
1590 1422 1701 1455 sufficit
1721 1424 1896 1456 certitudo,
1917 1432 1985 1463 quse
1998 1424 2114 1455 oritur,
2135 1423 2169 1452 &

1185 1477 1351 1508 generatur
1370 1470 1403 1498 in
1414 1466 1575 1498 intelletstu
1588 1476 1624 1497 ex
1634 1469 1826 1507 argumentis
1837 1486 1846 1500 ,
1868 1467 1901 1497 &
1918 1466 2090 1496 rationibus
2100 1473 2169 1504 pro-

1187 1511 1356 1546 babilibus,
1375 1509 1544 1551 propositio
1552 1519 1623 1541 vera
1631 1510 1689 1544 esi,
1709 1509 1784 1551 quia
1803 1511 1901 1550 plures
1911 1509 2047 1540 rationes
2063 1508 2170 1548 proba·

1187 1554 1261 1585 biles
1272 1552 1342 1585 sunt
1350 1564 1427 1595 aptae
1437 1563 1515 1585 natae
1523 1555 1706 1594 producere,
1728 1563 1763 1585 ac
1773 1561 1919 1594 generare
1929 1552 1962 1583 in
1974 1552 2113 1592 potentia
2122 1561 2169 1581 ra-

1187 1597 1330 1628 tionabili
1349 1597 1499 1628 moralem
1512 1596 1735 1628 certitudinem
1749 1598 1785 1628 de
1807 1595 1964 1628 honestate
1978 1594 2169 1635 operationis

1187 1640 1298 1681 absque
1320 1641 1380 1672 ulla
1391 1640 1561 1672 formidine
1579 1639 1845 1681 partisoppositae,
1867 1638 2101 1669 sirationesillae
2112 1637 2169 1668 sint

1187 1686 1266 1715 tanti
1277 1685 1420 1724 ponderis
1428 1704 1438 1717 ‚
1460 1694 1493 1715 ut
1503 1682 1670 1715 efficaciter
1679 1692 1826 1714 moveant
1835 1680 2029 1714 intellectum
2041 1682 2078 1712 ad
2089 1680 2170 1721 judi-

1187 1729 1323 1759 candum
1338 1728 1458 1758 remita
1475 1726 1502 1758 se
1513 1727 1644 1762 habere,
1666 1737 1700 1759 ut
1718 1728 1861 1768 probatur
1881 1727 1915 1757 in
1924 1733 1987 1765 cap.
1998 1726 2063 1764 Ego
2073 1723 2169 1766 solis,

1187 1770 1268 1811 verſs
1279 1772 1375 1802 Alios
1388 1779 1487 1802 autem
1504 1781 1532 1807 9.
1544 1768 1678 1812 distintsi.
1689 1770 1726 1802 Et
1742 1771 1806 1802 haec
1815 1769 1855 1801 est
1877 1769 1928 1800 illa
1937 1769 2091 1800 certitudo
2109 1767 2171 1798 sur—

1186 1824 1262 1854 gens
1272 1825 1310 1846 ex
1322 1814 1528 1854 probabilibus
1537 1833 1547 1848 ‚
1567 1824 1635 1854 quae
1645 1816 1678 1845 in
1690 1815 1798 1846 morali
1813 1813 1943 1844 materia
1954 1810 2063 1842 sufficit
2078 1812 2116 1841 ad
2125 1821 2170 1841 re-

1187 1856 1236 1889 Cte
1245 1859 1454 1898 operandum.
1478 1854 1564 1887 Cum
1574 1857 1648 1888 verb
1668 1857 1821 1891 dicimus,
1844 1858 1877 1887 in
1887 1855 2053 1887 moralibus
2062 1853 2170 1885 sufficit

1187 1902 1342 1933 certitudo
1351 1909 1389 1931 ex
1410 1899 1634 1941 probabilibus,
1656 1899 1916 1940 ssintelligamus‚
1937 1898 2037 1931 idest,
2062 1899 2171 1928 inmo-

1186 1944 1301 1976 talibus
1322 1942 1434 1976 sufficit
1444 1944 1599 1975 certitudo
1621 1944 1806 1984 probabilis,
1828 1942 1996 1982 propositio
2018 1940 2058 1972 est
2079 1939 2171 1973 falla,

1186 1989 1262 2029 quia
1271 1988 1325 2020 ista
1334 1988 1490 2019 certitudo
1497 1987 1662 2026 probabilis
1672 1996 1735 2018 non
1745 1988 1833 2017 datur
1843 2006 1852 2020 ,
1871 1984 1938 2016 imo
1949 1985 2087 2025 implicat
2096 1993 2171 2014 con<

1187 2030 1426 2064 tradickionem,
1449 2040 1482 2061 ut
1491 2029 1526 2061 sit
1535 2029 1711 2063 certitudo,
1732 2031 1764 2061 δε
1777 2038 1811 2060 iit
1821 2029 2004 2070 probabilis,
2024 2029 2097 2068 quia
2108 2036 2172 2057 cer—

1187 2075 1292 2107 titudo
1311 2073 1354 2105 est
1370 2072 1492 2114 praecisa
1509 2074 1730 2104 determinatio
1751 2070 1926 2104 intellec‘tus
1943 2073 1980 2102 ad
2001 2080 2117 2103 unum,
2139 2078 2172 2100 ut

1188 2119 1221 2148 in
1242 2115 1449 2158 superioribus
1471 2116 1592 2147 dictum
1612 2116 1676 2153 est3
1698 2116 1894 2157 probabilitas
1914 2124 2019 2146 autem
2038 2115 2172 2145 indeter-

1188 2158 1306 2192 minate
1326 2180 1335 2194 ,
1356 2161 1390 2192 δι
1412 2158 1623 2191 indifferenter
1641 2159 1669 2191 sc
1692 2159 1782 2191 habet
1803 2160 1842 2191 ad
1862 2157 1982 2190 testum
2003 2178 2013 2192 ,
2041 2160 2073 2189 &
2093 2156 2172 2187 obli-

1186 2213 1301 2245 quum.
1323 2203 1421 2234 Unde
1438 2202 1590 2244 judicium
1610 2204 1764 2244 probabile
1786 2213 1850 2234 non
1866 2202 1906 2234 est
1926 2202 2078 2243 judicium
2101 2208 2171 2240 pru-

1187 2247 1319 2281 dentiae,
1342 2246 1416 2278 cum
1426 2256 1490 2277 non
1506 2246 1616 2278 habear
1626 2257 1681 2287 pro
1700 2246 1825 2288 01)]εᾶὶο
1849 2256 1973 2280 verum,
1995 2246 2028 2276 δέ
2051 2243 2104 2274 sub
2124 2253 2172 2273 ra-

1187 2293 1274 2322 tione
1299 2291 1389 2325 veri·,
1412 2289 1460 2321 sed
1480 2289 1521 2321 est
1547 2289 1697 2330 judicium
1717 2290 1893 2322 obnoxium
1912 2288 2071 2320 formidini
2093 2305 2103 2319 ,
2132 2285 2172 2316 ti-

1187 2335 1308 2365 midum
1317 2353 1327 2368 ‚
1348 2333 1547 2365 &incertum
1557 2353 1567 2368 ,
1589 2342 1681 2374 atque
1690 2333 1968 2365 indeterminatum
1978 2351 1988 2365 ,
1999 2329 2149 2361 fluctuans
2158 2348 2169 2361 ,

1186 2378 1219 2409 &
1239 2377 1395 2410 instabile,
1414 2378 1499 2417 quod
1511 2386 1574 2408 non
1595 2379 1733 2409 intuetur
1754 2376 1918 2408 veritatem
1938 2372 2088 2405 interius,
2111 2380 2169 2401 nec

1186 2418 1349 2461 cognoscit
1369 2429 1435 2451 rem
1457 2418 1625 2451 secundum
1645 2422 1729 2462 quod
1751 2419 1814 2454 est,
1846 2419 1894 2449 sed
1916 2414 2083 2447 secundum
2103 2415 2170 2445 veri

1186 2465 1419 2507 apparentiam,
1441 2463 1556 2495 &ideo
1572 2462 1668 2497 fallit,
1690 2465 1722 2494 &
1734 2462 1867 2494 fallitur,
1888 2461 1920 2491 ὃς
1938 2458 2084 2489 aratione
2106 2458 2170 2487 vir-

1187 2507 1262 2539 tutis
1272 2506 1463 2539 excluditur,
1486 2516 1550 2536 non
1568 2506 1682 2536 liabens
1700 2506 1874 2535 bonitatem
1893 2502 2061 2535 moralem,
2084 2509 2116 2531 ut
2131 2509 2168 2530 ex

1186 2549 1429 2581 authoritatibus
1440 2548 1625 2580 Sanctorum
1638 2546 1762 2578 Patrum
1771 2566 1781 2581 ,
1791 2548 1823 2578 &
1834 2543 2053 2586 Magistrorum
2064 2542 2168 2584 primae

1185 2591 1283 2624 classis
1304 2589 1413 2622 diffuse
1433 2588 1585 2621 ostensum
1615 2589 1655 2621 est
1677 2588 1761 2630 supra
1776 2611 1785 2619 .
1813 2587 2015 2629 Quapropter
2044 2586 2166 2618 tantum

1186 2634 1285 2668 abest,
1306 2643 1340 2665 ut
1363 2635 1396 2664 in
1416 2633 1583 2664 moralibus
1604 2631 1733 2664 sufficiat
1755 2633 1909 2664 certitudo
1930 2629 2113 2671 probabilis,
2133 2639 2167 2660 ut

1187 2677 1292 2720 potius
1313 2685 1529 2718 opponantur,
1550 2685 1586 2707 ac
1607 2675 1757 2707 mutuose
1778 2675 1930 2707 destruant
1939 2673 2111 2706 certitudo,
2134 2673 2168 2703 ὃς

1186 2720 1385 2763 probabilitas
1395 2741 1402 2749 .
1419 2717 1488 2751 Nec
1499 2719 1583 2750 aliud
1593 2718 1681 2750 sensit
1690 2718 1865 2750 Aristoteles
1873 2726 1908 2748 ex
1918 2715 2043 2747 adverso
2053 2715 2166 2746 citatus

1185 2768 1218 2796 in
1232 2774 1258 2796 1.
1269 2762 1394 2795 Ethnic.
1404 2770 1467 2802 cap.
1478 2772 1504 2801 3.
1516 2761 1537 2792 si
1555 2760 1657 2793 sedulo
1665 2762 1876 2802 expendantur
1892 2760 1974 2790 illius
1992 2760 2101 2795 νει-1ης
2122 2760 2166 2790 ait

1186 2808 1273 2839 enim
1290 2817 1297 2837 2
1319 2808 1356 2837 In
1371 2806 1483 2837 morali
1498 2807 1629 2836 materia
1643 2805 1726 2845 satis
1742 2801 1810 2845 esset
1820 2808 1833 2837 ,'
1851 2812 1884 2834 ut
1905 2812 2010 2835 verum
2032 2800 2167 2842 ostenda-

1186 2861 1236 2883 tur
1243 2851 1349 2890 pingui
1360 2848 1489 2887 quadam
1498 2849 1655 2880 Minerva
1663 2868 1672 2882 ,
1681 2846 1718 2879 Cb*
1726 2844 1903 2878 adumbrata
1905 2844 2092 2887 figuratione
2099 2854 2165 2880 ,at-

1185 2905 1238 2933 que
1248 2897 1285 2925 de
1294 2895 1335 2924 iis
1344 2913 1353 2927 ,
1364 2902 1419 2930 quae
1426 2892 1595 2931 plerumque
1602 2893 1745 2923 eveniunt
1755 2910 1764 2924 ,
1775 2891 1971 2923 ratiocinari,
1985 2887 2022 2920 Οἵ*
2030 2899 2070 2919 ex
2079 2890 2118 2919 iis
2118 2888 2164 2931 fi-

1186 2938 1278 2969 milia
1294 2938 1389 2967 etiam
1399 2934 1590 2967 concludere.
1613 2933 1739 2975 Qiibus
1758 2933 1860 2964 verbis
1871 2931 1994 2963 tantuin
2010 2934 2164 2965 intendit,

1185 2990 1220 3013 ut
1236 2982 1270 3012 in
1279 2978 1409 3010 materia
1424 2987 1547 3009 morum
1556 2986 1620 3009 non
1635 2975 1830 3016 requirantur
1839 2977 2037 3019 probationes
2059 2984 2109 3015 per
2118 2975 2162 3004 rei

1185 3023 1377 3056 evidentiam
1393 3041 1403 3055 ,
1425 3020 1475 3052 seu
1496 3019 1788 3052 demonstrationem
1804 3039 1815 3053 ,
1836 3020 1885 3050 led
1906 3018 1976 3049 satis
1997 3018 2033 3049 sit
2054 3025 2162 3048 verum

1185 3066 1342 3098 ostendere
1363 3073 1415 3104 per
1426 3063 1620 3105 conjecturas
1642 3062 1828 3102 probabiles,
1849 3062 2010 3103 arguendo
2031 3060 2125 3090 ctiam
2145 3059 2161 3089 a

1185 3109 1396 3141 communiter
1413 3106 1643 3139 accidentibus,
1664 3105 1698 3136 &
1714 3104 1731 3136 a
1747 3105 1896 3137 similibus
1907 3126 1915 3135 .
1936 3103 2035 3146 Qiod
2050 3104 2083 3133 &
2106 3111 2162 3133 nos

1185 3152 1336 3184 fatemur.
1357 3149 1476 3181 Verum
1496 3157 1601 3180 tamen
1620 3157 1742 3188 oportet
1763 3147 1930 3180 secundum
1949 3145 2161 3179 Aristotelem,

1186 3194 1277 3226 uthis
1286 3192 1493 3235 conjesturis,
1515 3192 1549 3222 &
1563 3191 1754 3231 argumentis
1761 3191 1968 3232 probabilibus
1988 3188 2163 3219 ostendatur

1184 3247 1312 3271 verum,
1333 3236 1417 3268 &sic
1426 3232 1626 3268 nonsufficit‚
1646 3235 1864 3266 utostendatur
1885 3231 2056 3275 probabile,
2076 3231 2161 3271 quod

1185 3279 1277 3322 longe
1297 3279 1407 3313 distat,
1426 3280 1459 3310 &
1480 3276 1788 3318 contradistinguitur
1807 3278 1824 3308 a
1847 3286 1920 3308 vero
1937 3295 1947 3308 ,
1968 3283 2002 3305 ut
2023 3273 2160 3314 pluribus

1185 3323 1388 3356 monstratum
1398 3321 1438 3352 est
1447 3318 1532 3361 supra
1539 3321 1571 3351 in
1582 3329 1607 3351 1.
1610 3318 1813 3363 fundamento
1822 3329 1900 3351 num.
1912 3321 1962 3349 60.
1974 3316 2083 3357 Qate
2094 3316 2115 3347 si
2124 3326 2159 3347 tu

1184 3366 1391 3408 probabilibus
1419 3364 1482 3394 tuis
1511 3364 1802 3396 ratiocinationibus
1823 3361 1956 3392 ostendis
1974 3361 2160 3401 opinionem

1183 3408 1388 3450 probabilem,
1410 3415 1474 3437 non
1483 3404 1631 3438 satisfacis
1642 3406 1756 3437 mentis
1765 3403 1936 3436 Aristotelis
1955 3404 2158 3444 requirentis,

1182 3461 1217 3483 ut
1226 3451 1364 3482 ostendas
1375 3458 1482 3480 verum
1493 3469 1503 3483 ,
1522 3450 1596 3491 quia
1606 3450 1676 3480 loco
1685 3449 1766 3482 veri,
1787 3448 1871 3488 qaod
1881 3446 1921 3478 est
1930 3445 2088 3487 objectum
2099 3446 2159 3475 vir-

1183 3503 1285 3526 tutum
1303 3491 1578 3526 intelleCRualium‚
1601 3493 1634 3524 &
1650 3490 1911 3563 estimmutabiclp,
1932 3498 2100 3521 aeternnm,
2124 3488 2157 3518 ὃς

1925 3543 1946 3572 4
2075 3541 2121 3560 m-

2191 441 2230 468 99

2191 2768 2249 2792 100
