2397 3664
321 88 391 140 70

251 156 413 195 opinionis
424 161 487 185 non
497 151 595 184 solum
611 156 797 183 eiciatur-cx
808 149 1000 183 rationibus,
1021 158 1051 180 ὸς
1071 157 1236 186 argumen-

252 197 293 229 tis
303 197 546 238 congruentibus
556 215 566 230 ‚
589 196 636 226 led
646 196 741 227 etiam
749 201 785 222 ex
798 191 927 231 simplici
943 190 1132 222 authoritate
1145 191 1236 222 unius

251 240 338 272 doe'ti
359 242 391 272 &
411 240 453 280 pii
476 237 644 270 Ductori&
661 245 694 269 ut
704 243 812 269 tenent
833 234 1014 276 Gregor.de
1032 234 1154 265 Valent.
1170 242 1195 265 i.
1207 243 1234 266 2.

248 282 360 323 a'i'spa.
371 293 417 321 qu.
427 292 435 313 i
445 293 470 312 2.
479 281 610 321 pum‘l.4.
619 289 666 316 qu.
676 289 705 316 4.
716 276 901 310 Emmanuel
912 276 949 308 sa
958 277 991 309 in
1001 279 1115 309 Summ.
1125 278 1158 307 in
1167 286 1234 309 ver.

249 325 383 362 Dubi'um
393 335 455 358 mi.
464 323 603 355 Sanchcz
613 324 645 353 in
655 320 763 354 Decat.
771 317 1032 363 tom-i.lib.1.·c.9.
1043 328 1104 357 n.7.
1116 319 1235 353 Filliuc.

251 379 353 402 roma.-
364 367 452 401 trust.
459 376 505 400 21-
514 376 570 404 c.4.
578 376 607 395 n.
614 373 626 395 1
634 373 680 402 34·
689 363 723 396 δι
730 362 784 395 alii
793 373 810 394 a
833 364 874 397 ud
884 361 1021 394 Dianam
1029 361 1116 404 resol.
1126 362 1234 394 marat.

271 423 348 451 «ινηι,
356 410 444 443 tract.
455 420 483 448 4.
492 406 632 448 Miscell-
643 405 731 446 refhl.
745 415 789 446 30.
802 373 902 480 (ἓιοά
911 414 1017 439 tamen
1029 405 1081 437 vix
1090 407 1235 439 dixerunt

248 420 406 487 bocbores
416 451 508 483 nostri
519 452 556 484 de
565 449 769 489 opinionibus
778 449 841 490 glor
854 459 942 480 arum
950 469 960 483 ,
973 458 1007 482 ut
1017 457 1106 480 notat
1119 447 1236 480 Decius

250 500 285 533 in
294 508 317 528 c.
326 507 334 528 i
343 518 350 526 .
361 491 578 534 ›1.94.fi⁴p.eoa'.
589 491 627 524 Et
634 492 779 533 quamvis
788 493 851 525 haec
861 491 973 532 opinio
984 493 1027 523 ira
1040 492 1235 532 generaliter,

249 542 284 573 δε
295 538 428 570 absolute
438 546 590 576 concepta
608 535 746 569 sustineri
757 544 821 568 non
832 534 936 576 ponit,
957 544 992 569 ut
1004 536 1145 566 dicemus
1156 533 1235 565 infra

250 585 284 614 in
293 593 321 620 4.
332 580 432 621 quaellv
443 588 548 612 tamen
567 580 697 620 quidam
706 578 829 614 Author
850 579 1016 611 modernus
1025 577 1109 609 viam
1124 587 1234 617 quam-

248 627 321 655 dam
335 622 498 657 adinvenit
510 632 579 654 eam
591 620 994 653 defendendiverisimiliter
1013 622 1163 661 quidem,
1187 618 1233 651 sed

248 677 313 703 non
325 665 395 699 vere
404 686 414 701 ‚
436 674 470 700 ut
481 666 587 706 loquar
597 675 671 696 cum
681 663 842 697 Aristotele
863 665 896 695 in
905 675 936 703 4.
946 661 1088 703 Metaph.
1100 674 1124 694 c.
1137 672 1163 701 3.
1172 660 1236 702 post

247 708 326 743 med.
338 709 377 741 sic
387 712 475 742 enim
486 707 692 742 ratiocinatur
709 719 716 738 :
737 706 900 740 Sententia
909 707 961 739 illa
982 706 1186 748 proculdubio
1195 705 1235 736 est

270 752 430 787 robabilis,
451 761 518 792 qux
529 761 585 797 pro
595 749 621 782 se
633 751 866 790 habetquatuor
874 749 981 781 saltem
998 748 1154 781 Doctores
1166 758 1235 788 pro-

247 763 322 831 bos,
343 794 497 832 &doctos
518 805 526 828 z
548 793 608 827 Sed
617 794 679 825 haec
696 792 847 825 sententia
856 802 924 833 quae
940 793 1031 824 docet
1047 791 1235 833 opinionem

245 840 334 875 reddi
343 838 532 879 probabilem
542 847 579 870 ex
587 837 776 870 authoritate
788 837 880 868 unius
891 835 1041 867 Doctoris
1050 855 1060 869 ‚
1079 835 1116 865 ba
1122 836 1171 866 bet
1182 844 1235 874 pro

247 881 277 917 se
292 891 426 922 quatuor
449 880 554 913 saltem
565 880 710 913 authores
731 877 859 913 destos,
880 880 913 911 ὃ(
936 878 1048 919 probos
1058 898 1069 912 ‚
1092 877 1235 909 videlicet

244 933 324 966 quos
335 923 420 965 supra
429 921 568 967 proxime
579 923 757 954 retulimus:
768 920 851 962 Ergo
861 922 1025 962 probabilis
1035 921 1077 952 est
1089 942 1097 950 .
1107 919 1235 961 Quam-

244 969 353 1004 obrem
374 967 396 1002 si
419 968 587 1006 unicuique
611 967 682 999 licet
701 964 785 1005 sequi
804 974 1034 1004 quamcumque
1051 966 1235 1004 opinionem

245 1010 437 1055 probabilem
446 1030 455 1044 ,
478 1010 511 1040 &
534 1008 731 1052 probabilitas
746 1009 846 1038 oritur
869 1007 965 1038 etiam
986 1016 1023 1037 ex
1044 1006 1234 1038 authoritate

245 1055 339 1086 unius
361 1052 529 1087 Docitoris3
549 1050 612 1092 jam
631 1051 703 1081 licet
722 1049 806 1091 sequi
821 1051 988 1090 opiniones
1009 1048 1070 1081 fere
1092 1059 1203 1080 omnes
1225 1068 1236 1083 ‚

245 1099 343 1130 etiam
357 1104 518 1128 erroneas,
541 1104 576 1127 ac
589 1095 769 1126 temerarias
778 1113 789 1127 ‚
811 1093 885 1126 cum
909 1092 1000 1127 hodie
1012 1095 1046 1124 in
1068 1093 1236 1123 moralibus

245 1140 366 1174 nullum
376 1137 459 1178 quasi
469 1136 505 1168 sir
517 1138 647 1177 paradox
653 1145 706 1167 um
714 1155 724 1170 ,
739 1137 825 1175 quod
835 1145 899 1167 non
908 1136 1026 1167 nitatur
1042 1135 1233 1168 authoritate

243 1181 375 1221 alicujus
387 1179 536 1212 Doctoris
547 1190 555 1215 ·‚
565 1188 617 1211 aut
627 1177 708 1212 certe
720 1179 827 1219 negari
836 1188 901 1211 non
909 1178 1005 1219 potest
1014 1199 1025 1213 ‚
1041 1181 1119 1219 quin
1130 1188 1234 1209 erran-

240 1226 277 1259 di
285 1223 407 1256 occasio
422 1225 495 1255 hinc
505 1223 673 1263 przebeatur
682 1222 786 1252 minus
796 1221 896 1253 doctis
906 1241 916 1256 ‚
924 1223 980 1262 qui
991 1224 1154 1253 veritatem
1166 1231 1235 1261 pro-

244 1268 374 1300 fundius
384 1266 576 1300 {crutarinec
588 1263 702 1299 solent,
720 1273 777 1298 nec
789 1264 888 1295 sciunt
899 1286 906 1294 .
924 1263 1000 1295 Non
1010 1266 1096 1295 enirn
1106 1263 1215 1295 desunt
1225 1283 1235 1297 ‚

244 1320 280 1343 ut
289 1309 362 1352 laepe
371 1311 549 1346 audivimus
558 1327 569 1343 ‚
585 1309 641 1350 qui
651 1309 758 1339 dicant
775 1318 783 1338 ι
801 1306 920 1339 Sufficit
930 1307 1010 1338 milii
1019 1327 1029 1340 ‚
1052 1317 1086 1341 ur
1096 1317 1151 1348 pro
1161 1316 1234 1337 mea„=

243 1353 443 1391 conscientia:
451 1354 555 1392 quiete
566 1351 606 1384 sic
626 1352 739 1387 doceat
746 1350 816 1385 talis
826 1371 836 1385 ‚
859 1351 905 1382 vel
916 1350 987 1382 talis
1003 1349 1029 1381 T
1037 1351 1185 1390 heoiogus
1194 1359 1235 1380 ex

244 1398 412 1433 neotericis
422 1416 432 1430 2
441 1397 554 1437 quibus
563 1396 661 1435 magis
671 1393 873 1426 deferendum
884 1393 940 1424 esse
950 1413 960 1427 ‚
972 1403 1065 1436 quam
1076 1394 1215 1432 antiquis
1225 1412 1235 1426 ‚

241 1449 379 1481 quorum
398 1438 565 1480 opiniones
587 1437 708 1479 poisunt
732 1437 789 1469 effe
812 1437 982 1477 antiquatae
1003 1456 1013 1471 ,
1042 1436 1235 1467 confidenter

241 1483 375 1518 affirmat
389 1482 415 1513 1*
424 1482 530 1513 homas
540 1480 651 1512 Sanch.
661 1481 694 1511 in
706 1479 814 1516 Decal.
824 1489 895 1512 tom.
903 1489 928 1510 1.
939 1478 970 1510 d.
979 1489 1035 1515 c.9.
1047 1489 1094 1510 n.1
1106 1489 1131 1509 ι.
1143 1477 1236 1522 Qia-

239 1537 273 1559 re
283 1526 345 1562 haec,
355 1524 498 1558 dostrina
505 1524 762 1566 probabilitatum
772 1524 894 1554 videtur
903 1521 1008 1554 fovere
1022 1523 1116 1553 veluti
1126 1532 1235 1562 quarn-

241 1570 495 1603 damlibettateni
514 1567 730 1602 conscientiae3
751 1576 787 1597 ac
797 1564 927 1606 proinde
946 1564 1134 1606 magnopere
1151 1567 1234 1595 indi-

264 1623 313 1645 ere
323 1614 448 1644 dextera
459 1610 520 1643 Dei
528 1630 538 1644 ,
563 1611 597 1642 &
609 1608 777 1641 BeatisIimi
795 1608 936 1642 Rotnani
946 1607 1109 1640 l'ontificis
1132 1610 1236 1648 provi-

254 1666 344 1690 ione,
362 1665 400 1690 ne
411 1663 565 1685 venenum
576 1654 638 1692 jam
655 1654 721 1692 plus
732 1652 834 1683 nimio
854 1653 1020 1683 dilatatum
1031 1651 1159 1683 ulterius
1178 1649 1234 1681 ser-

242 1709 293 1741 pat
303 1721 310 1728 .
334 1698 460 1732 Etenim
482 1696 503 1728 si
512 1698 639 1736 optim-„e
662 1695 730 1727 sunt
741 1695 822 1735 leges
831 1715 841 1729 ,
861 1705 929 1735 quae
949 1704 1042 1735 quim
1055 1692 1233 1734 paucissima

242 1742 354 1787 judicis
375 1740 506 1773 arbitrio
526 1739 717 1778 reliquerunt
733 1757 743 1770 ,
773 1737 940 1768 secundum
962 1736 1184 1777 Philosophum
1209 1746 1233 1767 1.

240 1783 362 1818 Rhetor.
377 1783 466 1819 fateri
477 1790 598 1823 oportet
611 1779 769 1821 pessimam
785 1780 842 1811 else
854 1779 932 1810 hanc
949 1779 1146 1813 doctrinam.
1166 1789 1235 1820 quse

241 1828 305 1860 fere
315 1826 424 1859 omnia
440 1826 588 1865 relinquit
599 1825 696 1856 libero
717 1822 862 1866 cujulque
880 1823 1059 1854 arbitratui.
1083 1821 1169 1854 Nam
1180 1823 1234 1863 qui

240 1872 339 1913 legem
348 1870 501 1910 imperare
512 1868 614 1908 jubet,
635 1869 661 1898 is
671 1867 790 1907 legem,
812 1868 846 1900 ὃς
857 1865 960 1896 Deum
972 1865 1234 1906 iiiiperarejubet:

240 1918 381 1955 quivero
392 1913 552 1943 hominem
563 1929 572 1945 a
595 1910 726 1940 belluam
743 1910 904 1949 adjungit,
927 1918 959 1941 ut
983 1910 1068 1941 idem
1080 1910 1188 1941 docuit
1208 1917 1233 1948 3·

156 1967 214 2004 33²
237 1958 396 1996 l'oliticor.
408 1953 576 1990 Praesertim
585 1953 660 1984 vero
668 1953 742 1991 quia
753 1953 836 1983 idem
848 1951 970 1984 Author
986 1951 1159 1982 Modernus
1170 1961 1234 1982 non

239 2002 362 2036 erubuit
373 1997 424 2030 sua
434 1996 559 2037 epistola
567 1994 761 2029 diffeminare
771 1994 850 2026 hanc
862 1994 1106 2035 propolitionem
1115 2014 1125 2028 ‚
1149 1995 1235 2025 vide-

242 2045 333 2079 licet,
355 2041 532 2082 opiniones
543 2039 712 2080 probabiles
722 2036 862 2071 efficere,
884 2047 918 2070 ut
936 2039 1020 2077 quod
1029 2038 1107 2068 olim
1126 2047 1235 2077 pecca-

240 2096 310 2120 tum
320 2094 402 2120 erat,
425 2082 520 2114 modo
529 2082 662 2123 amplius
672 2091 736 2114 non
747 2080 784 2112 lit
793 2102 801 2110 .
824 2079 923 2121 Qiod
935 2086 954 2111 li
967 2091 1074 2112 verum
1088 2079 1128 2113 est
1140 2100 1149 2114 s
1173 2080 1235 2120 jam

242 2131 409 2175 opiniones
421 2126 589 2167 probabiles
598 2123 667 2159 sunt
688 2123 776 2164 supra
786 2123 885 2164 legem
896 2123 977 2167 Dei,
997 2126 1030 2155 ὅι
1045 2132 1180 2159 natutae3
1201 2124 1235 2154 &

159 2183 216 2217 333
238 2182 343 2208 tamen
354 2171 393 2202 i).
405 2169 545 2201 Thomas
563 2164 693 2207 quodlib.
704 2170 733 2199 8.
741 2174 804 2200 art.
819 2175 864 2207 13·
876 2169 914 2198 (9⁹
932 2165 1062 2204 quodlib.
1075 2175 1100 2204 3.
1111 2174 1172 2197 art.
1188 2175 1234 2197 10.

167 2529 226 2567 334

188 3389 243 3423 335

245 2217 346 2259 palam
355 2214 462 2247 docuit
479 2213 646 2253 opiniones
655 2210 872 2251 magistrorum
888 2208 1022 2240 minime
1041 2208 1181 2242 efficere,
1202 2217 1236 2238 ut

242 2261 313 2301 quis
323 2257 482 2289 excusetur
491 2266 508 2286 a
517 2263 646 2295 peccato
656 2272 667 2288 2
687 2253 709 2284 si
720 2262 791 2294 agat
811 2262 922 2286 contra
932 2252 1034 2293 legem
1055 2250 1118 2283 Dei
1128 2271 1137 2285 ‚
1159 2252 1236 2282 licut

244 2305 344 2334 etiam
352 2299 514 2341 tetigimus
525 2304 609 2338 lupra
617 2306 698 2328 num.
712 2305 779 2336 3¹9·
789 2295 875 2329 Nam
886 2315 895 2329 ‚
916 2305 949 2327 ut
960 2297 1075 2326 dicitur
1089 2293 1235 2327 Matthaei

250 2356 261 2377 i
271 2355 296 2384 5.
306 2347 331 2377 S
332 2348 343 2376 ι’
351 2354 437 2376 caecus
444 2341 583 2374 ducatum
593 2350 660 2372 caeco
673 2336 789 2379 praestet
797 2359 807 2373 ‚
831 2336 916 2373 ambo
926 2341 959 2369 in
968 2336 1098 2382 foveam
1106 2335 1217 2369 cadunt
1228 2358 1235 2365 .

246 2390 306 2421 Sed
313 2388 503 2428 quicumque
512 2393 592 2421 errat
602 2403 612 2419 2
633 2393 731 2414 caecus
740 2383 822 2415 estin
831 2383 986 2423 quantum
995 2390 1075 2413 errat
1085 2401 1093 2414 ‚
1114 2391 1138 2412 c.
1151 2382 1237 2411 Hinc

246 2441 356 2465 etenim
365 2440 416 2469 49.
427 2426 496 2468 aist.
508 2428 590 2468 izrgo
597 2428 787 2467 quicumque
798 2426 933 2466 sequitur
940 2426 1124 2466 opinionem
1132 2433 1237 2469 errari-

248 2476 289 2508 ris
298 2473 434 2514 magistri
443 2492 452 2505 ‚
474 2471 507 2502 in
519 2469 642 2503 foveam
651 2471 770 2510 peccati
779 2469 863 2502 cadit
874 2489 882 2496 .
904 2469 953 2502 Ad
965 2470 1049 2499 'idem
1063 2478 1087 2499 c.
1098 2469 1179 2498 Cum
1192 2469 1238 2508 stt

246 2529 297 2550 ars
306 2514 401 2559 iafin.
413 2514 449 2546 de
458 2522 535 2545 «τιατ.
545 2511 582 2545 (9⁶
591 2512 701 2550 qualit.
713 2511 916 2552 Qapropter
927 2521 992 2542 non
1003 2509 1163 2541 immerito
1174 2510 1238 2542 An-

251 2562 356 2594 tonius
368 2559 518 2591 Merenda
529 2555 619 2595 insuo
628 2554 761 2592 rrafbatu
772 2559 807 2585 ae
817 2553 870 2585 hac
879 2556 1010 2586 materia
1018 2564 1055 2584 no
1062 2551 1174 2594 vi'ffime
1182 2554 1239 2582 im-

253 2601 342 2647 presso
351 2605 383 2634 in
400 2598 581 2642 Praefatcone
591 2607 657 2638 pag.
669 2607 697 2634 7.
709 2609 756 2628 nu.
771 2607 816 2637 14.
826 2599 968 2628 rotundis
979 2598 1079 2628 verbis
1089 2594 1218 2626 affirmat
1230 2615 1239 2629 ‚

255 2647 341 2680 usum
353 2645 601 2686 probabilitatum
611 2642 665 2672 elle
677 2649 891 2673 commentum
903 2640 1029 2671 Diaboli
1041 2641 1079 2670 ad
1090 2649 1240 2683 enervans

255 2693 327 2722 dam
339 2693 401 2719 vim
414 2694 634 2730 praeceptorum
645 2705 651 2712 .
662 2684 710 2715 Ad
718 2685 803 2724 quod
812 2685 880 2715 vide
891 2682 1058 2723 Epillolain
1067 2681 1241 2721 Archiepil-

258 2734 328 2772 copi
339 2732 550 2766 Meclinienlis
560 2726 689 2760 inferius
700 2726 830 2757 relatam
838 2737 858 2757 n
873 2734 1067 2766 337.necnon
1076 2724 1243 2764 Epistolam

260 2775 362 2807 fratris
373 2775 394 2802 'is
403 2772 532 2805 incentii
552 2769 677 2802 hatonii
689 2769 880 2803 Diffinitoi·is
891 2768 1009 2799 Tolosa:
1018 2768 1149 2801 Ordinis
1165 2766 1242 2798 Prae-

258 2819 435 2853 d'icatoruin
455 2815 627 2856 impreilam
658 2813 752 2845 initio
775 2811 940 2844 Tiar-ratus
964 2813 1000 2842 de
1030 2812 1243 2851 probabilitate

259 2861 448 2901 opinionum
457 2858 555 2892 fratris
574 2864 643 2898 julii
657 2856 794 2891 Mereor'i
812 2855 948 2895 ejusdem
956 2854 1089 2886 Ordinis
1100 2874 1110 2888 ‚
1132 2857 1165 2884 in
1181 2863 1244 2894 qua

262 2903 392 2938 refertur
402 2904 451 2932 b>-
465 2901 503 2931 i).
515 2901 555 2934 Ν.
567 2901 732 2934 Alexandri
755 2908 940 2940 praeceptum
951 2918 960 2932 ,
983 2898 1032 2929 seu
1041 2897 1204 2928 consilium
1212 2898 1246 2929 in

261 2944 409 2979 Gener-ali
429 2942 576 2984 Capitulo
595 2947 777 2984 evulgatum
786 2962 796 2976 ,
818 2952 853 2973 ac
875 2941 1047 2981 Theologis
1070 2939 1244 2985 Thomillis

263 2996 417 3032 quotquot
428 2991 494 3019 lunt
504 2989 536 3016 in
553 2987 634 3017 Orbe
643 2986 826 3018 Christiano
835 2995 851 3016 a
868 2983 1098 3015 Diffin'itoribus
1108 2985 1244 3015 deteren-

264 3036 359 3070 dum,
382 3031 527 3061 videlicet
539 3029 677 3061 :Taedere
686 3028 896 3061 beatissimum
906 3026 1028 3058 Patrem
1038 3036 1084 3058 tot
1094 3035 1247 3057 novarum

265 3076 454 3121 opinionum
473 3074 530 3103 hoc
543 3071 648 3102 saeculo
664 3083 696 3104 in
708 3072 915 3112 Theologiam
939 3072 1088 3102 moralem
1103 3069 1247 3102 indueti-

267 3129 337 3155 rum
346 3138 355 3153 ‚
365 3119 476 3159 quibus
485 3115 646 3154 disciplina
657 3115 841 3157 buangelica
852 3114 1013 3147 resolvitur
1021 3133 1031 3148 ‚
1040 3123 1075 3145 ac
1086 3112 1247 3147 conicien-

267 3163 404 3197 tiiscuiu
412 3162 498 3201 gravi
509 3167 685 3189 animarum
706 3159 1004 3198 periculoilluditur,
1025 3158 1057 3188 ὃ(
1070 3158 1098 3188 Ie
1113 3154 1248 3187 maxime

268 3207 346 3238 velle
357 3216 371 3235 a
382 3202 554 3242 Theologis
564 3200 684 3233 nostris,
693 3202 724 3231 in
734 3202 871 3232 Eccleiiae
882 3201 940 3233 hoc
952 3201 1061 3231 morbo
1071 3201 1198 3231 occulto
1207 3199 1249 3229 la—

271 3250 409 3281 borantis
419 3247 682 3283 remediuiii,opus
692 3244 788 3283 parari
799 3254 833 3274 ex
846 3247 987 3275 leveriori
998 3255 1028 3275 α.
1040 3253 1106 3274 tuta
1116 3241 1250 3273 banctis-

274 3292 342 3324 simi
355 3290 551 3330 Praeceptoris
567 3288 708 3318 doctrina
720 3305 729 3319 ‚
744 3296 805 3325 quo
816 3288 875 3318 haec
888 3297 1009 3319 morum
1019 3290 1051 3319 ὄι
1061 3288 1251 3326 opinionum

273 3334 398 3366 licentia
408 3353 417 3367 ,
426 3342 492 3372 qua:
504 3334 535 3362 in
544 3333 608 3361 dies
618 3332 763 3371 gradatur
773 3348 782 3362 ‚
795 3336 876 3369 quali
887 3341 986 3365 canter
995 3331 1027 3362 io
1036 3333 1231 3361 cohiberetur
1241 3349 1249 3358 .

310 3375 591 3416 Quidragelimum
608 3373 845 3405 fundamentum
861 3375 1026 3404 dclum‘itur
1046 3383 1081 3403 ex
1104 3373 1251 3405 duodeci—

275 3431 328 3453 mo
338 3422 465 3450 abiuido
482 3420 517 3448 de
528 3419 700 3449 innumeris
711 3414 772 3446 fere
792 3417 992 3454 opinionibus
1004 3417 1081 3447 saliis
1090 3436 1099 3449 ,
1122 3425 1249 3446 temera-

274 3464 328 3497 riis
339 3482 349 3499 ,
369 3465 402 3495 oc
414 3460 592 3494 scandalolis
603 3480 612 3495 ‚
633 3469 699 3503 qux
709 3468 742 3490 ex
755 3459 892 3491 libertate
902 3461 1032 3500 eligendi
1043 3464 1250 3503 quaicumquc

591 67 771 142 Prosp·
789 64 1024 140 Fiigniin.¹
1041 65 1099 121 in
1120 62 1364 121 Primum
1381 61 1611 119 Librum
1636 57 1916 118 Decretal.
2185 104 2190 118 .

1276 147 1367 188 opini
1377 155 1443 175 >nes
1462 145 1653 184 probabiles,
1673 153 1823 184 tanquam
1841 152 1970 184 exequi)
1984 142 2128 185 Trojano
2148 147 2182 177 in
2198 148 2265 179 dies

1278 191 1443 232 prodeunt.
1451 189 1486 222 &
1494 187 1588 228 quim
1599 188 1737 227 plurima:
1747 186 1840 228 pallio
1849 185 2076 227 probabilitatis
2085 188 2173 223 testoe
2183 209 2193 225 ,
2202 199 2264 222 tra-

1277 237 1391 263 duntur
1400 229 1417 263 a
1424 230 1632 269 scriptoribus
1642 229 1735 262 nostri
1743 230 1894 270 temporis
1902 248 1913 263 ‚
1927 238 1996 270 quae
2004 239 2111 263 revera
2120 242 2184 264 non
2196 233 2265 266 sunt

1278 275 1443 307 tolerandae
1453 295 1461 304 .
1483 272 1529 306 Ex
1545 273 1740 315 quibuslibet
1758 270 1870 306 referre
1881 270 2091 313 infrascriptas
2100 293 2110 308 ‚
2131 284 2165 307 ut
2176 276 2262 308 exiis

1279 316 1365 357 pollit
1375 315 1581 358 unusquisque
1603 315 1775 358 intelligere
1783 335 1793 350 ‚
1814 313 1973 358 quousque
1996 316 2139 356 progresii
2147 317 2263 351 fuerint

1278 363 1309 392 in
1322 360 1432 391 morali
1441 360 1572 392 materia
1582 358 1725 392 hodierni
1734 357 1925 391 consultores
1934 359 2114 391 animarum
2125 380 2134 389 .

1319 401 1368 433 Ut
1379 403 1461 443 leges
1479 403 1575 435 etiam
1586 400 1758 436 Pontificiae
1776 402 1916 443 obligent
1926 421 1936 436 ,
1958 403 2127 442 requiritur
2135 402 2265 434 consen-

1277 445 1335 480 sus,
1344 447 1377 477 &
1388 444 1564 485 acceptatio
1574 443 1693 485 Populi,
1703 445 1758 485 qui
1767 444 1924 485 propterea
1933 454 1997 477 non
2008 454 2116 485 peccat
2125 465 2134 480 ‚
2143 446 2263 479 etiamsi

1276 488 1385 530 absque
1403 487 1465 519 ulla
1473 485 1563 520 causa
1573 497 1638 519 non
1647 487 1778 528 recipiat
1788 486 1911 528 legem’a
1919 486 2063 529 Principe
2086 489 2264 529 promulga-

1276 541 1354 566 tam,
1361 528 1696 572 Azor.instit.mor.par.
1704 540 1728 561 1.
1737 527 1789 562 lib.
1795 538 1821 567 ς.
1830 539 1887 570 c.4.
1897 539 1943 567 qu.
1951 540 1976 562 t.
1988 531 2168 562 Villalob.in
2178 534 2262 563 Sum.

1276 584 1349 606 tom.
1364 584 1388 605 1.
1397 573 1487 606 trust.
1499 570 1601 606 2.dub.
1615 577 1662 606 16.
1673 584 1722 605 nu.
1734 577 1763 604 6.
1773 574 1806 604 &
1817 573 1956 613 aliiquos
1966 574 2101 615 sequitur
2108 574 2262 607 Antonin.

1277 617 1381 649 Diana
1390 614 1595 658 resbl.moral.
1605 614 1658 648 lib.
1673 616 1796 648 ntra&-
1812 624 1858 647 10.
1868 614 1987 654 resola-

1319 660 1418 694 l'otest
1432 659 1600 701 Episcopus
1610 660 1674 700 jure
1695 660 1857 691 ordinario
1865 658 1914 691 dis
1913 659 2036 698 pensare
2046 669 2154 694 contra
2166 661 2264 701 legem

1276 702 1598 743 Conciliigeneralis,
1621 703 1667 734 vel
1679 701 1800 735 Summi
1811 700 1991 736 pontificis,
2008 705 2131 743 quoties
2143 704 2191 734 dis
2189 715 2263 744 pen—

1277 747 1361 778 sandi
1372 746 1503 780 facultas
1512 746 1556 778 illi
1568 755 1632 778 non
1641 745 1806 779 adimitur,
1826 743 1947 776 etiamsi
1956 744 2056 778 facilis
2066 746 2102 777 sit
2112 747 2216 779 aditus
2225 750 2262 780 ad

1277 789 1406 831 Papam,
1429 788 1514 820 Basil.
1526 787 1615 823 Pont.
1625 787 1663 820 de
1671 790 1808 820 matrim.
1817 783 1870 820 lib.
1879 790 1908 819 6.
1916 794 1981 829 cap.
1991 789 2020 820 8.
2030 799 2079 821 nu.
2093 798 2104 821 1
2116 799 2141 821 1.
2152 790 2263 832 allegat

1276 833 1386 865 Sotum
1397 834 1430 864 in
1443 843 1472 872 4.
1483 830 1554 872 dist.
1567 841 1614 873 32.
1624 841 1670 870 qu.
1681 834 1758 863 unic.
1766 839 1827 862 art.
1838 830 1894 863 ule.

1318 875 1388 918 Qii
1409 876 1543 916 perdidit
1563 875 1700 916 aliquam
1720 874 1937 906 authenticam
1958 872 2139 915 scripturam
2147 895 2158 909 ,
2179 875 2264 908 licite

1277 920 1371 961 potest
1381 920 1475 951 aliam
1493 917 1623 949 similem
1632 917 1736 952 falsam
1751 917 1951 959 confingere,
1974 916 2159 950 Emmanuel
2177 917 2214 949 sa
2231 921 2264 951 in

1275 965 1359 994 Sum.
1370 971 1436 993 ver.
1447 963 1475 993 F
1475 960 1607 1002 ulfarius
1616 982 1624 991 .

1318 1005 1390 1045 Qii
1413 1004 1489 1036 facit
1510 1002 1746 1037 Confessionem
1767 1003 1941 1035 voluntarie
1956 1004 2074 1037 nullam
2083 1024 2093 1039 ,
2116 1002 2265 1037 satisfacit

1277 1058 1429 1089 praecepto
1439 1047 1577 1082 Ecclesiae
1600 1058 1606 1078 ε
1629 1046 1819 1081 Probabilem
1829 1048 1907 1080 dicit
1915 1046 2080 1089 Fagundez
2089 1045 2176 1088 resol.
2188 1057 2262 1079 mor.

1272 1100 1407 1132 praecept.
1422 1103 1448 1122 2.
1457 1088 1509 1122 lib.
1526 1100 1550 1121 1.
1560 1102 1584 1124 c.
1596 1101 1625 1131 4.
1636 1101 1716 1122 num.
1727 1101 1756 1130 4.
1766 1087 1860 1131 infin.

1320 1134 1480 1167 Famulus,
1496 1136 1551 1174 qui
1563 1132 1710 1166 submiffis
1730 1133 1866 1164 humeris
1878 1133 2008 1166 scienter
2016 1132 2143 1175 adjuvat
2155 1133 2264 1165 herum

1277 1176 1363 1209 suum
1372 1177 1589 1209 ascendentem
1602 1186 1653 1217 per
1661 1175 1823 1210 fenestram
1833 1177 1871 1208 ad
1884 1176 2078 1217 lluprandam
2088 1178 2244 1217 virginem
2255 1197 2264 1210 5

1275 1222 1479 1253 &multoties
1488 1220 1591 1251 eidem
1601 1219 1729 1251 inservit
1739 1240 1749 1254 ‚
1770 1218 1937 1252 deferendo
1946 1218 2057 1252 scalam
2066 1240 2076 1254 ‚
2098 1222 2267 1261 aperiendo

1276 1263 1401 1306 januam
1409 1284 1419 1300 2
1440 1273 1492 1296 aut
1500 1263 1576 1304 quid
1586 1263 1682 1296 simile
1691 1264 1891 1304 cooperando
1899 1282 1910 1297 2
1933 1273 1997 1294 non
2009 1272 2115 1304 peccat
2125 1263 2267 1295 mortali-

1276 1316 1322 1340 ter
1332 1327 1341 1342 ,
1351 1305 1450 1340 Castr.
1460 1305 1554 1337 Palao
1562 1326 1572 1340 ‚
1591 1306 1715 1339 Merula
1724 1326 1734 1341 ‚
1751 1306 1883 1338 Hurtad.
1895 1307 1928 1340 &
1937 1305 2157 1347 Alphonsusde
2168 1305 2264 1337 Leon.

1275 1352 1355 1390 apud
1367 1349 1504 1381 Dianam
1510 1357 1577 1388 par.
1588 1357 1614 1387 5.
1623 1350 1711 1383 τναὲἶ.
1722 1358 1752 1387 7.
1763 1349 1849 1390 resol.
1863 1358 1908 1389 23.
1918 1349 2074 1390 &Julium
2084 1349 2267 1381 Mereoruin

1274 1395 1313 1426 de
1323 1393 1544 1427 probabilitate
1552 1391 1741 1432 opinionum
1747 1401 1815 1432 par.
1827 1402 1853 1433 3.
1863 1401 1923 1424 art.
1935 1403 1963 1429 9.
1973 1393 2053 1433 vers
2064 1392 2222 1424 Famulus.

1318 1435 1426 1468 Titius
1443 1434 1706 1476 deciesingressus
1723 1435 1763 1467 est
1781 1438 1912 1468 domum
1933 1435 2090 1476 cujusdam
2107 1434 2266 1471 mulieris,

1275 1480 1442 1520 quinquies
1453 1478 1595 1519 peccavit
1606 1498 1614 1512 ‚
1634 1480 1842 1520 &quinquies
1853 1489 1917 1510 non
1928 1479 2085 1521 peccavit.
2107 1478 2139 1510 Si
2150 1481 2267 1510 iterum

1276 1524 1469 1563 ingrediatur
1477 1542 1487 1556 ‚
1508 1523 1655 1562 quamvis
1664 1522 1860 1562 probabiliter
1879 1524 1991 1555 timeat
2002 1522 2029 1554 se
2046 1531 2246 1563 peccaturum
2257 1540 2267 1554 2

1275 1576 1340 1596 non
1363 1574 1471 1606 peccat
1485 1584 1496 1599 ,
1517 1564 1539 1595 fi
1561 1567 1657 1598 etiam
1679 1565 1775 1605 speret
1797 1565 1824 1595 se
1846 1575 1911 1596 non
1934 1574 2134 1605 peccaturum
2155 1584 2165 1599 ‚
2192 1566 2267 1605 quia

1277 1618 1371 1643 nemo
1392 1617 1515 1641 tenetur
1537 1607 1636 1639 vitare
1659 1609 1830 1648 periculum
1850 1608 2006 1650 probabile
2028 1608 2198 1649 peccandi,
2218 1606 2268 1640 sed

1277 1651 1374 1684 solum
1397 1651 1568 1694 periculum
1589 1652 1765 1692 proximum
1774 1671 1784 1686 ‚
1803 1652 1889 1692 quod
1912 1661 1988 1684 tunc
2009 1651 2081 1683 effer
2101 1671 2112 1686 ,
2139 1651 2267 1692 quando

1276 1694 1384 1727 Titius
1402 1694 1505 1725 decies
1515 1693 1677 1726 acceffiffet
1693 1697 1731 1728 ad
1741 1695 1825 1726 illam
1834 1696 1983 1728 domum,
2005 1693 2146 1729 &ediles
2159 1703 2267 1734 pecca-

1277 1738 1363 1769 vitiet
1374 1759 1381 1766 .
1406 1738 1451 1768 lta
1460 1736 1624 1772 Catamuel
1636 1739 1669 1770 in
1680 1736 1788 1769 Theol.
1801 1740 1905 1776 Regul.
1915 1736 1992 1779 άιῃ).
2003 1746 2053 1774 7ο.
2062 1739 2143 1778 apud
2151 1737 2268 1778 Julium

1277 1781 1461 1812 Mereor-um
1471 1785 1621 1820 ὠμῆς.
1631 1791 1692 1814 art.
1706 1792 1754 1821 24.
1765 1783 1845 1821 vers.
1853 1784 2007 1813 Secundus
2016 1780 2099 1821 castis
2109 1802 2117 1809 .

1319 1822 1461 1856 Clericus
1471 1843 1481 1858 ,
1503 1823 1522 1854 si
1546 1833 1591 1854 res
1601 1823 1631 1854 ei
1653 1823 1798 1864 subrepta:
1817 1826 1970 1855 excedant
1992 1827 2131 1856 valorem
2151 1824 2248 1854 trium
2258 1843 2268 1857 ,

1275 1876 1410 1907 quatuor
1419 1886 1430 1901 ,
1448 1876 1501 1899 aut
1510 1869 1648 1906 quinque
1659 1868 1844 1898 ducatorum
1853 1888 1862 1902 ‚
1884 1868 1979 1908 potest
1990 1867 2053 1898 fine
2063 1875 2194 1907 peccato
2203 1886 2212 1900 ‚
2233 1868 2269 1898 &

1277 1909 1401 1941 incursu
1411 1908 1659 1950 irregularitatis,
1669 1912 1811 1945 occidere
1823 1910 1923 1944 furem
1932 1920 2003 1941 cuin
2012 1908 2107 1942 dietis
2117 1909 2207 1940 rebus
2217 1907 2265 1940 su-

1275 1955 1415 1995 gientem
1425 1972 1435 1986 ‚
1457 1953 1613 1995 catapulta
1624 1955 1657 1984 in
1675 1964 1747 1986 eum
1758 1952 1879 1996 explosa
1889 1973 1899 1987 ‚
1921 1953 2064 1984 Valerius
2076 1951 2271 1992 Reginaldus

1276 1998 1309 2027 in
1318 1997 1413 2036 praxi
1422 1994 1491 2038 fori
1498 1997 1720 2035 poenitentialis
1733 2006 1804 2029 tom.
1817 2008 1844 2031 2·
1855 1994 1908 2029 lib.
1919 2007 1946 2027 2.
1957 1993 1995 2028 ἔθ’
2003 1997 2099 2026 totius
2106 2003 2205 2035 operi-s
2214 1992 2268 2028 tib.

1279 2048 1325 2070 21.
1336 2049 1359 2069 c.
1372 2046 1398 2077 5.
1408 2050 1438 2069 n.
1447 2042 1498 2078 64.
1509 2037 1547 2070 (ῥ’
1561 2038 1645 2080 seqq.
1658 2037 1843 2080 &praecipub
1852 2051 1900 2071 nu.
1911 2042 1961 2071 68.
1974 2039 2038 2080 post
2050 2039 2166 2070 Molin.
2175 2047 2270 2080 quem

1275 2085 1352 2114 citat
1363 2102 1373 2116 ,
1394 2080 1432 2112 de
1441 2079 1506 2122 just.
1519 2086 1556 2113 (9⁹
1572 2081 1727 2118 jamrafl.
1745 2095 1770 2113 2.
1782 2083 1858 2124 disp.
1871 2087 1917 2114 16.

1321 2124 1490 2165 Regulares
1512 2127 1545 2154 in
1567 2125 1637 2156 foro
1657 2126 1855 2158 conscientiae
1877 2126 1998 2167 possunt
2020 2127 2067 2156 uti
2096 2124 2268 2166 privilegiis

1277 2168 1336 2199 suis
1346 2188 1354 2201 ,
1373 2177 1440 2207 quae
1449 2168 1518 2197 sunt
1527 2167 1664 2207 expresse
1675 2178 1820 2200 revocata
1831 2179 1882 2208 pet
1894 2167 2023 2199 Concil.
2035 2167 2124 2200 Trid.
2136 2168 2268 2208 Henriq.

1277 2213 1310 2243 in
1319 2213 1402 2241 Sum.
1412 2207 1449 2240 de
1457 2211 1561 2248 poem't.
1571 2212 1709 2241 Sacram.
1719 2221 1743 2241 c.
1753 2214 1782 2241 6.
1795 2222 1825 2241 n.
1836 2215 1865 2240 6.
1878 2209 2059 2251 Rodriquez
2069 2212 2102 2241 in
2113 2209 2207 2250 (μειβ.
2219 2221 2267 2242 re—

1274 2254 1376 2294 gular.
1387 2262 1461 2284 tom.
1470 2255 1649 2289 t.q.8.art.9.
1660 2252 1809 2286 Sanch.in
1820 2250 2267 2293 Decal.tom.2.lib.5.c.4.n.18.

1321 2296 1440 2327 Praelati
1454 2294 1659 2336 Religionum
1668 2316 1678 2329 ,
1700 2306 1735 2329 ut
1745 2295 1761 2326 s
1758 2306 1814 2327 unt
1825 2295 1944 2329 Priores
1954 2316 1964 2330 ‚
1987 2295 2160 2328 Guatdiani
2169 2317 2179 2331 ,
2203 2297 2268 2330 Mi-

1278 2339 1365 2371 nistri
1374 2359 1383 2373 ,
1398 2339 1432 2370 &
1443 2338 1556 2369 similes
1565 2358 1574 2372 ‚
1592 2336 1664 2370 licet
1674 2349 1738 2371 non
1751 2339 1884 2371 habeant
1894 2340 2151 2380 approbationem
2162 2360 2171 2374 2
2189 2342 2222 2372 ὃς
2233 2341 2269 2373 li-

1278 2385 1415 2414 centiam
1426 2383 1463 2413 ab
1474 2380 1632 2422 Episcopis
1641 2401 1651 2416 ,
1675 2382 1795 2422 possunt
1805 2383 2012 2417 nihilominus
2033 2384 2140 2415 audire
2150 2381 2270 2415 confel-

1279 2427 1378 2458 siones
1403 2424 1593 2456 saecularium
1611 2444 1621 2459 ‚
1649 2427 1725 2465 quia
1745 2428 1890 2466 quamvis
1912 2435 1976 2457 non
1997 2426 2132 2457 habeant
2153 2426 2271 2457 benefi-

1279 2471 1366 2500 cium
1375 2467 1554 2499 Parochiale
1563 2487 1573 2502 ,
1594 2467 1681 2509 largo
1689 2477 1795 2501 tamen
1806 2474 1902 2501 modo
1912 2469 2060 2502 dicuntur
2069 2469 2168 2510 ipsum
2178 2470 2272 2501 habe-

1280 2522 1311 2543 re
1323 2532 1332 2546 ‚
1352 2512 1427 2552 quia
1447 2510 1561 2542 babent
1569 2521 1676 2543 curam
1696 2514 1875 2546 animarum
1885 2533 1894 2547 ‚
1916 2513 1950 2544 ὃ(
1971 2512 2040 2543 sunt
2057 2514 2272 2547 communiret

1282 2554 1471 2599 probatiores
1481 2573 1491 2588 2
1509 2555 1542 2585 &
1551 2556 1710 2595 digniores
1719 2555 1867 2596 plerisque
1879 2555 2068 2587 saecularibus
2088 2555 2271 2587 habentibus

1281 2608 1389 2629 cutam
1399 2617 1410 2632 ,
1419 2598 1452 2629 &
1462 2596 1685 2638 consequenter
1696 2608 1748 2638 per
1757 2609 1809 2630 eos
1820 2599 1927 2630 satisfit
1939 2601 2038 2631 menti
2049 2597 2190 2629 Concilii
2198 2598 2269 2630 Tri-

1282 2641 1405 2673 dentini
1414 2662 1422 2670 .
1433 2640 1511 2671 Sunt
1522 2641 1612 2671 verba
1620 2641 1747 2681 Joannis
1757 2642 1872 2675 Valerii
1881 2643 1913 2674 in
1923 2639 2023 2684 differ.
2033 2640 2253 2684 utriusquefori
2260 2662 2270 2677 ²

1282 2687 1316 2719 in
1326 2694 1391 2715 ver.
1400 2684 1548 2715 Nulli-'tas
1557 2682 1658 2726 differ.
1671 2693 1696 2723 5.
1706 2695 1785 2717 num.
1802 2694 1826 2725 3.

1326 2725 1413 2758 Cum
1424 2725 1549 2760 subditis
1559 2747 1568 2761 ,
1590 2730 1643 2767 qui
1652 2729 1692 2758 ob
1715 2737 1927 2769 paupertatem
1936 2728 1975 2758 ad
1993 2726 2115 2760 Urbem
2124 2729 2271 2763 accedere

1283 2780 1349 2803 non
1358 2770 1595 2811 valent‚poffunt
1606 2769 1745 2811 Episcopi
1756 2769 1926 2811 dispensare
1935 2773 1968 2801 in
1978 2770 2095 2801 caribus
2106 2771 2178 2803 Sedi
2187 2772 2272 2812 Apo-

1285 2814 1394 2847 stolicae
1405 2813 1574 2847 reservatis,
1582 2813 1723 2846 §.inchez
1734 2815 1766 2844 in
1776 2814 1959 2849 Decal.tom.
1967 2823 1993 2844 1.
2004 2811 2088 2853 lib-4.
2099 2824 2177 2855 c.40.
2188 2823 2270 2854 n.39.

1285 2859 1318 2891 &
1327 2856 1411 2889 Salas
1419 2857 1454 2887 de
1463 2854 1551 2895 legib.
1561 2856 1800 2897 dista-zmsequ.
1809 2867 1890 2888 num.
1903 2865 1952 2894 27.

1330 2899 1486 2932 Moniales
1508 2901 1590 2934 exire
1600 2900 1718 2939 poliunt
1739 2900 1755 2931 a
1767 2899 1959 2932 Monasterio
1980 2909 2044 2931 non
2056 2898 2153 2933 solum
2176 2902 2207 2933 in
2218 2901 2273 2932 tri—

1286 2944 1341 2975 bus
1351 2944 1467 2976 casibus
1479 2945 1584 2983 magni
1594 2942 1735 2973 incendii
1745 2963 1754 2977 ‚
1765 2942 1919 2982 epidimia:
1930 2945 1980 2977 ‚&
1993 2944 2079 2984 lepra:
2089 2963 2098 2976 ‚
2109 2943 2191 2983 juxta
2203 2943 2273 2976 Bul-

1286 2987 1349 3018 lam
1366 2985 1411 3017 Pii
1427 2986 1465 3016 V.
1478 2987 1524 3017 led
1540 2986 1636 3018 ctiam
1657 2987 1732 3016 dum
1755 2986 1902 3017 imminet
1923 2986 2096 3026 periculum
2118 2988 2273 3027 probabile

1287 3033 1390 3069 gravis
1401 3049 1410 3063 ‚
1419 3031 1450 3063 ὃ(
1461 3030 1599 3061 diuturni
1611 3029 1707 3059 morbi
1719 3049 1728 3063 ‚
1740 3028 1854 3060 Bonae.
1867 3030 1900 3060 in
1911 3029 1999 3060 tra&
2012 3030 2048 3060 de
2056 3029 2111 3068 leg.
2123 3030 2231 3070 disput.
2247 3040 2271 3062 i.

1287 3083 1332 3110 qu.
1342 3072 1472 3112 μμιυιὲἶ.
1486 3081 1510 3110 3.
1522 3082 1550 3102 n.
1566 3081 1611 3107 19.
1623 3072 1656 3102 &
1666 3071 1719 3102 alii
1730 3074 1809 3113 apud
1821 3072 1960 3103 Dianam
1970 3072 2054 3114 resol.
2067 3084 2090 3105 π.
2099 3079 2173 3104 orari.
2187 3076 2239 3104 lib.
2248 3084 2271 3105 ι.

1287 3117 1376 3147 tract.
1394 3125 1416 3146 ι.
1427 3113 1516 3153 resol.
1530 3124 1574 3155 13.
1586 3114 1637 3147 ubi
1646 3116 1731 3148 addit
1741 3125 1805 3146 non
1813 3115 1928 3147 obstr-re
1938 3117 2180 3148 declarationem
2191 3121 2271 3150 haer.

1287 3157 1358 3191 Con
1363 3159 1486 3200 greg.ab
1496 3168 1533 3189 eo
1543 3158 1671 3191 relatam
1681 3178 1691 3193 ,
1699 3160 1819 3202 quiade
1829 3168 1864 3189 ca
1876 3169 1938 3190 :ion
1948 3160 2066 3191 constat
2078 3160 2255 3191 authentice
2265 3181 2273 3190 .

1331 3201 1419 3233 Licet
1430 3201 1528 3241 jurate
1546 3200 1652 3232 falsum
1663 3201 1758 3236 etiam
1768 3201 1800 3232 in
1811 3201 1946 3242 judicio,
1969 3202 1989 3233 si
2003 3212 2104 3243 iurans
2123 3213 2208 3244 gerat
2218 3204 2274 3234 ali-

1287 3246 1363 3285 quid
1375 3247 1406 3275 in
1420 3254 1541 3279 mente,
1563 3245 1646 3285 quod
1657 3243 1769 3278 efficiat
1781 3244 1898 3277 senium
1911 3256 2034 3281 verum,
2058 3246 2174 3279 Filliuc.
2185 3249 2272 3284 inqu.

1288 3288 1394 3318 moral.
1404 3297 1505 3320 tom.2.
1514 3288 1654 3326 traci-25.
1665 3296 1721 3318 αι.
1730 3298 1759 3318 η.
1771 3292 1840 3327 236.
1850 3289 1991 3321 Sanchez
2004 3292 2034 3323 in
2046 3289 2152 3322 Decal.
2163 3299 2233 3320 tom.
2249 3298 2272 3318 i.

1289 3329 1372 3371 lib-3.
1384 3342 1408 3362 c.
1418 3336 1447 3361 6.
1459 3330 1572 3365 Lell‘ius
1582 3328 1634 3362 lib.
1647 3341 1673 3362 2.
1684 3339 1728 3370 c.3
1737 3339 1760 3361 i.
1772 3328 1838 3363 dub.
1850 3340 1876 3373 3.
1885 3343 1964 3364 num.
1979 3343 2025 3374 14.
2038 3333 2181 3373 Exempla
2190 3334 2275 3372 plura

1291 3374 1443 3406 habentur
1453 3376 1531 3415 apud
1543 3373 1663 3405 eosdem
1679 3374 1833 3406 Authorcs
1842 3396 1850 3404 .

1335 3416 1532 3457 Dispenl'atio
1559 3419 1638 3447 inter
1648 3416 1895 3457 conlanguincos
1914 3420 1960 3450 vel
1972 3418 2079 3451 affines
2089 3429 2151 3452 non
2162 3418 2201 3450 est
2212 3416 2277 3449 sub-

1291 3462 1414 3504 reptitia
1426 3470 1490 3496 non
1502 3458 1583 3492 fasta
1593 3462 1752 3493 mentione
1762 3468 1798 3494 ue
1809 3463 1917 3505 copula
1928 3464 2033 3496 habita
2044 3464 2123 3496 inter
2133 3472 2183 3495 ωε
2193 3471 2277 3495 ante,

2187 3515 2199 3535 x
2208 3505 2233 3536 cl
