2397 3664
235 81 334 117 220

346 151 1010 192 SUMMARJUM.

227 251 239 273 1
327 244 448 275 Allium
467 243 487 273 a'
507 240 584 273 Sede
606 237 783 279 Apostolim
801 248 859 269 non
879 235 1015 268 traditur
1036 236 1125 267 elet‘to
1145 238 1178 267 in

336 283 600 324 Archiepifiopum
620 304 631 317 ,
662 281 722 322 nist
741 278 829 321 prius
848 278 960 322 pra-stet
973 277 1148 323 fidelitatis
1168 300 1178 315 ,

307 328 343 360 ό*
362 327 530 359 olvedientiae
548 333 764 361 Juramcntum.

223 380 239 402 2
263 371 353 409 Reges
364 372 461 410 plures
473 372 506 399 in
517 379 570 399 uno
580 378 666 406 regno
686 364 739 404 effe
749 365 861 407 possunt
873 389 880 397 .

224 423 239 452 3
265 414 404 444 pallium
415 410 498 442 tradi
510 409 600 450 potest
621 419 673 450 per
686 410 841 441 Nanctum
851 432 859 439 .

266 454 491 496 Aprocrifiarii
505 456 554 491 qui
567 453 632 495 fint
645 475 655 488 ‚
676 451 752 485 ibid.

221 508 241 536 4
253 499 470 540 juramentum
487 499 573 535 exigi
583 495 674 537 potest
693 505 745 537 per
765 496 920 527 Nuntium
931 516 941 531 ,
956 494 1008 534 seu
1028 496 1177 527 Procura-

305 549 398 571 torem
409 563 416 570 .

221 591 236 622 5
261 585 372 614 Omnis
383 582 461 614 Chri
464 581 502 621 sti
513 583 593 614 attio
604 604 613 618 ,
633 581 731 622 nostra
745 580 784 623 est
794 580 947 622 instrutlio
957 604 964 612 .

219 632 237 659 6
262 629 347 666 Papa
359 637 415 657 non
421 628 501 665 gerit
512 628 610 658 vicem
621 628 682 657 Dei
694 628 725 656 in
745 624 934 665 conscientiis
950 621 1155 663 cognoscendis
1169 645 1177 653 .

218 679 239 709 7
261 670 361 702 Pallii
369 667 537 700 traditione
545 669 694 711 confertur
703 667 857 709 plenitudo
868 665 1062 708 Pontificalis
1073 665 1175 706 officii.

219 716 238 745 8
252 713 369 755 Jurave
377 712 521 751 inquibus
540 710 656 755 cafibus
664 712 758 744 liccat
769 735 776 743 .

220 767 238 793 9
262 760 351 797 Papa
363 754 403 797 ‘st
407 755 505 797 supra
523 756 714 792 Concilium,
735 753 810 792 quod
821 751 963 794 latiffime
982 750 1124 792 probatur
1134 748 1179 791 us-

305 810 358 837 que
378 801 409 830 in
431 798 482 841 fin.

199 853 237 875 10
260 843 400 875 Concilia
420 854 475 873 non
495 840 696 882 constringunt
715 844 833 880 Papam
845 861 854 875 ,
868 837 927 878 scd
943 836 1179 878 constringuntur

305 884 343 917 ab
360 885 445 926 ipso,
468 884 503 917 O'·
521 884 691 924 numseqq.

202 939 236 962 11
262 926 660 970 Papaesentewtiaestandum
679 925 738 966 est,
758 926 789 968 fi
809 924 999 956 contradicat
1011 923 1147 966 Ecclefiae
1169 945 1179 960 ‚

306 972 358 1003 vel
369 972 506 1003 Concilio
517 992 526 1007 ,
547 973 642 1001 etiam
653 973 685 1000 in
695 970 827 1000 materia
839 966 1010 1006 dogmatum
1021 989 1029 997 .

201 1027 236 1049 12
260 1015 430 1047 Intellecflus
449 1017 634 1053 capsam,
661 1022 706 1050 15.
727 1011 795 1051 dist.

200 1071 211 1092 ι
223 1069 236 1100 3
261 1061 348 1097 Papa
368 1069 418 1089 cur
428 1068 484 1088 non
494 1056 577 1097 possit
587 1056 629 1087 ali
635 1056 704 1093 quid
717 1054 852 1096 statuere
862 1062 964 1085 contra
975 1054 1122 1085 articulos
1135 1050 1179 1094 fi—

307 1100 356 1131 dci
369 1099 465 1140 semel
476 1099 626 1140 diffinitos
637 1122 644 1129 .

201 1155 243 1185 14
263 1141 400 1184 Potestas
420 1142 558 1181 ligandi,
574 1141 628 1182 seu
647 1143 739 1181 legem
760 1138 931 1182 imponendi
948 1151 1004 1171 non
1014 1137 1108 1181 potest
1126 1136 1180 1180 effe

305 1186 366 1229 nist
379 1184 545 1227 superioris
556 1209 563 1216 .

200 1239 235 1270 15
260 1230 401 1262 Concilia
412 1232 512 1260 omnia
526 1239 576 1269 per
597 1231 735 1261 Romana
746 1227 884 1269 Ecclefiae
902 1223 1179 1266 authoritatemfa—

306 1274 353 1304 {la
361 1271 432 1312 sunt
442 1295 451 1309 ,
474 1279 510 1304 (5
521 1271 608 1303 robur
626 1282 801 1312 acceperunt
812 1296 818 1302 .
1150 1299 1155 1304 ,

196 1322 234 1350 16
257 1317 426 1349 Concilium
437 1328 492 1347 non
504 1315 618 1347 dicitur
629 1338 639 1352 ‚
652 1314 708 1355 scd
728 1313 954 1346 conciliabulum
965 1336 975 1349 ,
996 1311 1042 1350 seu
1055 1323 1179 1344 conven-

305 1360 421 1398 ticuht,
445 1359 520 1397 quod
534 1359 601 1401 fine
622 1357 809 1389 authoritate
821 1359 953 1389 Romam·
963 1354 1123 1398 Pontificis
1133 1365 1178 1386 ce-

308 1402 442 1435 lebratur
457 1425 464 1433 .

198 1456 236 1486 17
257 1447 427 1480 Concilium
438 1446 573 1485 legitimi·
583 1453 788 1489 congregatum
799 1466 808 1480 ,
830 1442 890 1484 pos}
907 1441 1123 1484 dissolutionem
1133 1451 1179 1471 re·

307 1498 412 1522 manet
421 1488 600 1529 acephalum
610 1511 619 1524 ,
640 1486 677 1520 (3⁹
694 1486 922 1527 schismaticum
933 1509 941 1516 .

199 1537 237 1567 18
259 1531 435 1575 Bafilecnse
453 1532 621 1564 Concilium
642 1530 945 1572 posttranslaisonem
965 1540 1021 1560 non
1040 1524 1178 1570 Synodus

305 1575 464 1618 Ecclesia,
479 1574 675 1616 sedsatanae,
697 1580 733 1606 οῖ’
755 1573 959 1615 ministrorum
971 1573 1032 1611 ejus
1046 1577 1180 1614 synago-

304 1631 345 1659 ga
365 1619 552 1660 appellatum
564 1642 572 1649 .

203 1674 239 1703 19
262 1661 455 1696 Authoritas
466 1674 522 1693 non
533 1662 573 1703 cst
584 1661 643 1703 nist
654 1660 820 1701 superioris
832 1683 840 1691 .

197 1720 239 1741 20
260 1705 363 1747 Causa
374 1703 679 1747 principalisftmper
690 1703 730 1744 est
739 1705 836 1745 potior
845 1701 946 1746 offei‘iu
957 1726 966 1733 .

196 1762 234 1785 21
258 1750 400 1783 Cantilia
416 1760 472 1781 non
499 1747 644 1780 dederunt
663 1749 834 1789 primatum
854 1749 989 1779 Romana
1010 1742 1147 1787 Ecclesia
1170 1765 1179 1779 ‚

299 1791 356 1835 sed
367 1790 472 1825 datum
481 1790 662 1824 immediati
672 1791 692 1823 a=
709 1791 841 1822 Domino
860 1790 1055 1829 explicarunt
1067 1810 1075 1818 .

197 1850 236 1872 22
257 1835 495 1878 Constantienfis
510 1836 642 1868 Concilii
661 1837 767 1866 Canon
784 1832 821 1864 de
839 1832 983 1874 potestate
1003 1830 1136 1862 Concilii
1147 1831 1181 1860 in

306 1882 475 1913 Romanum
493 1878 671 1920 Pontificem
683 1876 862 1918 expenditur
873 1900 881 1907 .

199 1935 239 1967 23
264 1922 502 1966 Constantienfis
522 1923 656 1954 Concilii
676 1919 818 1956 decreta,
840 1930 895 1958 que
915 1917 958 1950 a'd
975 1915 1068 1959 fidem
1086 1918 1181 1958 perti-

309 1975 379 1999 nent
390 1988 400 2003 ,
421 1965 590 1997 dumtaxat
607 1964 626 1995 d
635 1966 782 1996 Martino
800 1966 836 1994 V.
849 1958 1161 2004 confirmrctafherunt
1172 1984 1179 1990 .

199 2023 241 2052 24
262 2007 489 2051 Constantiense
508 2009 678 2040 Concilium
703 2009 835 2045 qualiter
853 2005 916 2038 dici
945 2005 1029 2046 poffit
1049 2001 1182 2045 habuisse

308 2051 487 2086 immediate
503 2050 676 2093 potestatem
687 2049 707 2082 a*
722 2048 842 2091 Christo
854 2073 861 2080 .

200 2107 240 2139 25
265 2094 439 2141 Basileense
458 2096 626 2127 Concilium
648 2093 667 2126 ,τ’
688 2094 831 2126 LeoneX.
851 2096 883 2124 in
903 2092 1038 2123 Concilio
1050 2093 1181 2122 Latera-

308 2141 391 2183 nensi
401 2139 571 2180 appellatur
581 2134 809 2169 conciliabulum
821 2159 830 2172 ‚
841 2134 1002 2176 prasertim
1012 2134 1073 2175 posl
1083 2133 1182 2173 trans-

308 2185 452 2216 lationem
465 2205 472 2213 .

203 2233 243 2262 26
266 2228 394 2262 Dillio,
416 2224 588 2257 Praesertim
600 2246 609 2260 ,
631 2222 701 2261 quid
719 2226 861 2264 importet
873 2245 880 2252 .

203 2282 244 2311 27
264 2270 451 2314 Bafileenfis
468 2268 600 2300 Concilii
611 2266 832 2309 constitutiones
853 2275 908 2303 quae
922 2262 1068 2306 fiterinta'
1088 2264 1183 2294 Nico-

311 2316 360 2346 lao
369 2316 403 2345 V.
414 2311 580 2353 approbata
591 2333 601 2347 ‚
621 2319 676 2342 aut
696 2309 866 2351 improbata
878 2332 885 2339 .

204 2362 244 2392 28
267 2361 355 2399 Papa
365 2358 515 2398 primatus
524 2357 556 2386 in
564 2355 733 2386 Concilium
743 2355 853 2384 nititur
874 2352 1035 2392 principiis
1045 2349 1121 2388 juris
1130 2360 1184 2380 na—

311 2401 442 2435 turnus,
466 2397 502 2430 (θ’
514 2398 638 2435 divini,
660 2396 788 2430 &nunu
802 2395 885 2436 firm.

205 2456 246 2483 29
267 2443 353 2478 Ordo
373 2439 618 2484 potestatemest,
638 2451 670 2472 ut
681 2438 825 2480 inferiora
846 2433 1185 2478 §superioribusgubcr-

312 2497 418 2519 nentur
428 2508 437 2522 ,
460 2483 497 2517 (ῤ’
507 2483 549 2516 ad
560 2495 647 2515 unum
658 2484 782 2516 tandem
800 2484 993 2520 redigantur.

206 2543 247 2574 30
268 2534 377 2565 Petrus
388 2528 504 2567 quando
517 2550 527 2564 ,
547 2525 584 2559 θ’
592 2537 645 2568 per
656 2538 713 2566 quae
722 2525 817 2559 verba
822 2525 919 2568 fuerit
930 2522 1102 2564 constitutus
1121 2524 1185 2563 pri-

314 2585 378 2605 mus
388 2570 505 2613 Christi
524 2573 669 2604 Vicarius
680 2594 689 2607 ,
711 2569 748 2603 &⁵
759 2572 848 2611 Papa
861 2592 869 2600 .

209 2628 224 2659 3
233 2629 244 2651 1
269 2621 378 2651 Petrus
388 2628 444 2648 non
454 2613 539 2647 modo
551 2613 695 2655 pascendi
703 2637 712 2651 ,
718 2613 773 2654 sed
781 2615 875 2644 etiam
886 2609 1008 2650 regendi
1018 2632 1029 2647 ,
1040 2608 1078 2642 (ῥ’
1084 2607 1186 2648 guber-

314 2659 410 2693 nandi
421 2657 626 2699 universalem
643 2660 673 2690 E
677 2657 815 2699 cclefiam
832 2655 989 2703 potestatis
1009 2653 1186 2693 amplitudi-

316 2715 382 2735 nem
393 2700 524 2744 habuisse
544 2700 660 2742 diffinit
671 2701 841 2733 Concilium
853 2699 1061 2731 Florentinum
1072 2719 1080 2726 .

212 2756 248 2788 32
273 2749 361 2787 Papa
378 2746 426 2778 ubi
445 2748 575 2787 primum
594 2747 747 2776 Canonice
765 2744 890 2782 eligitur
913 2742 933 2772 a'
945 2740 1035 2782 fitero
1055 2738 1186 2777 Collegio

316 2789 551 2826 Cardinalium,
565 2784 771 2831 fitpremamci
783 2788 847 2819 Deo
855 2781 1027 2827 potestatem
1039 2783 1106 2826 stne
1126 2792 1185 2813 me-

319 2832 367 2863 dio
383 2834 584 2873 consequitur.

215 2886 254 2918 33
278 2875 371 2907 Orbis
381 2886 429 2907 ma
434 2875 475 2913 jor
485 2876 563 2909 Urbe
573 2876 703 2914 qualiter
724 2872 778 2915 effe
791 2872 912 2905 dicatur
923 2894 931 2902 .

214 2929 255 2961 34
276 2918 463 2950 Hierarchia
481 2922 513 2950 in
527 2920 663 2961 Ecclesta
681 2916 844 2951 Catholica
863 2914 977 2947 divina
996 2910 1186 2944 ordinatione

319 2959 457 3002 instituta
475 2961 531 3003 est.

215 3014 251 3047 35
274 3003 463 3037 Monarchia
476 3004 593 3046 prestat
604 3008 684 3038 inter
693 3006 794 3037 omnia
801 3002 1049 3042 gubernationum
1055 3010 1166 3039 genera
1177 3022 1184 3030 .

216 3053 252 3090 36
277 3046 412 3088 Potestas
421 3050 515 3078 omnis
528 3051 691 3089 impatiens
701 3047 845 3089 consortis
854 3044 894 3087 est
904 3068 912 3076 .

217 3101 256 3133 37
279 3091 440 3134 Tyrannis
459 3093 552 3121 oritur
567 3091 675 3132 sepias
686 3104 725 3123 ex
736 3093 908 3133 principatu
926 3088 1077 3130 plurium,
1098 3085 1185 3124 quam

322 3145 362 3165 ex
372 3135 546 3174 principatu
557 3138 640 3165 unius
649 3158 656 3166 .

219 3181 256 3220 38
279 3176 417 3220 Ecclesta
435 3177 574 3208 militans
593 3177 632 3217 est
651 3178 827 3219 exemplata
855 3173 1013 3208 divinitus
1031 3171 1051 3205 a*
1079 3175 1187 3205 trium-

322 3219 435 3261 phante
446 3242 453 3250 .

216 3275 254 3305 39
277 3266 367 3304 Papa
387 3273 475 3301 quam
491 3271 578 3301 gerat
597 3262 751 3303 personam
768 3265 800 3295 in
821 3262 957 3304 Ecelefia
972 3272 1011 3292 ex
1030 3257 1186 3293 Bernardi

315 3306 469 3347 sententia
483 3328 490 3336 .

215 3359 259 3389 40
280 3352 364 3389 l'apae
374 3352 524 3389 primatus
534 3351 566 3379 in
579 3348 715 3391 Ecclefia
735 3347 896 3388 ostenditur
906 3359 946 3379 ex
957 3345 1089 3388 pluribus
1100 3345 1187 3387 sum-

323 3403 433 3423 morum
455 3390 653 3432 Pontificum,
674 3389 888 3432 &siciniorum
910 3395 1040 3425 Patrum
1057 3389 1187 3432 testimo-

321 3437 383 3466 niis
394 3457 403 3471 ‚
425 3441 461 3466 0
470 3432 635 3476 num.sec1q.

215 3487 253 3520 41
279 3478 415 3520 Ecclesta
434 3477 596 3510 Catholica
624 3488 680 3511 non
698 3475 737 3512 ab
765 3476 920 3521 Apostolis
939 3498 950 3514 ‚
973 3478 1030 3520 sed
1049 3477 1068 3511 a
1094 3476 1186 3518 Chri—r

582 62 747 130 Prosp.
768 57 988 126 Pugnan.
1011 57 1065 111 in
1101 56 1322 113 Primum
1344 55 1553 113 Librum
1564 55 1827 111 Decretal.

1284 161 1289 166 ¹
1333 146 1383 188 sto
1403 150 1570 188 primatum
1589 144 1737 182 obtinuit,
1765 143 1805 177 ἀ
1822 155 1901 179 num.
1915 147 1998 188 seqq.

1234 203 1274 231 42
1299 194 1386 230 Papa
1406 189 1521 221 cunnos
1539 190 1728 228 judicaturus
1746 189 1767 220 a'
1786 190 1867 221 nullo
1885 193 2059 224 mortalium
2076 190 2208 233 judicari

1342 231 1434 277 potest
1441 254 1452 269 ,
1466 231 1526 272 sed
1531 232 1603 264 coelo
1612 232 1735 266 tantiam
1746 230 1830 263 debet
1841 235 2043 267 innocentiam
2054 258 2062 266 .

1233 287 1274 318 43
1298 275 1431 314 Haereses
1441 278 1473 306 in
1487 276 1624 318 Ecclefia
1634 273 1712 308 unde
1723 284 1831 306 exorta
1841 298 1848 307 .

1235 330 1280 360 44
1301 322 1353 352 Pii
1372 321 1413 350 ΙΙ.
1432 319 1634 355 retratlatio,
1655 317 1693 351 (ῥ’
1710 317 1857 360 diffinitio
1876 317 2062 361 deprimam
2080 321 2207 353 Romam·

1344 363 1434 394 Ponti
1435 360 1504 403 ficis
1514 363 1546 393 in
1556 362 1725 394 Concilium
1737 384 1745 393 .

1234 415 1272 445 45
1297 402 1405 437 Abbas
1423 406 1680 441 Panormitanus‚
1701 409 1739 437 Θ·
1755 402 1926 437 Ludovicus
1948 407 2097 439 Romanus
2109 403 2209 437 habiti·

1341 450 1374 478 in
1385 448 1522 479 Concilio
1530 448 1700 491 Bastlecnfi
1709 457 1865 486 tamquam
1873 448 1930 480 duo
1940 448 2019 481 orbis
2022 447 2130 491 fidera
2140 471 2148 478 .

1232 495 1273 532 46
1297 493 1386 537 Papa
1397 493 1551 531 primatus
1568 494 1600 522 in
1611 491 1782 523 Concilium
1802 490 1841 524 ab
1851 490 1986 536 ipfismet
1995 492 2144 524 Conciliis
2156 488 2210 530 sae·

1340 536 1412 575 pius
1430 531 1621 565 declaratus.

1298 578 1510 622 Marcellinus
1527 579 1615 617 Papa
1627 575 1646 607 a*
1657 576 1792 608 Concilio
1810 575 1962 615 iudicatus
1972 590 2029 610 non
2043 577 2108 621 fuit
2118 575 2151 608 ob
2162 573 2211 607 de-

1335 619 1448 662 sec‘lum
1466 618 1705 660 jurisdiflionis,
1728 616 1804 651 ibid.

1231 673 1273 704 47
1294 663 1468 696 Intellectus
1479 671 1543 704 cap.
1559 664 1662 694 Nemo
1673 684 1682 698 ,
1703 673 1732 699 9.
1744 661 1869 705 quast.3.

1235 711 1275 748 48
1299 710 1346 739 Pa
1349 715 1389 747 pae
1393 705 1548 747 sententia
1558 706 1703 746 prevalet
1713 704 1870 745 sententia
1880 708 1973 739 totius
1983 705 2087 740 mundi
2097 730 2105 738 .

1233 761 1274 791 49
1296 748 1406 782 Abbas
1424 748 1664 782 Panormitanus
1676 770 1685 784 ‚
1706 746 1926 781 &Ludovicus
1945 753 2097 783 Romanus
2118 747 2211 791 hostes

1341 794 1486 824 acerrimi
1498 791 1664 834 pontificia
1674 790 1855 829 dignitatis,
1878 790 1915 823 ῥ’
1924 804 2003 825 num.
2016 798 2065 832 56.

1237 845 1275 876 50
1296 838 1323 868 F
1325 835 1468 868 lorentini
1487 836 1620 867 Consilii
1628 834 1774 876 diffinitio
1792 833 1829 865 de
1838 837 1975 875 primatu
1987 837 2116 868 Romani
2136 838 2212 869 Pon-

1343 881 1370 921 ti
1395 880 1484 910 ciszn.
1500 877 1673 919 universum
1693 876 1790 909 orbem
1801 900 1809 909 .

1236 931 1272 962 51
1296 922 1436 955 Concilia
1452 922 1620 953 Generalia
1640 919 1779 959 quomodo
1798 923 1929 954 Romani
1948 920 2110 964 Pontificis
2122 919 2212 962 supe-

1343 967 1517 996 rioritatem
1536 975 1611 1002 agno
1617 966 1717 995 verint
1728 986 1738 1000 ,
1761 962 1799 996 Θ
1807 975 1890 995 num.
1893 961 1976 1004 sech.
2192 996 2193 1000 ,

1237 1017 1274 1049 52
1298 1012 1387 1049 Papa
1405 1009 1580 1039 authoritas
1597 1009 1630 1039 in
1649 1005 1782 1039 omnibus
1801 1008 1949 1039 Conciliis
1965 1016 2107 1049 patenter
2126 1008 2212 1039 exci-

1343 1061 1425 1093 pitur
1437 1074 1444 1081 .

1236 1104 1273 1137 53
1296 1093 1499 1135 Confirmatio
1514 1094 1554 1136 est
1565 1092 1756 1136 manifestum
1769 1094 1889 1137 stgnum
1903 1095 2134 1135 fizperioritatis
2145 1115 2156 1130 ,
2176 1090 2214 1125 Θ·

1343 1149 1423 1170 num.
1438 1136 1521 1179 seqq.

1236 1191 1252 1222 5
1257 1193 1277 1223 4
1297 1184 1322 1215 S
1323 1190 1425 1214 tatuta
1436 1184 1526 1222 Papae
1545 1180 1565 1212 a*
1575 1181 1710 1213 Concilio
1718 1192 1773 1211 non
1793 1178 2009 1222 confirmantur
2020 1203 2030 1217 ,
2046 1179 2102 1221 sed
2110 1192 2128 1211 a
2130 1188 2215 1221 ppro-

1341 1224 1470 1261 bantur,
1485 1223 1543 1265 sed
1551 1223 1672 1265 statuta
1693 1224 1828 1256 Concilii
1845 1222 2062 1266 confirmantur
2082 1223 2102 1255 a'
2123 1226 2215 1264 Papa

1343 1277 1502 1306 tamquam
1515 1266 1689 1309 superiore.

1235 1321 1251 1352 5
1257 1320 1271 1351 5
1294 1310 1638 1352 Papaesuperioritatem
1655 1314 1688 1342 in
1697 1311 1867 1343 Concilium
1883 1312 1933 1349 qui
1942 1310 2081 1342 authores
2101 1320 2141 1341 ex
2151 1312 2214 1341 Ca-

1342 1354 1467 1395 nonistis
1478 1376 1488 1390 ,
1512 1353 1549 1385 &¹
1561 1353 1723 1393 Theologis
1732 1363 1875 1385 tueantur
1885 1378 1893 1386 .

1236 1402 1272 1438 56
1296 1397 1405 1430 Abbas
1416 1395 1669 1439 Archiepijcopus
1680 1400 1921 1430 panormitanus
1932 1399 1965 1428 in
1967 1395 2135 1437 schismate
2146 1397 2212 1428 Ba-

1336 1440 1459 1484 sileenfl
1468 1449 1586 1472 creatus
1592 1438 1655 1481 fuit
1674 1441 1860 1473 Cardinalis
1877 1440 2007 1473 a'Felice
2027 1440 2193 1480 Antipapa
2205 1460 2214 1468 .

1237 1493 1276 1525 57
1297 1482 1553 1516 Introducentibus
1576 1485 1609 1514 in
1628 1485 1797 1516 Concilium
1808 1482 2034 1516 multitudinem
2056 1480 2217 1524 Presbyte-

1341 1537 1442 1559 rorum
1452 1525 1486 1558 ob
1497 1524 1642 1568 descitum
1664 1529 1693 1558 E
1695 1526 1774 1567 pisco
1775 1537 1879 1568 porum
1899 1524 1994 1558 libere
2004 1525 2198 1558 contradixit
2207 1545 2216 1554 .

1237 1574 1275 1610 58
1298 1570 1482 1603 Cardinalis
1498 1567 1674 1602 Zabarella
1694 1569 1873 1611 quomodose
1889 1568 2009 1611 gefferit
2018 1579 2088 1608 erga
2107 1570 2217 1601 Roma-

1342 1616 1375 1645 ni
1395 1612 1555 1655 Pontificis
1574 1613 1809 1645 authoritatem.

1236 1667 1276 1698 59
1301 1657 1483 1707 Appellatio
1497 1655 1537 1699 ⁴st
1547 1655 1585 1687 de
1594 1659 1704 1689 minori
1715 1656 1758 1687 ad
1768 1656 1954 1698 superiorem
1973 1653 2102 1696 judicem
2111 1665 2215 1696 provo-

1343 1709 1427 1733 catio
1436 1722 1445 1731 .

1235 1748 1277 1777 60
1297 1744 1468 1785 Appellari
1486 1741 1577 1785 potest
1595 1741 1614 1775 a*
1629 1743 1784 1783 sententia
1796 1741 1928 1776 Concilii
1939 1740 1983 1774 ad
2002 1745 2143 1783 Papam,
2157 1738 2214 1781 sed

1281 1819 1283 1826 Α
1344 1799 1400 1819 non
1424 1790 1439 1818 c
1456 1786 1616 1827 converso.

1237 1835 1274 1863 61
1301 1832 1337 1863 A
1338 1841 1356 1872 p
1358 1831 1406 1871 pel
1408 1831 1469 1861 lari
1481 1842 1536 1861 non
1557 1828 1648 1871 potest
1657 1829 1676 1861 a*
1687 1833 1734 1862 Pa
1737 1840 1776 1871 pa
1796 1828 1836 1861 ad
1846 1828 1982 1862 tribunal
1993 1832 2020 1860 C
2023 1826 2111 1869 hristi
2121 1850 2129 1858 .

1236 1880 1275 1906 62
1301 1874 1509 1915 Appellantes
1528 1874 1548 1905 a
1570 1876 1702 1905 Romano
1722 1872 1871 1915 pontifice
1888 1871 1932 1904 ad
1947 1871 2083 1914 futurum
2103 1871 2212 1902 Conci-

1345 1919 1442 1953 lium,
1465 1917 1827 1954 corumquoConciliarii,
1851 1914 1887 1947 (ἐτ’
1909 1914 2041 1955 fautores
2060 1916 2216 1945 incurrunt

1345 1970 1465 2001 poenam
1479 1961 1815 1994 excommunicationis,
1841 1957 1879 1990 (ῥ’
1898 1954 1964 1997 lasa
1974 1955 2149 1999 majestatis
2167 1954 2217 1988 hu-

1345 2014 1457 2039 manae,
1480 2001 1659 2039 effamine,
1681 2013 1723 2033 ex
1742 2002 1837 2034 Bulla
1850 2004 1905 2034 Pii
1917 2003 1960 2032 ΙΙ.

1237 2052 1276 2089 63
1300 2049 1377 2079 Item
1387 2046 1584 2078 declarantur
1596 2045 1813 2087 schismatici,
1834 2043 1871 2077 &¹
1892 2044 2042 2081 haretici,
2063 2055 2103 2076 ex
2123 2043 2219 2076 Bulla

1337 2091 1422 2132 Μή
1440 2090 1483 2121 Η.

1238 2139 1280 2174 64
1300 2134 1469 2166 Concilium
1491 2131 1531 2173 est
1541 2131 1634 2172 judex
1655 2135 1688 2164 in
1700 2130 1890 2172 schismate,
1911 2130 1980 2165 ciam
1992 2131 2067 2168 duo,
2087 2130 2138 2163 vel
2155 2130 2219 2170 plu-

1346 2188 1393 2207 res
1402 2175 1580 2207 contendunt
1591 2175 1627 2206 de
1644 2173 1849 2217 pontificatu,
1875 2176 1912 2208 θ’
1920 2186 2000 2206 num.
2005 2174 2088 2215 seqq.

1238 2226 1275 2260 65
1300 2220 1468 2252 Concilium
1481 2218 1643 2258 cognoscit,
1664 2217 1781 2256 quando
1793 2219 1895 2250 elatio
1912 2221 2002 2258 Papae
2021 2215 2149 2258 nonfiiit
2168 2225 2217 2247 ca-

1347 2273 1453 2295 nonica
1464 2285 1472 2293 .

1240 2313 1279 2339 66
1302 2301 1377 2338 Item
1389 2308 1422 2337 in
1433 2304 1501 2346 casu
1522 2302 1808 2347 haerestsformalis‚
1829 2316 1886 2335 non
1905 2313 2005 2335 autem
2015 2304 2144 2334 alterius
2161 2302 2218 2334 cri-

1349 2351 1444 2381 minis
1454 2371 1463 2385 ‚
1485 2350 1582 2379 ctiam
1593 2349 1704 2379 notorii
1716 2346 1753 2379 (ῥ’
1766 2346 1916 2387 scandalo
1931 2360 1940 2379 i
1954 2370 1962 2377 .

1240 2399 1280 2433 67
1301 2396 1329 2426 C
1330 2393 1502 2424 orreislionis
1508 2389 1652 2433 fraterna
1672 2392 1773 2429 regula
1785 2403 1825 2422 an
1830 2388 1876 2434 stt
1890 2347 2049 2432 sijanda
2060 2399 2125 2421 cum
2134 2387 2219 2429 fiam-

1347 2447 1393 2467 mo
1414 2434 1560 2474 Pontifice
1571 2458 1579 2466 .

1237 2484 1279 2513 68
1302 2483 1422 2520 Papam
1434 2474 1565 2510 incidere
1575 2479 1608 2509 in
1627 2479 1740 2510 crimen
1750 2476 1866 2519 haerefis
1876 2500 1885 2514 ,
1907 2487 1947 2508 an
1961 2476 1998 2508 fit
2008 2473 2136 2517 poffibile
2147 2497 2155 2506 .

1240 2529 1280 2561 69
1302 2523 1510 2555 Marcellinus
1520 2523 1659 2562 peccavit
1669 2530 1771 2553 contra
1777 2519 1857 2562 fidei
1876 2519 2093 2560 confeffionem,
2108 2515 2164 2558 sed
2176 2515 2218 2560 fi-

1348 2565 1415 2597 dem
1425 2577 1481 2596 non
1493 2565 1598 2607 amisti
1611 2588 1618 2595 .

1242 2620 1282 2650 70
1303 2613 1394 2650 Papa
1398 2608 1430 2652 st
1439 2611 1472 2640 in
1484 2607 1613 2652 haerefim
1624 2607 1757 2644 notorie,
1780 2604 1817 2639 θ’
1829 2607 2044 2639 contumaciter
2054 2602 2217 2641 laberetur,

1349 2664 1380 2684 eo
1398 2651 1463 2692 ipso
1472 2651 1620 2695 defineret
1639 2648 1692 2692 effe
1702 2653 1793 2691 Papa
1803 2673 1811 2681 .

1306 2694 1403 2736 Casus
1412 2695 1513 2727 nullus
1523 2696 1671 2736 reperitur
1678 2717 1687 2731 ,
1711 2697 1743 2726 in
1753 2704 1805 2732 quo
1813 2692 1981 2726 Concilium
1992 2689 2104 2723 habeat
2113 2687 2217 2722 autho-

1348 2741 1476 2770 ritatem
1486 2741 1518 2770 in
1536 2749 1619 2775 eum,
1641 2739 1691 2776 qui
1701 2746 1797 2769 certus
1810 2737 1857 2780 fit
1869 2735 2036 2777 Pontifex,
2057 2731 2132 2765 ibid.

1241 2793 1279 2823 71
1304 2786 1392 2824 Papa
1403 2785 1497 2813 etiam
1501 2780 1608 2823 sponte
1617 2792 1673 2813 non
1683 2779 1812 2822 potestst
1821 2778 1956 2811 Concilio
1964 2774 2112 2818 ‚subiicere
2123 2799 2132 2807 .

1240 2837 1281 2866 72
1304 2829 1390 2859 Deus
1394 2825 1476 2866 solus
1486 2823 1579 2866 potest
1595 2823 1719 2864 fin-ere,
1739 2833 1771 2855 ut
1780 2823 1892 2861 aliquis
1903 2820 2078 2853 mortalium
2099 2819 2140 2862 sit
2150 2829 2217 2850 ma-

1349 2869 1393 2909 jor
1406 2867 1578 2910 Apostolico
1588 2890 1598 2904 ,
1617 2872 1752 2906 num-76.

1241 2924 1281 2956 73
1305 2913 1476 2945 Intelleiius
1488 2914 1514 2950 §.
1525 2913 1610 2944 Hinc
1620 2913 1714 2942 ctiam
1727 2933 1736 2946 ‚
1763 2907 1888 2949 wadisl.

1306 2955 1507 3002 Symmachus
1527 2957 1615 2995 Papa
1633 2952 1653 2986 a'
1670 2954 1808 2985 'Concilio
1825 2963 1882 2984 non
1899 2948 1958 2991 fuit
1976 2947 2146 2991 absolutus,
2159 2947 2219 2990 sed

1350 2997 1505 3040 dimiffus‚
1525 2997 1591 3030 ta'm
1601 3008 1643 3029 ex
1652 2998 1752 3037 capite
1771 2996 1941 3028 innocentia
1951 3015 1961 3032 ,
1983 2993 2072 3032 qua'm
2081 3003 2121 3025 ex
2135 2991 2218 3034 defe-

1350 3045 1398 3075 nu
1415 3040 1652 3082 jurisdic‘lionis,
1672 3038 1748 3072 ibid.

1242 3098 1283 3129 74
1303 3087 1476 3120 Intellectus
1485 3094 1550 3126 cap.
1564 3084 1659 3115 Nunc
1667 3092 1768 3115 autem
1777 3105 1788 3120 ‚
1811 3094 1828 3114 2
1837 3092 1862 3114 1.
1872 3079 1942 3122 dist.

1307 3133 1419 3163 Sis-tus
1430 3138 1458 3160 et
1454 3129 1486 3172 st
1495 3128 1629 3160 Concilio
1632 3125 1669 3167 se
1671 3126 1777 3168 sponte
1783 3124 1939 3166 fiibjecerit
1949 3147 1959 3162 ‚
1969 3132 2070 3157 tamen
2081 3121 2102 3156 a
2112 3123 2219 3157 Patri-

1350 3171 1401 3206 bus
1411 3172 1444 3204 ob
1454 3170 1598 3213 descitum
1608 3168 1827 3210 jurisdiflionis
1835 3167 1989 3206 judicatus
2000 3179 2057 3200 non
2064 3162 2218 3208 fuit,ibid-

1244 3225 1283 3258 75
1307 3215 1478 3249 Intelletlus
1488 3214 1629 3256 cap.Nos
1655 3215 1903 3252 iincompetenter
1916 3234 1925 3249 ‚
1947 3209 2110 3255 2.quaes}.7.

1308 3261 1369 3294 Leo
1379 3263 1466 3301 Papa
1477 3256 1614 3297 quomodo
1639 3257 1653 3287 e
1657 3255 1819 3297 subjecerit
1827 3254 1939 3296 judicio
1952 3252 2102 3288 Ludovici
2121 3254 2217 3292 Impe-

1349 3305 1483 3339 ratoris,
1503 3299 1577 3334 ibid.

1244 3351 1284 3386 76
1296 3345 1405 3389 judex
1416 3345 1512 3385 major
1522 3341 1658 3382 quomodo
1669 3343 1751 3384 possit
1757 3341 1793 3384 se
1796 3340 1944 3384 subjicere
1953 3341 2064 3375 minori
2086 3341 2119 3371 in
2127 3335 2214 3378 iuris-

1349 3389 1480 3421 dit'lione
1497 3385 1677 3427 contentiofiz
1691 3409 1697 3418 .

1241 3443 1283 3474 77
1303 3434 1441 3468 Clericus
1456 3429 1690 3472 jurisdictionem
1710 3427 1821 3469 judicis
1830 3430 1907 3464 laici
1915 3437 2082 3472 propagare
2090 3435 2147 3458 not.-
2164 3432 2214 3464 po-

1347 3476 1405 3520 test
1423 3499 1432 3507 .

2041 3517 2083 3554 78
2104 3512 2174 3545 Cle-
