2397 3664
6 3414 23 3470 il

10 3616 25 3664 *l

636 106 718 163 De
735 106 917 176 bigam.
934 123 1032 160 non
1050 102 1214 159 ordin.
1228 124 1269 160 c.
1291 107 1448 177 Super
1461 119 1526 164 eo
1544 148 1555 158 .

125 197 156 228 sa
168 197 201 229 in
220 195 397 229 utilitatem
414 193 558 228 Ecclesiae
577 216 586 230 ,
607 195 641 226 δε
662 193 827 226 inferiores
846 193 944 226 ctiam
963 191 1106 233 Episcopi

123 248 279 280 quantum
288 241 421 282 dejure,
441 237 726 270 velconsuetudine
739 235 912 269 nonesteis
923 235 1105 268 inhibitumt

125 281 226 314 Unde
236 282 270 314 in
289 282 467 314 minoribus
484 278 614 313 tanturn
629 279 828 319 dispensant..
845 278 919 311 Arsi
938 279 1001 311 sine
1011 278 1106 311 causa

123 326 178 357 fiat
197 336 256 358 nec
274 325 440 367 disperatus
449 346 463 360 ,
489 321 548 355 nec
567 322 741 363 dispensans
751 321 890 354 esttutus
901 323 937 353 in
945 321 1108 354 conscicn-

125 369 182 401 tia.
195 367 341 405 Ultimo,
352 367 518 400 adducitur
529 364 722 398 Dominicus
731 364 861 397 deSoto
869 363 970 406 dtdtst.
983 374 1034 402 27.
1046 374 1072 402 q.
1080 374 1106 405 ζ.

122 410 376 453 art.3.comlus.z.
389 410 454 442 ibi:
477 406 570 442 Licet
580 410 617 440 ad
627 407 835 448 suscipiendos
847 408 949 440 sacr-os
967 407 1107 439 Ordines

121 457 257 495 majores
266 452 437 493 solusPapa
446 462 520 483 eum
532 451 666 491 bigamo
678 450 851 491 dispensate
872 451 955 483 valet
968 462 979 485 ‚¹
1001 460 1109 483 tamen

123 500 162 530 ad
173 497 380 539 suscipiendos
391 495 531 527 minores
541 492 708 534 Episcopus
720 494 751 525 id
766 493 904 534 praestare
915 494 998 525 valet
1009 516 1020 530 ,
1042 495 1109 524 sub-

123 543 201 573 dens
220 539 406 581 Episcopum
415 535 512 570 modo
532 547 599 569 non
617 536 832 578 dispensarein
850 536 1109 572 subdiaconatu,

121 583 163 616 cb
172 582 258 625 quod
268 579 366 614 inodo
374 581 485 613 habeat
496 590 654 612 annexum
662 589 773 611 votum
783 579 938 611 castitatis
947 601 957 615 ,
978 581 1012 611 &
1027 580 1107 610 lianc

121 627 202 659 dicit
211 625 369 657 rationem
378 634 475 665 quare
485 623 519 655 in
530 623 707 655 minoribus
719 622 885 663 Episcopus
895 621 1046 662 dispenset
1055 645 1067 657 ‚
1076 624 1108 653 δε

120 668 235 702 nonin
243 667 416 709 majoeibus
426 689 436 704 ‚
454 677 506 707 per
515 677 595 707 quos
607 664 689 698 ariste
700 665 778 698 adeo
796 665 992 697 ordinandus
1003 665 1110 697 Eccle-

124 712 174 744 fiae
183 711 293 743 unitur
304 733 314 747 ‚
332 712 366 743 &
373 712 539 751 copulatur
549 733 558 740 .

160 754 200 786 Et
216 764 275 795 pro
291 754 348 786 hac
367 752 608 794 ‘theologorum
629 751 809 796 sententia,
833 754 922 793 quod·
940 762 977 784 ex
993 762 1106 784 corum

119 796 488 839 seriptiseolligipotest,
508 798 542 828 &
552 796 703 836 praecipue·
715 806 752 828 ex
763 795 942 832 Paludano,
961 794 1110 827 Turrecr.

121 841 220 877 Sota,
230 840 407 873 &Silvubi
417 839 503 881 supr&
513 838 713 880 infrascripta
722 838 917 880 poti-ssimum
927 838 1110 886 afferuntur.

163 883 270 916 Primo
293 893 369 916 text.
377 885 411 915 in
419 882 440 914 d
444 907 453 914 .
461 894 489 915 c.
508 883 633 919 Lector,
651 883 706 914 ubi
727 882 889 914 Martinus
899 881 982 922 Papa
993 881 1033 913 sic
1045 892 1088 913 ait
1102 893 1109 912 ι

119 927 258 970 ὶεὲῗονβ
264 926 393 959 viduam
402 927 530 959 alterius
537 937 659 957 uxorem
669 928 826 966 acceperis,
837 928 870 956 in
882 925 1038 957 Lemma
1050 934 1112 964 per-

121 979 249 1002 maneat
257 993 267 1007 ‚
277 969 454 1013 autfiforte
465 968 629 1011 necessvfit
638 991 648 1005 ‚
668 972 693 1001 S
695 968 874 1001 abdiaconus
874 967 940 1010 fiae
949 967 1049 1005 ‚nihil
1057 979 1111 1015 ‹iu-

119 1012 303 1054 remsuprak..
318 1013 474 1045 Similiter
484 1035 494 1049 ‚
514 1013 547 1044 &
558 1012 578 1043 si
590 1012 732 1052 bigamus
743 1011 838 1044 suerit
849 1011 939 1055 zQfl
950 1020 1050 1043 tex.ut
1063 1022 1110 1042 in-

119 1058 191 1098 quit
203 1057 248 1089 ibi
260 1056 409 1093 'furi-ecia
428 1055 504 1087 cuin
514 1065 579 1087 non
591 1055 682 1096 point
694 1055 805 1088 referri
816 1053 1047 1096 adspotestatem
1058 1054 1112 1086 Pa-

118 1111 162 1141 poe
173 1123 182 1136 ,
202 1101 340 1140 sequitur
350 1109 387 1130 ut
398 1098 551 1130 referatur
563 1101 600 1130 ad
612 1098 795 1139 potestatem
814 1098 1061 1145 Episcopotumz
1078 1099 1111 1129 &

119 1143 159 1175 fic
171 1142 256 1174 dieto
266 1141 400 1175 canone
411 1143 455 1174 eis
467 1142 656 1174 conceditur
667 1164 676 1178 ,
686 1151 720 1173 ut
730 1141 930 1173 cumtalibus
940 1141 1091 1181 dispenset
1102 1165 1110 1172 .

54 1197 99 1226 24
158 1184 306 1218 Secundo
317 1184 446 1217 affer-tui·
456 1195 532 1217 text.
543 1185 577 1216 in
588 1194 652 1225 cap.
670 1195 694 1216 1.
707 1183 744 1215 de
754 1183 799 1223 fi-l.
810 1181 950 1226 Presbyt.
961 1188 1034 1216 1716.
1055 1185 1110 1215 ubi

116 1238 189 1261 cum
201 1228 380 1269 illegitiinis
396 1228 489 1260 facile
500 1228 676 1269 dispensant
687 1227 827 1268 Episcopi
840 1229 878 1259 ad
899 1228 1039 1259 minores
1050 1227 1111 1258 Ot-

117 1272 208 1304 dincs
219 1296 227 1304 .
251 1272 335 1312 Ergo
346 1272 430 1304 idem
439 1272 613 1304 dicendum
621 1281 693 1303 curn
705 1270 841 1311 Bigamis
851 1293 862 1307 ,
881 1270 956 1302 cum
977 1280 1110 1312 utraque

118 1315 334 1356 irregularitas
345 1315 382 1347 sit
392 1326 427 1346 ex
438 1315 560 1347 defectu
571 1338 580 1346 .

160 1357 275 1390 Tertio
285 1358 413 1390 affertur
427 1358 459 1390 in
471 1367 693 1399 argumentum
712 1368 737 1389 c.
753 1367 778 1389 1.
800 1359 866 1403 Qui
876 1358 988 1405 Cleric.
999 1357 1050 1389 vel
1058 1369 1110 1389 vo-

116 1414 185 1434 ven.
207 1402 260 1433 ubi
271 1402 369 1434 etiam
380 1412 453 1433 cum
463 1401 613 1433 Diacono
623 1423 632 1437 ,
653 1400 708 1442 qui
720 1401 963 1433 matrimonium
984 1410 1111 1433 contra-

116 1455 230 1481 xerat,
246 1445 397 1486 dispensat
410 1445 596 1486 Episcopus.
930 1485 938 1492 .

152 1487 418 1531 Qiartoaffertur
431 1497 507 1520 text.
530 1488 563 1519 in
573 1496 640 1528 cap.
653 1489 828 1526 Virginem,
848 1497 915 1529 cap.
939 1489 976 1519 Si
987 1486 1109 1527 quisfiz-

115 1543 163 1564 aro
174 1554 184 1567 ,
195 1530 350 1571 ilsbcondo
359 1554 369 1568 ,
379 1542 405 1563 c.
415 1533 453 1564 Si
463 1542 519 1569 qua
531 1534 617 1570 virgo
629 1540 679 1570 27.
690 1529 784 1571 qnaest.
801 1541 826 1562 1.
847 1531 901 1562 ubi
913 1531 1109 1571 permittitur

120 1574 273 1616 Episcopo
283 1597 293 1611 ‚
303 1585 339 1606 ut
349 1585 424 1607 cum
435 1574 634 1606 Monialibus
644 1596 654 1610 ‚
665 1576 697 1606 δε
710 1574 883 1605 Monacliis
893 1596 902 1611 ,
921 1574 977 1614 qui
990 1575 1109 1606 nuben-

115 1620 158 1649 do
178 1618 354 1658 bigamiam
373 1627 602 1650 contraxerunt
612 1639 622 1654 ,
643 1617 892 1649 inisericordiam
914 1617 1035 1649 faciant
1046 1640 1056 1654 ,
1077 1619 1110 1649 δέ

115 1671 188 1693 eum
197 1661 314 1693 eisdem
322 1661 495 1702 dispensent
506 1686 512 1693 .

156 1704 194 1735 Et
207 1707 244 1736 ad
265 1705 467 1737 contrarium
483 1706 568 1745 quod
589 1704 685 1744 posset
703 1705 817 1735 deduci
839 1714 875 1736 ex
892 1703 1108 1745 prohibitione

119 1746 215 1779 Pauli
239 1747 270 1779 in
283 1747 420 1789 Epistola
429 1750 466 1780 ad
476 1747 590 1779 Titum
601 1770 611 1783 ,
632 1748 695 1783 ibi,
720 1749 849 1788 Oportet
860 1746 1040 1790 Episcopum
1055 1747 1110 1788 eJJe

113 1793 199 1822 unius
208 1792 314 1822 uxoris
325 1793 426 1822 virum
437 1814 445 1822 .
471 1790 672 1830 Respondent
691 1789 791 1822 solum
802 1791 890 1831 loqui
901 1794 938 1822 de
950 1790 1110 1832 Presbyte-

84 1838 90 1844 '
112 1844 150 1865 ro
159 1856 169 1870 ‚
188 1836 221 1865 &
234 1833 382 1866 Diacono
394 1857 404 1871 ‚
415 1845 480 1865 non
492 1844 597 1865 autem
606 1836 644 1865 de
655 1833 859 1865 inferioribus
869 1834 1037 1865 ordinibus
1049 1856 1058 1869 ‚
1076 1838 1109 1866 ὄε

114 1877 306 1918 generaliter
317 1878 374 1909 esse
385 1878 434 1918 jus
445 1877 612 1918 positivum
623 1900 631 1908 .
654 1877 692 1908 Et
704 1879 816 1908 eodem
838 1880 934 1908 modo
947 1877 1109 1918 responde-

110 1921 137 1951 ri
149 1919 246 1961 potest
257 1923 293 1952 ad
306 1921 369 1952 alia
381 1922 447 1960 jura
457 1920 709 1961 prohibemiame
722 1920 843 1959 Bigami
855 1921 1054 1952 ordinentur.
1062 1922 1108 1952 Ad

113 1962 370 2004 prohibitionem
379 1973 485 1995 aurem
495 1975 519 1995 c.
536 1973 563 1994 1.
573 1966 609 1994 de
620 1966 744 2001 Bigam.
756 1967 787 1994 in
800 1968 829 1994 6.
849 1963 1034 2004 responderit
1046 1987 1056 1999 ,
1076 1966 1109 1995 δε

115 2005 252 2038 maxime
266 2006 344 2038 Soto
354 2006 418 2047 post
430 2006 549 2038 silvest.
571 2006 625 2038 ubi
636 2006 720 2046 supra
732 2006 762 2037 d.
772 2015 839 2047 cap.
861 2005 938 2038 Nori
950 2008 1108 2047 prohiberi

114 2059 189 2080 cum
199 2050 315 2081 talibus
325 2049 498 2090 dispensare
511 2073 518 2080 .
540 2048 638 2081 Unde
652 2050 704 2080 ille
724 2049 840 2081 Canon
851 2049 952 2081 solum
964 2050 1107 2091 procedit

110 2102 228 2124 contra
238 2092 382 2132 Bigamos
394 2115 402 2130 ,
419 2093 549 2134 quisine
560 2092 833 2133 dispensationem
845 2092 1109 2125 liabituClerica-

116 2135 139 2167 ii
153 2135 306 2168 incedunt
316 2160 324 2167 .

159 2178 202 2210 Ex
213 2177 397 2211 Canonistis
407 2181 549 2211 eamdem
559 2179 748 2210 sententiam
765 2180 888 2212 secutus
906 2180 947 2212 est
959 2180 1106 2212 Hostien.

111 2219 159 2254 hic
168 2244 177 2258 ‚
188 2219 226 2254 Cb*
235 2225 268 2253 in
278 2222 434 2254 Summae
444 2225 602 2261 Bigam.in
614 2221 715 2261 fimibi
727 2234 733 2252 τ
747 2223 889 2264 Episcopi
901 2223 976 2255 vero
988 2223 1108 2264 dispen-

114 2265 178 2296 sare
190 2265 314 2306 possunt
326 2276 399 2297 cum
413 2266 548 2306 bigamis
558 2266 651 2306 usque
664 2268 699 2297 ad
713 2267 852 2298 minores
871 2267 999 2299 ordines
1009 2289 1018 2303 ‚
1039 2276 1106 2308 cap.

109 2309 312 2378 gnarumque,
332 2310 357 2340 il
364 2307 491 2349 secondo
511 2320 558 2347 50.
576 2307 712 2350 distine‘l.
734 2310 766 2340 ὅ(
779 2310 907 2341 adducit
927 2310 1085 2342 rationem
1097 2334 1105 2341 .

108 2351 200 2392 Qiia
209 2352 287 2384 tales
298 2362 362 2384 non
374 2353 443 2384 sunt
456 2351 607 2387 ministri,
618 2363 676 2384 nec
691 2351 853 2388 Reum-es,
864 2362 922 2384 nec
933 2354 1048 2385 liabent
1058 2353 1107 2385 os-

112 2394 223 2426 ficium
232 2395 420 2434 praedicandi
432 2418 439 2426 .
461 2394 558 2427 Unde
567 2397 605 2427 dc
617 2395 770 2427 divisione
789 2406 855 2427 non
875 2397 916 2427 est
928 2397 1106 2429 timendum

115 2447 189 2469 cum
200 2438 315 2468 talibus
334 2437 370 2468 de
379 2436 503 2478 consecr.
515 2436 649 2478 dastimsb.
662 2450 690 2470 2.
710 2451 734 2471 c.
748 2437 864 2470 Tribus
875 2463 882 2470 .
903 2439 1052 2471 Secundo
1072 2441 1106 2472 iri

109 2482 253 2512 eamdem
263 2480 278 2511 s
276 2480 451 2512 ententiam
460 2482 476 2510 a
487 2481 575 2521 Joan.
587 2484 624 2512 de
637 2483 775 2523 Friburg.
786 2482 840 2514 loc.
851 2484 905 2514 cit.
917 2483 1045 2515 affertur
1057 2483 1069 2514 1
1074 2494 1107 2515 n—

115 2533 231 2555 nocen.
244 2522 291 2554 hic
299 2545 308 2559 ,
321 2523 358 2554 Θ·
366 2526 398 2554 in
407 2524 544 2564 c.Nuper
555 2527 587 2554 in
598 2524 660 2555 eod.
680 2526 736 2565 qui
747 2535 852 2557 tamen
864 2529 922 2558 lioe
937 2538 1001 2558 non
1012 2527 1104 2563 dicit,

111 2563 178 2598 i'mo
189 2568 221 2597 in
229 2577 256 2598 c.
266 2570 362 2606 Super
372 2577 423 2601 eo,
446 2566 550 2605 aperte
572 2567 665 2598 sentit
686 2569 884 2601 contrarium
893 2591 903 2605 ‚
923 2579 957 2601 ut
972 2569 1104 2602 inferius

111 2610 253 2641 dicetur.
265 2609 379 2641 Tertio
390 2610 542 2649 allegatur
555 2609 641 2641 Rota
652 2612 684 2641 in
693 2609 792 2651 novis
801 2609 863 2642 dcc.
875 2621 949 2651 447.
961 2623 1028 2653 quse
1040 2624 1106 2645 mo-

111 2652 154 2683 do
165 2652 206 2684 est
216 2653 317 2694 prima
327 2653 380 2685 sub
391 2655 442 2684 tit.
452 2651 488 2684 dc
501 2656 621 2692 Bigam.
632 2664 679 2684 nu.
696 2663 721 2686 1.
730 2652 826 2694 infin.
849 2655 939 2696 cujus
959 2657 1021 2688 liaec
1034 2656 1104 2690 sunt

112 2697 208 2727 verba
222 2705 230 2724 ε
250 2695 368 2738 Qioad
381 2696 520 2727 minores
531 2696 670 2728 Ordines
692 2695 862 2728 secundum
873 2698 994 2739 aliquos
1005 2699 1104 2733 etiam

109 2738 252 2779 Episcopi
264 2739 385 2779 possunt
396 2739 567 2779 dispensare
579 2749 651 2771 cum
673 2750 747 2771 vero
760 2740 887 2779 bigamo
899 2764 907 2771 .
929 2740 1049 2776 Verum
1059 2744 1105 2775 di—

116 2782 163 2814 sti
181 2782 298 2815 decisio
315 2784 390 2814 dum
409 2782 509 2822 postea
530 2782 696 2814 concludit
709 2805 718 2818 ‚
749 2783 808 2813 hoc
830 2783 966 2816 aliorum
983 2786 1102 2818 dic'tum

115 2835 182 2857 non
194 2825 343 2867 sequitur,
357 2825 422 2857 imo
433 2825 536 2865 potius
548 2826 664 2868 rejicit.
675 2825 745 2858 Nec
759 2826 899 2862 additio,
910 2828 961 2858 seu
972 2840 1104 2864 annota-

111 2868 171 2904 tio,
179 2879 247 2910 quae
258 2869 386 2909 ponitur
398 2869 431 2901 in
442 2869 503 2900 fine
513 2868 634 2900 dictatu
643 2879 673 2900 m
682 2868 878 2901 decisionum
887 2870 940 2901 sub
950 2872 1040 2903 rimie
1051 2875 1104 2905 Bi-

110 2921 193 2950 gam.
215 2912 245 2943 id
254 2912 387 2944 affirmat
398 2935 407 2948 ‚
427 2912 492 2944 imo
503 2914 536 2944 &
548 2912 607 2953 ipsa
619 2912 723 2954 potius
736 2912 872 2944 insinuat
882 2915 1083 2947 eontrarium
1093 2939 1103 2952 ,

112 2955 188 2985 dum
200 2953 316 2996 inquit,
328 2955 516 2987 Pontificem
527 2966 592 2987 non
601 2956 697 2987 solere
710 2965 782 2987 cum
795 2956 910 2987 talibus
920 2957 1102 2998 dispensare,

113 3006 148 3027 ut
159 2997 271 3036 poffint
281 2999 439 3036 ordinari5
452 2998 529 3031 licet
542 2998 716 3039 indulgeat,
726 3009 758 3030 iit
771 2999 886 3039 possint
898 3003 1033 3039 gaudere
1044 3002 1103 3042 pri-

111 3039 231 3077 vilegio
241 3039 524 3078 Clericoriim‚non
534 3042 678 3076 obstante
689 3042 981 3082 bigainia,subdens·
995 3047 1103 3076 crede-

112 3093 144 3113 re
155 3083 292 3119 etiamid
303 3083 494 3117 Ordinarios
506 3084 608 3116 facere
620 3086 700 3125 posse
715 3085 821 3116 ,Alios
833 3084 1022 3118 Crinonistas
1036 3098 1102 3119 non

112 3126 187 3165 legi,
197 3126 292 3166 quiid
305 3127 447 3164 asserant,
457 3128 533 3160 licet
546 3128 578 3162 in
590 3137 703 3167 genere
714 3128 862 3160 dicantur
874 3130 971 3170 aliqui
985 3129 1103 3162 Dosto-

113 3178 160 3200 res
173 3168 203 3199 id
216 3178 322 3200 tenere
333 3167 380 3201 hic
390 3192 400 3205 ‚
412 3171 448 3202 &⁶
458 3183 481 3202 c.
498 3173 676 3203 i.ecrd.tit.in
687 3176 716 3204 6.
728 3171 870 3203 Tantum
882 3182 938 3213 pro
947 3173 1002 3204 hac
1015 3181 1102 3213 parte·

111 3211 239 3244 videtui·
249 3212 330 3252 posse
341 3213 448 3245 induci
459 3215 499 3253 gl.
512 3213 563 3252 fin.
574 3218 606 3246 in
616 3218 645 3247 d.
658 3227 681 3246 c.
696 3227 724 3246 2.
737 3217 770 3246 in
778 3218 873 3255 princ.
886 3214 923 3248 ῥ’
933 3217 963 3247 d.
977 3228 1000 3247 c.
1020 3218 1103 3262 Qi-

110 3263 229 3291 cumque
238 3253 361 3293 dest-50·
371 3258 446 3287 dum
458 3257 555 3297 signat
564 3269 629 3293 eos,
640 3261 679 3291 de
689 3259 802 3300 quibus
815 3259 847 3289 in
859 3269 946 3290 textu
956 3261 1038 3300 posse
1049 3272 1103 3292 ac-

112 3297 217 3338 cipere
229 3298 369 3329 minores
380 3297 519 3332 Ordines
531 3323 538 3331 .
558 3300 659 3343 Cujus
672 3302 835 3334 sententiae
847 3301 907 3333 fuit
918 3303 1015 3334 etiam
1026 3304 1103 3336 Gra-

113 3340 220 3373 tianus
229 3340 303 3381 ,qui
315 3351 349 3372 ut
361 3351 444 3381 patet
454 3345 486 3373 in
497 3345 523 3378 §.
539 3343 600 3376 Sed
610 3344 706 3385 postea*
715 3368 725 3382 ,
737 3354 808 3376 ante
821 3348 886 3377 c.Si
896 3345 1102 3378 Subdiaconus

114 3381 239 3425 dast.34.
252 3384 358 3416 asserir
371 3383 484 3424 Papam
494 3386 674 3419 Martinam
685 3388 968 3421 condescendendo
984 3397 1102 3431 tempo-

117 3435 187 3458 rum
196 3426 332 3459 defestui
344 3428 527 3460 concessisse
537 3429 680 3470 bigamos
691 3431 775 3470 posse
787 3431 938 3464 constitui
952 3432 985 3464 in
996 3434 1102 3465 mino-

113 3469 200 3500 ribus
210 3469 389 3503 Ordinibus
400 3471 438 3503 ὅ]
451 3470 678 3516 ς.[ειιι].[ιψάίτε
693 3474 773 3505 Item
786 3475 981 3513 concessum,
992 3486 1027 3508 ut
1038 3477 1104 3508 sub-

113 3510 235 3544 sistente
246 3513 426 3546 necessitate
437 3514 562 3556 possent
574 3515 668 3557 usque
689 3518 726 3548 ad
738 3517 1015 3552 Subdiaconatum
1033 3530 1103 3562 pro-

200 3555 301 3597 Ptosp.
310 3559 338 3590 F
339 3565 448 3598 agnan.
460 3560 492 3590 in
503 3560 529 3592 I.
542 3555 626 3591 Libr.
639 3560 793 3592 Decretal.

55 1367 92 1399 25

50 1492 89 1522 26

50 1713 93 1743 27

52 2181 94 2212 28

1976 128 2080 179 497

1142 193 1281 225 moveri.
1295 193 1404 227 Edioc
1414 194 1747 238 estquod-scripserunt
1759 194 1864 230 Palud.
1885 196 1917 229 Sc
1928 194 2128 232 Turrecrei‘m

1141 233 1308 276 ubisupra‘,
1328 238 1455 278 bigamo
1466 249 1532 271 non
1542 239 1634 272 fuisse
1645 240 1851 273 necessariam
1860 240 2126 281 dispensationem

1142 278 1306 320 Episcopi,
1325 280 1384 313 nisi
1394 291 1450 322 pro
1460 282 1647 324 accipiendo
1657 283 1913 316 Subdiaconatm

1186 320 1380 362 Negativam
1400 333 1487 356 tenet
1507 327 1548 365 gl.
1560 325 1679 358 indist-
1699 336 1766 367 cap.
1779 327 1884 360 Leffor
1894 325 1964 368 dist.
1986 337 2035 368 34.
2057 338 2132 361 nam
2153 338 2194 368 29

1143 364 1189 396 ibi
1201 366 1305 404 agitur
1315 368 1353 397 de
1364 367 1540 408 minoribus
1551 367 1729 401 Ordinibus
1742 382 1752 400 :
1771 379 1848 402 tunc
1860 370 1949 402 enim
1959 370 2131 403 subdiaco-

1144 417 1236 439 natus
1247 419 1312 440 non
1319 420 1385 441 erar
1395 411 1437 441 de
1445 411 1617 452 majoribus
1626 435 1636 448 ‚
1658 414 1692 444 δε
1702 422 1807 444 tamen
1818 414 1918 454 glossa
1928 414 2083 455 intelligit
2095 416 2132 447 il-

1145 451 1210 482 lum
1221 460 1343 483 textum
1354 452 1440 493 loqui
1453 463 1519 485 non
1529 456 1567 486 de
1579 454 1793 496 Episcop0‚sed
1803 457 1843 488 de
1854 456 1987 488 Sum-mo
1999 457 2132 490 Pontifi-

1144 493 1330 529 cainonem
1340 495 1426 527 secus
1434 496 1496 528 esse
1505 498 1544 528 de
1554 496 1797 538 Episcopm&‘in
1808 498 2037 539 d.c.Wrginem‚
2047 501 2135 533 abso-

1145 535 1211 568 lute
1222 537 1302 569 dicit
1312 537 1497 579 Episcopum
1509 550 1574 571 non
1595 540 1769 581 dis-pensare
1787 542 1820 574 in
1831 543 1968 583 b'gamia
1979 565 1989 580 ,
2020 544 2132 577 Innoc.

1145 579 1223 611 item
1234 577 1284 611 hic
1298 581 1380 612 idem
1391 581 1484 614 sentit
1493 582 1641 614 ibi-Nota
1652 583 1727 621 quod
1737 595 1792 616 non
1803 585 1876 617 licet
1887 585 2061 627 dispensare
2069 599 2135 620 cum

1145 621 1263 661 bigamo
1272 646 1282 660 ‚
1294 623 1369 662 quod
1372 623 1474 664 fateor
1481 627 1514 656 in
1529 627 1555 657 E
1558 625 1776 668 p1st0p0,Papa
1786 637 1886 660 autem
1896 628 1988 670 potest
1996 629 2082 670 ufi1ue
2091 631 2136 662 ad

1145 669 1170 698 S
1172 665 1402 699 abdiacomtum
1416 678 1465 709 34.
1474 667 1542 710 dist·
1553 680 1577 701 c.
1590 671 1698 701 [letter
1707 693 1715 701 .
1734 670 1773 701 Er
1796 670 1982 712 Episcopum
1992 683 2057 705 non
2070 675 2135 714 pos·

1146 709 1174 741 se
1185 720 1259 741 cuin
1269 710 1416 751 bigamo,
1436 721 1495 743 nec
1515 712 1552 743 in·
1569 713 1747 745 minoribus
1766 712 1943 746 Ordinibus
1961 715 2134 756 dispensare

1147 762 1260 785 contra
1268 753 1356 785 Host.
1369 764 1478 787 teuent
1489 755 1540 786 liic
1550 755 1687 796 expresse
1698 756 1745 796 Jo.
1758 756 1858 788 Andr.
1870 756 1971 788 Aucti.
1992 758 2088 792 Card.
2100 763 2136 793 δε

1147 796 1228 827 Abb.
1243 797 1329 829 Idem
1351 807 1438 829 tenet
1460 798 1638 831 Franciscus
1655 799 1818 831 Glossator
1827 822 1836 835 ,
1859 809 1953 840 quem
1967 801 2061 834 refert
2084 804 2131 844 Jo.

1147 841 1245 871 Andr.
1256 842 1290 871 in
1300 852 1324 872 c.
1341 851 1365 872 1.
1376 842 1452 880 gl·.2.
1464 842 1501 873 de
1510 839 1623 881 bigam.
1636 845 1669 873 in
1678 847 1707 874 6.
1721 843 1807 874 Idem
1818 842 1915 875 etiam
1925 843 1970 875 ibi
1982 843 2137 878 affirmant

1147 883 1274 916 Geinin.
1283 882 1345 924 post
1353 895 1432 916 num.
1445 893 1471 924 ς.
1483 887 1515 917 &
1528 886 1673 917 Ancli-ibi
1683 890 1744 917 n-6.
1755 887 1788 918 &
1799 885 1906 918 Franc.
1918 898 1947 918 n.
1960 897 1989 927 4.
2000 888 2139 929 expressi}

1147 935 1291 958 tenentes
1303 927 1487 968 Episcopum
1497 940 1563 960 non
1573 929 1743 970 dispensare
1754 940 1829 962 cum
1838 929 1965 970 bigamo
1974 952 1984 966 ,
1996 941 2053 963 nec
2063 942 2142 973 quo-

1148 971 1184 1000 ad
1196 969 1335 1002 minores
1345 970 1483 1003 Ordines
1492 995 1499 1002 .
1512 972 1591 1004 Item
1601 975 1633 1004 in
1644 972 1674 1004 d.
1686 984 1711 1004 c.
1723 973 1842 1005 Leffor.
1858 973 1944 1006 Idem
1955 974 2084 1006 Gemin.
2094 984 2140 1007 at-

1147 1011 1276 1044 testatur
1285 1014 1365 1045 hanc
1377 1015 1435 1046 effe
1445 1025 1648 1047 communem
1659 1038 1669 1052 ,
1691 1015 1767 1048 sicut
1778 1018 1816 1049 de
1827 1017 1993 1050 communi
2012 1018 2139 1051 attesta-

1148 1065 1199 1087 tur
1208 1056 1324 1088 ibidem
1336 1057 1428 1098 Praep.
1446 1059 1499 1099 qui
1510 1058 1632 1099 prolixe
1647 1059 1760 1091 trastat
1771 1059 1851 1092 hanc
1861 1059 2063 1101 quaestionem
2072 1083 2083 1098 ·,
2103 1063 2139 1093 &

1148 1100 1255 1132 multis
1266 1101 1346 1132 lianc
1359 1100 1546 1134 sententiam
1558 1124 1567 1138 ,
1587 1103 1682 1143 quim
1700 1102 1778 1135 dicit
1799 1113 2005 1136 communem
2024 1114 2140 1137 tuetur

1147 1144 1342 1183 argumentis
1356 1167 1363 1174 .
1385 1143 1434 1176 De
1445 1146 1609 1177 communi
1631 1146 1727 1177 etiam
1739 1145 1867 1178 testatur
1883 1146 1974 1187 Joant
1996 1147 2140 1180 Montai-

1146 1195 1207 1226 gne
1216 1185 1253 1217 de
1261 1185 1372 1225 bigam.
1383 1186 1474 1229 quest.
1487 1189 1541 1219 ult.
1558 1187 1619 1228 pos}
1627 1199 1707 1220 num.
1724 1198 1773 1229 1-3.
1789 1188 1867 1229 vers]
1886 1189 2025 1222 Secunda
2035 1200 2139 1223 autem

1146 1239 1221 1270 pars
1231 1252 1240 1265 ,
1262 1230 1316 1262 ubi
1327 1241 1436 1270 praeter
1447 1232 1524 1263 alios
1544 1235 1580 1263 ad
1591 1232 1673 1264 idem
1695 1232 1773 1263 citat
1784 1232 1876 1264 Imol.
1898 1236 1931 1265 δέ
1944 1233 2080 1266 Alberic.
2100 1236 2140 1267 de

1149 1272 1217 1304 Ros
1215 1282 1265 1305 ate
1275 1295 1285 1309 ‚
1301 1275 1334 1305 &
1344 1284 1413 1306 eam
1435 1276 1619 1315 comprobat
1630 1298 1639 1311 ‚
1661 1276 1694 1306 &
1716 1275 1880 1316 respondet
1901 1279 1938 1308 ad
1961 1278 2139 1310 contraria.

1146 1316 1256 1348 Eidem
1265 1316 1424 1348 sententie
1437 1321 1471 1349 ad
1477 1319 1568 1349 lioeret
1581 1317 1713 1349 Tabien.
1731 1316 1812 1359 vers:
1833 1321 1981 1358 Bigamia
2002 1320 2096 1362 quaest.
2107 1331 2140 1359 7.

1146 1359 1260 1401 Angel.
1273 1359 1316 1392 ibi
1326 1372 1373 1391 mi.
1385 1364 1413 1392 8.
1426 1361 1560 1393 Navarr.
1572 1370 1636 1401 cap.
1650 1370 1699 1398 27.
1709 1372 1789 1392 num.
1804 1371 1872 1399 197.
1886 1361 1967 1402 versi
1979 1367 2078 1396 Sexto‘
2089 1363 2142 1395 di—

1145 1414 1177 1434 co
1189 1426 1196 1439 ‚
1216 1402 1349 1435 Covarr.
1360 1404 1536 1444 qui-iridem
1543 1404 1621 1436 dicit
1645 1415 1849 1437 communem
1870 1405 1904 1437 in
1923 1405 2028 1439 Clem.
2053 1417 2079 1439 1.
2102 1406 2142 1439 de

1146 1445 1286 1478 homicid.
1298 1455 1366 1487 par.
1383 1457 1406 1479 i.
1422 1450 1481 1484 §.2.
1492 1458 1571 1479 num.
1583 1458 1614 1487 4.
1641 1448 1799 1488 &Maioh
1822 1447 2026 1488 delrregular.
2038 1451 2091 1482 lib.
2115 1460 2142 1482 1.

1145 1498 1212 1530 cap.
1226 1500 1238 1530 3
1248 1499 1273 1530 3.
1284 1501 1364 1521 num.
1377 1502 1405 1530 4.
1426 1491 1481 1531 qui
1494 1493 1529 1522 ad
1551 1492 1845 1523 corroborationem
1867 1492 1962 1535 hujus
1982 1493 2143 1525 sententia:

1146 1543 1234 1574 putat
1245 1533 1356 1564 adduci
1367 1534 1447 1574 posse
1459 1537 1496 1566 ad
1508 1533 1693 1566 Concilium
1702 1533 2003 1577 Tridentinumfi’ff:
2023 1546 2142 1578 aga-api

1151 1585 1197 1614 17.
1209 1575 1307 1617 infin.
1330 1577 1507 1610 Adducitut
1518 1578 1594 1610 item
1619 1579 1658 1610 ab
1678 1577 1784 1610 iisdem
1794 1579 1989 1612 Autlioribus
2002 1579 2091 1613 Rota
2101 1581 2144 1612 ci*

1147 1629 1214 1651 tata
1224 1622 1285 1651 dec.
1297 1629 1372 1660 447.

1190 1662 1287 1694 Porro
1299 1665 1378 1695 lianc
1391 1663 1651 1706 Tlieologoruin,
1672 1667 1705 1698 &
1724 1664 1970 1700 Canonistarum
1986 1667 2143 1701 diffenfio-
2167 1679 2206 1711 30

1147 1716 1219 1737 nem
1230 1707 1394 1738 Gomeflde
1408 1707 1619 1741 Bremb.n.20.
1632 1719 1719 1750 putat
1733 1710 1771 1741 sic
1785 1711 1865 1753 posse
1878 1711 2144 1749 conciliari,vide-

1147 1750 1221 1781 licet
1233 1772 1242 1786 ,
1264 1760 1299 1782 ut
1310 1751 1418 1791 opinio
1429 1751 1673 1794 §anoni-starium
1693 1755 1843 1793 procedat
1863 1756 2050 1795 regulariter
2070 1766 2145 1787 cum
2167 1765 2202 1798 31

1146 1795 1276 1824 decreto
1285 1794 1431 1834 Gregorii
1442 1795 1481 1826 X.
1500 1795 1534 1826 in
1545 1796 1695 1827 Generali
1708 1795 1861 1829 Concilio
1870 1798 2072 1840 *Lugdunensi
2081 1800 2144 1831 edi-

1147 1846 1192 1871 to,
1203 1847 1238 1867 ae
1251 1838 1350 1868 relato
1360 1841 1395 1869 in
1406 1840 1462 1869 asc.
1471 1848 1480 1869 i
1488 1837 1689 1878 ‚de-bigamin
1700 1840 1855 1881 6-l3igami
1866 1842 1982 1875 nedum
1993 1843 2154 1875 declarent-

1147 1889 1198 1910 tur
1208 1880 1296 1912 omni
1305 1879 1457 1913 Clericali
1468 1882 1634 1924 privilegio
1644 1884 1768 1920 nudati,
1780 1884 1828 1915 sed
1841 1885 1972 1926 amplius
1987 1886 2040 1919 sub
2050 1897 2148 1927 poena

1147 1925 1357 1955 anathematis
1369 1925 1576 1964 prohibentur
1585 1926 1767 1963 tonsuram,
1789 1929 1836 1959 vel
1849 1929 1991 1961 liabitiiin
2001 1929 2144 1962 Clerica-

1147 1967 1207 1997 lem
1218 1965 1587 2009 deferre.Tlicologorum
1600 1979 1705 2000 autem
1716 1969 1870 2003 sententia
1882 1973 2069 2005 admittatur
2079 1983 2150 2006 tan·
2173 1984 2208 2015 32

1145 2009 1215 2041 tsim
1226 2010 1258 2041 in
1270 2010 1332 2042 illis
1343 2011 1462 2043 casibus
1472 2035 1480 2047 ,
1498 2012 1530 2043 in
1541 2012 1655 2053 quibus
1666 2012 1762 2044 subest
1785 2014 1949 2055 legitima»,
1970 2017 2003 2048 δε
2014 2017 2144 2049 evidens

1145 2053 1235 2084 causa
1246 2076 1255 2089 ‚
1275 2054 1351 2094 quia
1362 2055 1416 2086 tali
1427 2055 1606 2096 casu-potest
1629 2055 1797 2096 Episcopus
1817 2068 1932 2091 contra
1950 2059 2142 2093 Concilium

1144 2099 1161 2127 d
1168 2097 1326 2136 ispensaoe.»
1339 2109 1376 2129 ex
1390 2098 1649 2140 Roman.corq.42
1657 2100 1901 2141 7.col.penult.e'9”
1913 2102 1988 2146 confi
1996 2113 2009 2144 3
2017 2115 2031 2134 2
2039 2106 2102 2144 §.in
2112 2115 2143 2143 4.

1147 2141 1236 2171 cos&
1247 2141 1319 2172 esset
1330 2141 1483 2173 sufficiens
1494 2142 1585 2174 causa
1598 2142 1820 2180 litteratura,&
1832 2146 2073 2184 nobilitas‚siciit
2086 2147 2146 2179 suis

1144 2184 1338 2224 temporibus
1362 2186 1463 2227 major
1484 2185 1741 2218 Poenitentiarius
1754 2188 1943 2228 dispensavit
1955 2201 2028 2222 cum
2049 2191 2146 2223 Fabio

1144 2226 1377 2267 Mignai·erello
1395 2229 1564 2260 Advocato
1583 2228 1802 2262 consistoriali
1822 2234 1859 2264 ad
1879 2233 2012 2274 primam
2032 2244 2087 2266 ton
2096 2232 2145 2265 sii-

1144 2280 1210 2301 ram
1222 2292 1231 2306 ‚
1251 2273 1282 2302 &
1296 2272 1375 2302 lianc
1390 2271 1767 2305 limitationein-Gomesii
1786 2276 1930 2308 admittit
1941 2276 2076 2310 Covarr.
2088 2280 2141 2309 loc.

1143 2315 1196 2345 cit.
1208 2316 1338 2354 quando
1351 2314 1443 2346 causa
1453 2315 1648 2355 dispensandi
1658 2316 1730 2348 esser
1743 2319 1846 2358 gravis
1857 2341 1866 2355 ‚
1887 2319 1937 2351 seu
1947 2321 2084 2353 maxima
2098 2345 2105 2351 .

1187 2355 1347 2389 Ceterum
1359 2368 1425 2389 non
1436 2358 1559 2390 videtur
1570 2362 1783 2392 recedendum
1795 2363 1812 2392 a
1833 2361 1992 2395 sententia
2002 2363 2145 2396 Canoni-

1145 2399 1355 2442 starum,quia
1366 2402 1539 2442 potioribus
1551 2402 1737 2439 rationibus,
1749 2406 1781 2435 <Sc
1794 2405 2042 2439 authoritatibus
2053 2407 2146 2440 sulci-

1144 2443 1375 2485 tiii·,pi·aelertiiii
1386 2443 1490 2476 Siricii
1500 2466 1510 2481 ‚
1521 2446 1553 2476 &
1564 2445 1680 2478 Gelasii
1691 2445 1791 2486 Papae,
1802 2447 1918 2480 Concil
1928 2448 2032 2481 iorum
2043 2449 2144 2492 Nice-

1143 2487 1196 2523 ni,
1217 2487 1433 2528 Lugdunenfis
1445 2510 1455 2525 ,
1487 2488 1674 2519 Arelatensis
1686 2511 1695 2524 ‚
1724 2493 1755 2521 ὅ(
1779 2491 1916 2524 aliorum
1940 2493 2114 2526 Canonuin
2133 2516 2142 2529 ‚

1142 2532 1180 2562 de
1190 2531 1304 2572 quibus
1317 2530 1394 2562 infra
1404 2552 1414 2566 ,
1435 2541 1470 2562 ut
1479 2531 1595 2562 clarius
1606 2532 1724 2572 patebit
1735 2544 1770 2566 ex
1784 2534 2036 2576 responsionibus
2049 2538 2086 2569 ad
2099 2547 2144 2569 ar-

1142 2583 1295 2615 gumenta
1305 2573 1545 2615 Tlieologorum
1558 2597 1565 2605 .

1179 2617 1228 2649 Ad
1240 2617 1374 2658 primum
1385 2617 1501 2657 igitur,
1521 2619 1553 2649 &
1565 2619 1755 2660 praecipuum
1768 2632 1881 2654 eorum
1890 2622 2135 2657 fundamentum
2164 2634 2202 2667 33

1143 2660 1298 2701 sumptum
1308 2671 1343 2691 ex
1364 2671 1388 2692 c.
1400 2661 1506 2692 Leflor
1518 2659 1587 2701 dist.
1600 2672 1648 2703 34.
1669 2663 1874 2704 respondetur
1896 2667 2053 2699 declarari
2072 2667 2141 2709 qui-

1142 2706 1214 2735 dem
1234 2704 1297 2734 illic
1311 2703 1453 2743 bigamos
1477 2714 1592 2737 contra
1612 2706 1752 2744 Apostoli
1765 2730 1775 2743 ,
1795 2710 1827 2740 ὅ(
1840 2707 2071 2742 Conciliorum
2088 2710 2145 2743 sta-

1142 2756 1213 2778 tuta
1223 2746 1339 2787 sperare
1352 2747 1432 2786 posse
1443 2768 1453 2782 ,
1472 2758 1505 2779 ut
1517 2748 1561 2779 eis
1583 2751 1780 2781 concedatur
1801 2753 1988 2784 exercitium
2001 2776 2010 2790 ‚
2032 2753 2083 2787 seu
2103 2754 2145 2786 as-

1145 2789 1280 2831 sumptio
1302 2790 1463 2821 minorum
1489 2790 1649 2826 Ordinum
1666 2815 1676 2829 ‚
1715 2796 1746 2825 &
1775 2794 1811 2828 in
1830 2806 1889 2827 nec
1898 2806 1914 2828 e
1923 2796 2023 2829 ffirate
2046 2797 2144 2831 etiam

1142 2832 1394 2864 Subdiaconatus
1404 2855 1414 2869 ,
1438 2833 1485 2865 sed
1500 2844 1564 2865 non
1585 2836 1711 2868 decerni
1733 2847 1784 2877 per
1804 2848 1903 2878 quem
1927 2840 2040 2872 debeat
2059 2840 2145 2873 dista

1141 2875 1329 2916 dispensatio
1338 2898 1347 2911 ,
1366 2875 1417 2907 scu
1428 2877 1529 2915 gratia
1541 2878 1586 2908 eis
1597 2880 1752 2916 concedi,
1772 2892 1880 2922 neque
1895 2882 1981 2915 eniin
1991 2883 2143 2916 tribuitur

1142 2919 1191 2955 iis,
1200 2919 1314 2960 quibus
1326 2919 1418 2951 antei
1427 2930 1492 2951 non
1503 2931 1569 2953 erat
1586 2922 1728 2962 permissa
1739 2923 1794 2964 liec
1809 2925 1959 2965 potestas,
1969 2936 2003 2958 ut
2016 2927 2050 2959 in
2062 2927 2144 2959 simi-

1143 2962 1164 2993 li
1175 2963 1340 3002 respondet
1352 2961 1494 2994 l’ontifex
1506 2966 1538 2994 in
1549 2973 1616 3004 cap.
1631 2967 1684 2996 Ex
1696 2967 1792 2998 multa
1802 2970 1834 2999 in
1848 2967 1901 3008 fin.
1912 2967 1948 3000 d‘e
1961 2979 2028 3001 voto
2040 2994 2048 3001 .
2057 2968 2143 3002 (jum

1142 3005 1239 3045 igitur
1260 3015 1333 3036 ante
1353 3004 1467 3046 Papam
1488 3006 1665 3039 Matrinum
1687 3008 1749 3041 liaec
1769 3010 1958 3052 dispensatio
1979 3022 2144 3053 tamquam

1141 3048 1303 3079 contraria
1313 3050 1478 3080 Generalis
1488 3049 1631 3082 Concilii
1645 3061 1802 3095 praecepto
1817 3077 1827 3091 ,
1846 3066 1921 3087 cont
1929 3067 1963 3088 ra
1973 3058 2059 3098 quod
2070 3055 2143 3096 Epi-

1142 3091 1250 3131 scopus
1263 3101 1327 3122 non
1341 3092 1533 3131 permittitur
1543 3093 1714 3134 dispensare
1725 3117 1736 3133 ‚
1746 3106 1779 3128 ut
1790 3098 1923 3130 liabetur
1936 3100 1968 3131 in
1982 3108 2141 3138 extravag-

1141 3134 1242 3168 Um'ca
1253 3157 1263 3171 ,
1273 3134 1363 3174 Joan.
1375 3135 1478 3166 XXII.
1494 3135 1665 3179 §.Q-uidam
1677 3148 1778 3171 autem
1788 3141 1824 3172 de
1835 3142 1921 3181 relig.
1933 3141 2041 3173 domib.
2052 3140 2138 3182 gloss,

1141 3179 1174 3208 in
1185 3186 1251 3218 cap.
1263 3176 1343 3209 Cam
1354 3176 1479 3209 dila-{ius
1490 3181 1522 3210 in
1533 3183 1640 3211 ’μεν-,1η
1650 3191 1738 3214 «etate
1746 3182 1784 3215 de
1793 3185 1877 3216 eleis.
1891 3185 1934 3217 eis
1945 3195 2016 3217 non
2025 3195 2149 3225 compe-

1142 3230 1224 3252 teret
1236 3242 1245 3256 ‚
1265 3222 1298 3251 δέ
1318 3230 1354 3251 ex
1376 3231 1415 3251 eo
1434 3221 1531 3254 etiam
1551 3223 1595 3254 eis
1607 3234 1673 3256 non
1697 3228 1956 3266 permitteretur,
1973 3229 2058 3268 quod
2069 3227 2144 3260 esset

1141 3273 1256 3295 contra
1270 3262 1412 3304 Apostoli
1425 3274 1612 3306 praeceptiim
1627 3289 1637 3304 ‚
1660 3268 1694 3300 in
1706 3280 1771 3310 quo
1792 3270 1922 3302 inferior
1940 3268 1958 3300 a
1979 3269 2067 3311 Papa,
2077 3280 2143 3303 non

1141 3306 1292 3346 dispensat
1304 3328 1313 3342 ‚
1332 3305 1426 3338 utliic
1439 3318 1534 3347 paret,
1545 3311 1577 3341 ὅ(
1588 3309 1712 3344 dictum
1724 3312 1766 3344 est
1777 3313 1862 3352 supra
1872 3315 1905 3343 in
1916 3313 1970 3345 ult.
1991 3322 2052 3345 not.
2062 3324 2142 3346 num.

1142 3349 1252 3390 utique
1262 3371 1272 3385 ‚
1293 3359 1352 3381 nec
1364 3359 1418 3390 per
1429 3350 1507 3383 illud
1519 3351 1611 3394 Papae
1632 3354 1771 3387 Martini
1783 3355 1964 3396 rescriptum
1975 3356 2065 3388 dietis
2076 3356 2146 3400 Epi-

1142 3392 1240 3432 scopis
1252 3392 1349 3432 potest
1358 3392 1423 3424 dici
1432 3395 1506 3426 data
1518 3394 1654 3429 facultas
1670 3397 1874 3437 dispensandi,
1885 3398 1932 3430 sed
1944 3400 2047 3440 potius
2059 3399 2144 3441 Papae

1141 3436 1313 3471 reservata,
1322 3444 1356 3466 ut
1368 3435 1504 3470 insinuat
1515 3439 1651 3471 Siricius
1665 3439 1745 3480 Papa
1754 3443 1788 3472 in
1799 3440 2047 3487 Augustumque
2056 3445 2148 3488 poeni-

1142 3487 1207 3511 tens
1220 3476 1286 3509 ead.
1298 3477 1368 3519 dist.
1381 3488 1431 3518 50.

1181 3522 1274 3554 Addo
1284 3525 1428 3562 praeterez'i
1452 3523 1551 3556 videri
1562 3524 1627 3557 alio
1638 3524 1795 3567 respexisse
1814 3525 1927 3570 Papam
1947 3529 2126 3562 Martinum
2136 3551 2146 3566 ,
2170 3538 2207 3573 35

1736 3570 1749 3600 1
1770 3581 1780 3601 i
2012 3571 2106 3612 qiiiim
2207 3569 2212 3576 ’

2170 3194 2209 3226 34
