2397 3664
170 1946 231 1978 390

173 2333 229 2364 391

330 98 398 153 82

260 179 311 211 die
321 182 483 208 videamus
498 173 625 206 scribere
636 179 780 212 utrinque
796 170 984 202 advocator,
1008 166 1027 197 li
1051 166 1109 209 [χοε
1121 166 1246 199 licitum

259 231 325 253 non
333 221 404 251 esset
413 238 424 253 ,
439 216 629 256 consequens
639 214 709 247 esset
717 232 726 245 ‚
744 220 778 242 ut
788 210 932 243 advocati
953 208 1029 249 pene
1039 217 1150 256 omnes
1159 210 1246 240 dam-

258 272 424 297 narentur,
441 259 588 294 &falsum
598 257 688 288 esset,
705 251 940 293 quodaitHost.
951 254 983 287 in
1003 261 1157 295 proca-mio
1166 250 1246 282 sum-

259 317 316 339 ma:
332 313 338 339 ἱ
357 303 416 337 Ad
422 312 540 336 vocatos
549 295 640 332 r'erios
650 298 805 330 meliorem
813 293 1022 340 vitamfncere
1031 315 1042 332 ,
1063 292 1153 332 quae'm
1163 295 1246 330 Fra-

256 359 322 381 tres
330 347 562 383 Praedicatores‚
580 341 632 373 vel
648 339 728 372 alios
737 336 917 379 Religiosos.
940 337 1019 369 Sunt
1038 347 1094 380 pro
1103 337 1168 382 bac·
1179 336 1245 370 sen-

259 394 358 425 tentia
368 390 408 422 D.
418 388 569 421 Antonin.
576 391 637 424 με.
645 386 696 414 tit·
704 391 728 413 ι.
739 393 763 414 c.
771 391 818 418 19.
828 379 972 419 §.saliis
981 379 1023 422 est
1035 390 1059 420 3.
1063 387 1090 421 p.
1100 382 1242 413 elnac-2.

259 433 466 475 §.14.Ang,in
476 439 540 460 ver.
554 424 736 459 advocatus
745 434 847 463 ,ot-17.
859 424 933 461 Silv‘.
944 423 1088 464 cadmus.
1098 433 1178 462 qao.
1187 423 1246 455 Ar-

261 467 345 510 milla
353 487 381 507 n.
395 485 441 505 20.
451 471 568 503 Navar.
579 471 612 500 in
623 469 770 502 Mmuat.
780 475 855 507 c-25.
867 469 950 499 n-28.
961 466 1043 508 verfi
1056 465 1247 511 Qamvisfi

258 520 345 560 cauſsa
354 515 395 559 est
403 512 493 546 dubia
502 533 514 549 ,
533 513 598 546 Sot.
609 510 660 546 lib.
671 521 695 543 ι.
705 510 743 544 de
751 509 859 554 jaff&
866 511 924 551 jur.
934 520 962 552 q.
973 513 1002 543 8.
1013 509 1116 544 Tolet.
1127 509 1245 550 insum.

276 561 315 595 ib.
344 582 351 590 .
361 571 385 591 c.
396 561 446 590 60.
457 568 487 588 n.
498 567 525 589 2.

262 563 273 600 l
296 569 440 635 Se⁵cund0
459 599 548 636 casu,
569 598 643 631 eum
658 597 778 633 scilicet
793 607 856 630 una
872 596 984 638 opinio
1001 596 1042 629 est
1063 595 1246 641 probabilis,

260 648 353 681 altera
377 643 564 685 probabilior
581 663 591 678 ,
614 644 717 675 verius
739 642 863 674 videtur
883 642 1072 675 advocatum
1095 649 1158 670 non
1180 637 1247 679 pos-

258 693 286 725 ιε
302 687 460 720 consulere
471 707 481 722 ,
504 696 562 718 nec
581 686 769 727 patrocinari
786 694 840 726 pro
848 693 932 725 parte
949 681 1053 715 minus
1075 681 1226 723 probabili
1237 702 1245 711 .

258 733 357 769 Ratio
368 731 426 765 est,
445 732 521 771 quia
530 739 632 763 ,nemo
643 728 738 769 potest
756 726 914 760 consulere
924 727 1013 761 alteri
1030 726 1060 758 id
1072 745 1080 759 ‚
1102 725 1185 765 quod
1197 724 1246 756 ille

258 775 368 816 absque
385 782 514 815 peccato
525 774 708 813 exequinon
721 770 840 811 potest,
862 778 925 809 cap.
935 771 1036 801 Error
1051 776 1115 800 'cum
1138 765 1247 802 duobus

250 819 333 862 seqq.
345 819 394 858 83.
413 814 483 858 dist.
494 816 522 848 S.
533 815 650 848 Thom.
660 816 693 846 in
714 814 776 845 loco
781 812 924 853 proxime
936 812 1114 850 allegando,
1138 808 1247 842 Cano-

259 861 343 894 nistae
353 862 387 897 in
402 867 466 902 cap.
477 859 549 896 Tua
557 869 609 890 nos
623 856 660 889 de
669 855 773 889 homic.
784 856 843 889 Sed
864 857 962 887 cliens
972 865 1036 886 non
1054 853 1148 896 potest
1157 863 1247 894 agere

256 904 381 938 causam
392 901 496 934 minus
508 901 696 943 probabilem
705 921 715 936 ,
736 909 793 931 nec
807 899 895 940 judex
908 908 962 940 pro
972 898 1024 929 illa
1036 905 1120 938 parte
1128 895 1248 928 senten-

258 951 338 979 tiam
346 946 443 982 ferre;
463 945 511 977 sed
530 953 657 985 uterque
666 952 789 977 tenetur
806 940 940 973 omnino
949 939 1033 981 sequi
1050 949 1248 981 partem-pro-

246 991 459 1030 babiliorem,
481 997 516 1020 ut
536 985 678 1018 latimrne
700 986 862 1025 probatum
878 983 918 1017 est
938 983 1024 1025 supra
1041 982 1249 1023 quadraginta

258 1035 377 1068 duobus
386 1030 598 1067 ,fundamentis
607 1050 614 1058 .
634 1028 717 1069 Ergo
727 1029 897 1059 advocatus
906 1037 969 1061 non
982 1026 1075 1067 potest
1088 1028 1120 1056 in
1130 1036 1166 1056 ea
1174 1036 1248 1056 cau-

258 1077 288 1109 sa
297 1074 472 1108 consulere,
493 1081 547 1104 aut
558 1072 765 1113 patrocinari.
789 1069 890 1112 Qiod
899 1069 980 1102 clare
989 1069 1079 1103 sensit
1091 1068 1248 1101 Navar.in

258 1117 405 1153 Manual.
415 1124 479 1156 cap.
493 1123 540 1154 25,
553 1126 583 1150 n,
593 1117 642 1147 28.
653 1113 733 1155 vers.
745 1115 789 1145 Et
799 1115 848 1151 qui·
856 1134 867 1150 ,
887 1114 965 1149 dum
973 1111 1107 1146 affirmat
1123 1121 1248 1155 peccare

257 1165 467 1196 advocatum,
487 1160 543 1199 qui
553 1159 766 1199 patrocinatur
776 1158 807 1188 in
817 1155 925 1192 causa,
945 1165 1040 1197 quam
1052 1154 1247 1188 licetnosciat

256 1203 390 1236 omnino
406 1203 462 1235 effe
472 1201 637 1248 injustam,
660 1201 760 1241 magis
773 1208 884 1235 tamen
894 1208 1015 1240 reputat
1029 1199 1088 1231 effe
1105 1198 1249 1240 injustam

256 1248 350 1288 quarn
361 1245 487 1287 justam3
504 1244 569 1287 post
586 1244 752 1276 Anton.de
769 1242 852 1277 Butr.
862 1252 956 1283 quem
970 1244 1047 1273 citat
1058 1242 1091 1273 in
1099 1249 1163 1281 cap.
1172 1243 1248 1274 Bre-

255 1288 333 1326 vide
371 1288 524 1327 ureiuran'.
535 1288 644 1329 quue,
652 1288 802 1330 quidquid
813 1285 960 1318 senserint
968 1283 1125 1325 Theologi
1134 1284 1222 1315 relati
1232 1283 1248 1314 :i

257 1334 337 1367 Sanc
363 1343 399 1365 ez
408 1334 442 1365 in
461 1332 572 1370 Decat.
582 1340 656 1365 tom.
667 1340 695 1361 1.
705 1327 758 1361 lib.
771 1339 830 1363 1.c,
840 1340 869 1366 9.
879 1339 960 1360 num.
974 1336 1020 1366 52,
1032 1327 1178 1359 vendicat
1193 1327 1248 1359 sibi

258 1377 362 1408 locum
371 1396 381 1410 ,
392 1374 514 1409 etiamsi
522 1376 691 1406 advocatus
702 1374 815 1414 pandat
824 1372 975 1405 clientulo
984 1371 999 1401 s
997 1381 1037 1403 uo
1047 1372 1184 1405 rationes
1192 1372 1246 1401 ad-

260 1419 388 1451 versarii
410 1419 467 1455 effe
491 1418 727 1460 probabiliore53
747 1416 900 1459 siquidem
920 1415 1020 1446 adhue
1039 1416 1068 1446 ei
1090 1423 1155 1446 non
1176 1414 1248 1449 licet

260 1463 412 1494 clientulo
437 1463 534 1494 eriam
552 1460 660 1494 scienti
681 1461 714 1491 ὃ(
738 1458 951 1498 consentienti
965 1458 1116 1490 auxilium
1138 1456 1215 1488 ferre
1238 1478 1245 1486 .

258 1505 328 1538 imo
339 1505 360 1536 li
370 1508 403 1536 in
415 1504 570 1549 principio
579 1504 642 1535 litis
658 1504 763 1535 credat
771 1502 907 1535 rationes
919 1502 962 1533 sui
978 1501 1118 1533 clientuli
1130 1500 1186 1531 else
1196 1510 1247 1532 νε-

257 1549 354 1580 riores
362 1569 371 1582 ,
383 1547 432 1580 seu
442 1547 680 1587 probabiliores,
698 1548 732 1582 ὃς
745 1546 778 1576 in
789 1545 924 1586 processu
934 1546 1104 1586 comperiat
1116 1544 1182 1574 illas
1193 1543 1247 1574 eise

262 1590 366 1623 minus
379 1590 559 1632 probabiles,
571 1591 603 1622 δέ
616 1588 720 1621 minus
732 1588 839 1628 iustam
849 1587 1115 1622 causamatenetur
1125 1585 1247 1621 causam

257 1634 355 1676 ipsam
364 1632 498 1665 deserere
508 1653 518 1667 ,
527 1634 574 1664 vel
585 1643 657 1664 eum
665 1652 679 1671 ,-
689 1632 777 1674 cujus
786 1631 908 1663 causam
918 1634 983 1673 agit
992 1651 1002 1665 ,
1025 1632 1061 1662 ad
1071 1631 1247 1662 cedendum

258 1679 405 1717 inducere
414 1697 423 1711 2
434 1677 495 1707 slve
508 1678 544 1707 ad
555 1677 810 1718 componendum
820 1674 882 1707 sine
890 1676 1007 1706 damno
1017 1675 1193 1707 adversarii,
1204 1672 1245 1704 se-

256 1721 397 1752 cundum
406 1719 554 1752 S-Thom.
569 1717 778 1759 2.2.4uaest.71.
789 1727 880 1758 art-3.
892 1717 1008 1749 Silvest.
1020 1720 1053 1748 in
1063 1718 1190 1748 ver.Ad
1198 1727 1247 1748 vo-

255 1771 338 1796 catus
347 1784 355 1797 ,
366 1767 426 1794 n.6.
439 1765 519 1800 §.10.
531 1762 648 1795 Navat.
658 1764 691 1792 in
699 1762 848 1793 Minual.
860 1769 923 1800 cap.
937 1769 983 1798 25.
994 1759 1098 1792 n.2'b1.
1110 1758 1192 1799 vers]
1203 1761 1248 1791 Et

255 1809 304 1845 qui
311 1805 330 1838 a·
339 1807 489 1846 principio
498 1804 597 1837 credit
607 1803 713 1843 iustam
724 1825 734 1839 ,
751 1806 783 1837 &
793 1805 832 1838 est
843 1801 921 1842 text.
930 1805 961 1835 in
969 1803 1000 1835 d.
1010 1804 1031 1835 l.
1044 1805 1117 1835 Rem
1127 1814 1185 1834 non
1196 1813 1248 1832 no-

253 1843 327 1881 vani
337 1870 347 1884 ‚
369 1852 395 1886 §.
408 1851 539 1883 Patroni
547 1869 557 1884 ,
573 1851 610 1881 C.
621 1850 672 1880 De
679 1847 770 1886 judic.
783 1849 824 1879 ibi
842 1859 849 1877 :
867 1845 932 1879 Sed
940 1847 996 1890 etst
1003 1848 1169 1878 certamine
1179 1853 1248 1888 pro-

256 1892 378 1925 cedente
388 1891 505 1930 aliquid„
513 1892 576 1924 tale
590 1889 652 1934 fibi
664 1893 813 1929 cognitum
818 1889 920 1931 fuerit
928 1911 937 1925 2
958 1892 977 1921 a*
988 1890 1076 1929 causa
1085 1888 1227 1923 recedant
1238 1910 1246 1918 .

254 1936 290 1967 Et
298 1935 442 1978 quamvis
454 1935 543 1971 multi
553 1934 798 1968 existimaverint
809 1943 873 1964 non
884 1933 940 1964 effe
952 1933 1142 1973 prohibitum
1151 1934 1248 1964 advo,

255 1988 326 2011 cato
337 1978 419 2020 sequi
429 1974 615 2018 opinionem
624 1975 729 2008 minus
741 1976 928 2017 probabilem
939 1997 948 2011 ,
971 1976 1027 2007 nisi
1040 1976 1073 2008 in
1082 1975 1171 2008 causa
1182 1974 1247 2009 san-

256 2024 362 2064 guinis
373 2042 383 2056 ,
394 2021 441 2052 vel
450 2021 538 2057 civili
549 2019 693 2052 omnium
705 2021 857 2051 bonorum
867 2041 875 2053 ‚
885 2029 917 2055 ur
927 2019 1032 2053 Serus,
1044 2019 1184 2051 Tolet.&
1193 2018 1247 2053 alii

256 2066 343 2097 relati
352 2064 368 2095 a'
377 2064 518 2097 Sancbez,
528 2062 558 2096 d.
569 2075 593 2095 c.
604 2074 631 2100 9·
647 2074 696 2095 nu.
710 2071 756 2102 52.
769 2062 849 2098 Vere
859 2072 962 2097 tamen
973 2062 1034 2093 five
1043 2062 1132 2095 causa
1145 2062 1179 2093 sit
1187 2063 1248 2093 cri-

255 2109 379 2140 minalis
390 2127 400 2142 ,
411 2107 469 2142 sive
481 2108 601 2141 civilis,
618 2109 651 2139 &
660 2106 721 2138 sive
731 2114 840 2146 agatur
852 2108 888 2137 de
896 2107 1043 2137 omnibus
1056 2106 1145 2151 bonis
1155 2125 1164 2139 ,
1187 2104 1247 2135 sive

255 2154 292 2183 de
303 2152 428 2184 illorum
444 2160 528 2190 parte
540 2171 549 2184 ,
568 2159 729 2191 nunquam
747 2149 818 2180 licet
829 2150 983 2184 advocato
1005 2147 1195 2188 patrocinari
1215 2148 1247 2177 in

256 2195 346 2229 causa
356 2194 460 2226 mimis
471 2194 639 2233 probabili,
664 2191 826 2224 seuminus
844 2192 938 2232 justa,
962 2191 1042 2225 Bai-t.
1051 2193 1083 2221 in
1099 2190 1121 2222 l.
1139 2200 1163 2223 1.
1175 2191 1199 2226 ξ.
1212 2192 1248 2221 Si

256 2236 424 2277 quiequid,
439 2234 478 2278 ff.
490 2235 565 2274 quod
577 2235 799 2277 quisquejuris,
822 2236 857 2267 ὃ(
878 2234 908 2266 S.
918 2233 981 2266 Th.
992 2235 1047 2267 lac.
1056 2236 1109 2265 cit.
1119 2231 1249 2274 Qippe

257 2281 355 2319 major
366 2300 375 2314 ,
393 2290 446 2311 aut
457 2280 562 2311 minor
570 2279 730 2320 quantitas
740 2276 938 2310 controversa
947 2287 1039 2318 auger
1050 2297 1059 2310 ,
1078 2276 1124 2308 vel
1135 2277 1250 2323 minuit

257 2323 458 2362 injustitiam,
481 2322 529 2358 sed
552 2324 670 2363 peccati
682 2322 814 2362 speciem
835 2331 899 2352 non
910 2330 1027 2352 mutat.
1050 2319 1187 2359 ideoque
1204 2329 1251 2349 vi-

255 2369 364 2398 demus
384 2365 629 2401 furtiatffionem
645 2367 711 2397 dari
721 2367 817 2399 etiam
835 2366 871 2399 de
881 2374 912 2395 re
928 2364 1081 2399 minima,
1105 2371 1178 2402 puta
1197 2371 1253 2401 pro

257 2409 373 2450 gallina
384 2428 393 2443 ,
404 2419 458 2450 pro
466 2408 581 2444 ansere,
596 2409 663 2440 imo
673 2409 769 2440 etiam
779 2418 834 2448 pro
843 2417 917 2443 ovo,
928 2417 962 2438 ut
971 2408 1049 2440 dicit
1059 2406 1135 2446 gl.in
1146 2404 1252 2442 §.Gal-

258 2453 393 2484 unarum
403 2472 414 2486 ,
434 2453 467 2483 in
477 2461 543 2484 ver.
552 2452 619 2497 ρῳ·
633 2450 774 2484 lucrandi
783 2454 901 2486 animo,
923 2447 1020 2490 instit.
1032 2446 1071 2479 de
1090 2459 1149 2494 rer.
1159 2446 1251 2488 olimst

258 2505 353 2536 quam
362 2494 529 2536 sequuntur
538 2504 648 2530 omnes
659 2514 669 2529 ,
687 2495 760 2529 teste
771 2493 901 2534 Tiraqu.
911 2495 945 2527 in
963 2492 1052 2524 irari.
1063 2491 1100 2523 de
1117 2492 1207 2529 judic.
1219 2493 1253 2521 in

261 2538 345 2570 rebus
352 2539 489 2569 minimis
498 2537 570 2580 ‚fol.
582 2546 628 2577 50.
639 2538 694 2570 col.
704 2550 732 2573 2.
742 2547 809 2569 ver.
820 2535 932 2569 decimo
941 2556 951 2571 ,
961 2537 992 2567 &
1003 2534 1087 2569 Clar.
1096 2537 1129 2566 in
1140 2536 1165 2572 ἓ.
1175 2536 1202 2566 F
1203 2544 1254 2565 ur—

261 2591 323 2613 tum
332 2601 342 2615 ,
359 2580 440 2622 verfi
448 2582 577 2612 Pariter
585 2583 679 2612 etiam
686 2579 847 2617 adjicimus
856 2601 864 2610 .
884 2579 960 2611 Haec
971 2581 1008 2610 de
1018 2580 1174 2611 advocato
1183 2599 1190 2606 .

302 2623 377 2655 Non
393 2624 514 2655 obstant
533 2624 627 2655 modo
645 2632 829 2663 argumenta
847 2625 1021 2657 contraria.
1045 2622 1091 2656 Ad
1116 2623 1253 2662 primum

265 2676 396 2706 namque
412 2666 631 2711 respondetur,
653 2667 800 2706 negando
817 2666 985 2705 majoreim
1007 2664 1074 2695 imo
1093 2666 1179 2695 enim
1199 2663 1254 2704 qui

266 2711 298 2739 in
316 2708 432 2741 aeribus
443 2710 586 2745 humanis
604 2710 642 2740 ad
652 2718 753 2740 mores
773 2708 999 2748 pertinentibus
1021 2708 1108 2747 eligit
1128 2709 1254 2747 opinio,-

267 2761 340 2782 nem
363 2752 466 2784 minus
488 2752 698 2794 probabilem,
720 2753 934 2792 imprudenter
957 2752 1022 2792 agit
1039 2770 1048 2784 2
1070 2752 1146 2790 quia
1168 2759 1253 2783 tene-

267 2803 317 2824 tur
339 2804 393 2833 pro
408 2797 511 2836 regula
534 2795 658 2827 suorum
680 2794 808 2829 aCtuum
825 2795 937 2835 eligere
962 2803 1087 2827 verum,
1108 2794 1193 2833 quod
1214 2792 1254 2824 est

267 2837 425 2875 objectum
440 2841 608 2877 prudentiae
629 2850 636 2872 ;
657 2840 691 2871 &
705 2847 812 2870 tamen
830 2835 1046 2877 &iguminus
1069 2835 1223 2878 probabile
1245 2855 1255 2869 ,

267 2882 350 2919 quod
362 2882 536 2922 plerumque
545 2882 585 2917 est
596 2881 721 2918 falsum.
745 2881 826 2912 Item
836 2889 958 2915 tenetur
969 2880 1080 2920 eligere
1091 2899 1101 2913 ‚
1121 2880 1205 2919 quod
1217 2878 1258 2913 est

270 2921 418 2964 perpetu&
427 2932 552 2958 vetum,
574 2925 722 2957 &stabile
742 2935 750 2955 :
768 2922 1018 2956 &nihilominus
1035 2923 1121 2962 eligit
1132 2921 1258 2961 opinio-

271 2976 344 2996 nern
357 2964 460 2996 minus
483 2968 668 3005 probabilem
679 2988 689 3004 ‚
710 2977 778 3008 quae
791 2965 883 2998 hodie
900 2967 1022 3001 videtur
1032 2975 1124 2998 vera,
1146 2964 1193 2994 sed
1205 2974 1258 3004 po-

268 3010 326 3040 stea
348 3007 541 3039 verisimilius
561 3012 716 3050 apparebit
735 3009 824 3043 falsa.
849 3009 927 3041 Item
945 3017 979 3043 ut
1001 3010 1165 3049 prudenter
1186 3017 1258 3048 agat

270 3061 392 3085 tenetur
411 3051 543 3091 judicare
554 3053 590 3082 de
609 3062 656 3087 re,
679 3054 846 3086 secundum
861 3054 946 3095 quod
965 3051 1024 3088 est,
1044 3054 1078 3083 ὃ(
1098 3060 1202 3085 tamen
1213 3050 1258 3092 ju—

271 3097 375 3129 dicat,
397 3093 563 3128 secundum
579 3099 661 3134 quod
684 3098 803 3136 putavit
827 3096 884 3131 effe
906 3095 1012 3129 minus
1030 3094 1227 3135 probabiliter
1248 3116 1255 3123 .

273 3138 351 3168 Item
362 3138 450 3171 debet
467 3137 522 3168 else
532 3147 631 3169 certus
656 3138 758 3174 saltem
767 3139 925 3172 moraliter
943 3137 1178 3170 derectitudine
1201 3135 1259 3168 suae

272 3183 422 3215 rationis,
442 3189 537 3221 quam
554 3188 659 3213 tamen
680 3185 899 3215 certitudinem
919 3181 1059 3223 profesto
1082 3190 1146 3212 non
1169 3180 1258 3213 habet

273 3223 425 3265 judicium
447 3223 551 3254 minus
573 3223 749 3263 probabile,
772 3225 818 3257 sed
841 3225 960 3267 prorsus
980 3224 1129 3259 fludiuat,
1150 3226 1184 3256 δε
1206 3233 1258 3254 va—

272 3267 355 3297 cillat
378 3275 501 3307 propter
523 3264 653 3298 fortiora
675 3267 793 3298 motiva
813 3270 971 3308 opinionis
992 3266 1154 3308 oppositae.
1177 3266 1258 3300 Item

273 3310 361 3357 debes
381 3309 594 3350 utiprincipio
611 3308 767 3340 infallibili
789 3320 796 3339 ε
817 3313 848 3341 ὅ(
868 3321 972 3343 tamen
990 3313 1088 3342 Utitur
1107 3309 1258 3350 opinione

275 3353 378 3382 minus
401 3353 575 3391 probabili,
595 3361 690 3393 quam
712 3354 864 3387 mentiri,
892 3357 924 3386 ὃς
947 3354 1049 3387 fallere
1080 3354 1257 3394 plerumque

274 3396 431 3434 contingit
442 3415 451 3428 ,
471 3398 503 3426 ἅ
515 3394 579 3427 falli
588 3417 595 3425 .
621 3395 700 3429 item
709 3405 746 3425 ex
757 3396 917 3435 prudentia
932 3407 1054 3430 tenetur
1063 3397 1175 3438 eligere
1191 3405 1257 3426 cer-

275 3446 343 3470 tum
353 3457 362 3470 ‚
383 3440 413 3467 ὅ(
425 3439 580 3469 dimittere
591 3440 746 3470 incertum
763 3450 769 3468 2
786 3439 818 3469 &
830 3447 932 3470 tamen
942 3441 1027 3479 eligit
1039 3441 1189 3481 judicium
1199 3440 1257 3469 mi-

277 3478 334 3512 nus
344 3479 516 3522 probabile,
537 3483 620 3522 quod
636 3481 676 3515 est
686 3480 860 3514 obnoxium
881 3490 998 3523 magna·
1010 3482 1169 3516 formidini
1185 3492 1255 3525 pro-

601 85 779 163 Prosp·
797 83 1032 154 Pagarum
1049 82 1108 141 in
1129 79 1373 141 Primum
1391 77 1621 138 Librum
1647 76 1926 138 Decretal.

1293 174 1358 205 pter
1377 165 1529 198 validiora
1541 163 1662 197 motiva
1680 161 1774 205 partis
1792 164 1937 196 alterius:
1958 165 1992 197 &
2011 164 2082 199 ideo
2091 167 2274 200 estomninb

1292 208 1458 241 timidum,
1480 208 1513 237 δι
1533 205 1705 241 incertum.
1729 206 1808 239 Item
1826 215 1949 238 tenerur
1964 216 2054 247 agere
2070 219 2142 242 cum
2159 214 2273 243 vetita-

1291 260 1340 283 te:
1362 250 1512 284 &tamen
1523 248 1657 290 sequitur
1670 248 1774 283 minus
1785 249 1972 290 probabilem
1981 249 2165 290 opinionem
2175 273 2185 289 ,
2204 265 2273 297 qut

1292 292 1564 338 utiqpluribusest
1583 291 1673 329 falsa3
1693 293 1727 328 δι
1745 292 1816 328 ideo
1833 293 1849 325 a
1867 294 1989 326 ratione
2007 294 2132 326 virtutis
2151 298 2273 335 procul-

1290 336 1386 370 dubio
1395 335 1569 369 excluditur
1577 357 1584 365 .
1598 335 1678 370 Itern
1688 345 1811 371 tenetur
1820 336 1931 377 eligere
1942 336 2058 369 bonum
2071 357 2077 368 2
2088 338 2121 368 ὃς
2132 337 2253 372 reatum
2265 352 2271 370 ι

1290 380 1324 411 ὃ(
1336 378 1425 419 eligit
1434 377 1538 413 minus
1548 378 1723 420 probabile,
1739 380 1823 420 quod
1834 379 2011 420 plerumque
2023 378 2033 410 s
2034 389 2049 409 e
2062 379 2152 413 habet
2158 383 2197 413 ad
2207 392 2272 414 ma<

1292 422 1356 457 lum
1367 441 1377 456 ,
1398 422 1602 461 &obliquum
1614 443 1622 453 .
1645 421 1725 462 Igem
1736 430 1774 454 nc
1784 421 1821 455 sit
1838 423 2015 465 imprudens
2024 431 2147 456 tenetur
2163 434 2272 457 cavere

1293 464 1484 505 periculum
1503 462 1754 497 &nihilominus
1762 463 1925 505 eligendo,
1945 467 2029 507 quod
2041 464 2146 498 minus
2164 468 2272 508 proba-

1292 508 1350 541 bile
1361 506 1401 540 est
1411 527 1422 542 ,
1431 516 1467 539 ac
1477 506 1582 542 minus
1592 516 1698 542 tutum
1708 527 1718 541 ‚
1728 508 1857 550 exponit
1867 506 1894 538 se
1904 507 2066 541 manifesto
2076 507 2251 542 discrimini
2262 522 2271 546 ·,

1292 560 1382 592 prout
1393 549 1456 586 haec
1464 549 1574 583 omnia
1583 569 1594 587 ,
1602 551 1636 583 &
1646 550 1704 585 alia
1716 550 1802 590 plura
1812 549 1859 582 his
1870 549 1981 584 similia
1991 561 2097 592 patent
2107 562 2159 592 per
2169 554 2273 594 vigin-

1289 596 1316 629 ti
1331 593 1380 628 sex
1396 593 1599 631 fundamenta
1618 592 1753 636 superius
1771 593 1862 626 allata
1872 594 1906 625 in
1915 595 2015 634 prima
2030 595 2198 636 quaestione
2217 605 2272 636 pro

1292 635 1650 678 parte‘negativaanum.
1664 645 1711 674 59.
1725 636 1863 676 usquead
1873 645 1959 671 num.
1975 647 2042 671 112.
2061 639 2273 680 &probantur

1291 683 1324 715 in
1336 691 1363 712 2.
1375 689 1402 719 3.
1412 682 1446 715 δι
1456 687 1485 717 7,
1497 679 1703 715 fundamento
1713 689 1767 720 pro
1778 679 1834 711 liac
1846 677 1997 712 sententia
2006 702 2026 712 .-

1334 723 1382 756 Ad
1393 723 1668 757 confirmationem
1678 721 1877 763 respondetur
1897 722 1999 764 primo
2010 726 2155 764 negando
2164 725 2273 758 alium-

1292 775 1379 810 ptum
1392 786 1402 800 ‚
1423 765 1498 808 quia
1506 765 1560 800 etsi
1574 765 1660 800 Deus
1675 767 1792 798 dederit
1809 765 1899 796 nobis
1916 765 2076 801 didiamen
2092 770 2223 802 rationis
2233 770 2274 800 ad

1291 808 1375 840 retii&
1383 810 1599 851 operandum,
1620 814 1808 843 nontamen
1827 807 1988 842 constituit
2008 808 2168 843 formalem
2178 811 2275 842 ratio-

1292 861 1365 885 nem
1376 850 1575 886 testitudinis
1586 851 1728 886 humane
1737 853 1928 892 operationis
1940 852 1974 884 in
1992 852 2055 893 ipsa
2071 853 2218 891 probabili
2227 864 2273 885 re-

1290 894 1457 930 ctitudinis
1473 897 1670 969 apparentia,
1693 894 1765 930 curn
1776 893 2097 929 haecindiflerenterse
2109 894 2219 931 babeat
2235 898 2274 929 ad

1290 937 1430 973 rectum,
1446 939 1479 971 &
1491 948 1512 969 o
1535 938 1672 978 liquum3
1687 937 1734 971 sed
1745 939 1778 969 in
1789 937 1849 970 sola
1857 937 2056 971 rectitudinis
2065 938 2216 974 veritate,
2233 939 2275 973 se-

1290 981 1431 1015 cundum
1439 980 1515 1014 illud
1525 980 1659 1019 Eccl.37.
1672 992 1720 1014 20.
1731 982 1819 1013 Ante
1826 983 1928 1014 omnia
1936 989 2025 1021 opera
2035 978 2161 1015 verbum
2171 992 2274 1014 verax

1289 1025 1435 1064 precedat
1444 1033 1494 1060 te,
1515 1034 1549 1060 ut
1567 1023 1635 1060 fuse
1644 1025 1834 1071 explicatum
1850 1024 1891 1057 est
1907 1024 1991 1070 supra
2011 1026 2044 1060 in
2065 1034 2091 1057 Ι.
2108 1024 2275 1069 quaestione

1291 1077 1378 1102 num,
1388 1071 1440 1102 60.
1887 1090 1895 1099 .

1333 1110 1457 1151 Deinde
1466 1110 1663 1155 respondetur
1674 1104 1916 1153 :argumentum
1923 1112 2096 1153 retorqueri
2105 1121 2141 1144 ex
2151 1112 2276 1146 eodem-

1293 1163 1356 1189 mct
1375 1153 1551 1199 principio,
1572 1157 1624 1187 cui
1641 1154 1792 1196 praecipue
1814 1156 1993 1190 innituntur
2009 1149 2197 1187 defensores*
2206 1165 2276 1196 pro-

1292 1198 1507 1232 babilitarum‚
1529 1198 1692 1234 videlicet:
1715 1198 1784 1239 Qu
1795 1208 1941 1239 operatur
1957 1200 1987 1230 id
1998 1208 2012 1234 ,·
2029 1200 2114 1241 quod
2134 1199 2277 1240 probabi-

1292 1240 1361 1273 liter
1381 1250 1505 1281 apparet
1520 1241 1660 1279 testum,
1683 1241 1849 1277 secundum
1867 1251 1919 1274 eos
1938 1251 2003 1275 non
2020 1251 2144 1285 peccat.
2166 1241 2276 1282 Erpa

1291 1286 1451 1316 contrario
1474 1294 1580 1325 peccat
1598 1305 1608 1319 ,
1637 1286 1692 1327 qui
1709 1295 1854 1326 operatur
1875 1285 1907 1316 id
1922 1304 1932 1319 ,
1959 1285 2044 1325 quod
2065 1294 2190 1325 apparet
2211 1295 2277 1316 non

1291 1326 1431 1361 testum,
1453 1335 1516 1366 cap·
1535 1328 1760 1368 Hospitiolum,
1781 1326 1876 1370 infin.
1889 1325 2123 1369 32.distinei.&
2135 1329 2180 1359 ibi
2191 1327 2276 1368 gloff.

1291 1371 1378 1402 unica
1386 1372 1419 1402 in
1425 1372 1525 1409 princ.
1537 1369 1595 1403 Sed
1612 1373 1666 1412 qui
1677 1371 1812 1413 sequitur
1818 1373 2003 1412 opinionem
2013 1369 2118 1405 mimis
2134 1371 2277 1411 probabi-

1291 1413 1351 1446 lem
1361 1415 1391 1445 in
1402 1413 1555 1448 concursu
1566 1414 1781 1458 probabilioris
1791 1435 1801 1450 ,
1822 1424 1967 1457 operatur
1977 1414 2009 1448 id
2021 1416 2105 1455 quod
2122 1414 2176 1446 fibi
2185 1424 2278 1456 appa-

1291 1466 1336 1487 ret
1346 1467 1409 1488 non
1419 1456 1539 1488 testum
1549 1477 1558 1491 ‚
1574 1460 1649 1497 quia
1657 1456 1789 1490 fortiora
1799 1459 1918 1492 motiva
1928 1458 2143 1498 probabilioris
2151 1458 2279 1497 opinio-

1291 1499 1340 1530 nis
1349 1500 1494 1540 oppositae
1503 1510 1618 1540 negant
1633 1500 1810 1542 hujusmodi
1827 1511 1904 1543 opus
1913 1501 1970 1533 effe
1987 1500 2108 1534 rectum
2117 1511 2129 1537 ;
2149 1510 2184 1533 ut
2200 1510 2279 1535 con-

1291 1542 1346 1575 flat
1355 1553 1390 1574 ex
1402 1543 1496 1577 dietis
1508 1543 1541 1578 in
1553 1544 1688 1583 pluribus
1698 1543 1909 1579 fundamentis
1920 1555 1975 1585 pro
1985 1545 2042 1576 hac
2055 1544 2208 1578 sententia
2217 1563 2227 1578 ³
2239 1545 2274 1575 δι

1291 1585 1441 1626 praecipue
1453 1589 1485 1620 in
1496 1587 1598 1628 primo
1610 1607 1619 1622 2
1641 1589 1672 1619 δε
1686 1596 1731 1627 23.
1745 1597 1832 1619 num.
1846 1596 1914 1626 257.
1926 1589 2089 1621 &nur-ner.
2103 1589 2173 1618 281.
2194 1586 2277 1628 Ergo

1288 1632 1341 1669 qui
1368 1629 1502 1670 sequitur
1521 1633 1707 1670 opinionem
1729 1629 1834 1661 minus
1857 1631 2048 1670 probabilem
2067 1639 2276 1664 concurrente

1293 1672 1515 1715 probabiliori,
1536 1683 1659 1714 peccat.
1682 1674 1713 1704 Si
1732 1676 1827 1714 igitur
1848 1673 2068 1714 aequanimiter
2087 1672 2280 1707 observanda

1289 1716 1329 1747 est
1339 1716 1443 1755 regula
1454 1727 1470 1746 a
1479 1715 1550 1746 Deo
1561 1718 1674 1751 tradita
1686 1717 1867 1750 hominibus
1880 1727 1934 1757 pro
1942 1727 2067 1751 morum
2079 1716 2255 1749 directione
2264 1736 2275 1750 ³

1288 1769 1356 1799 qux
1367 1779 1376 1793 ,
1399 1769 1431 1790 ut
1443 1760 1495 1800 ipsi
1507 1759 1663 1791 affirmant
1673 1781 1683 1795 ,
1702 1760 1838 1792 consistit
1848 1762 1882 1791 in
1893 1760 1972 1794 hoc,
1989 1769 2023 1791 ut
2033 1761 2063 1791 id
2077 1758 2173 1791 solum
2186 1760 2278 1793 liceat

1290 1804 1430 1842 operari,
1451 1803 1534 1846 quod
1545 1804 1634 1834 nobis
1647 1804 1846 1843 probabiliter
1856 1812 1982 1844 apparet
1992 1802 2134 1839 reustum,
2156 1802 2190 1836 in
2202 1812 2280 1835 con-

1285 1845 1447 1879 currentia
1456 1845 1617 1885 opinionis
1629 1846 1732 1879 minus
1744 1846 1909 1885 probabilis
1919 1866 1930 1880 ,
1953 1849 1986 1879 &
1999 1845 2214 1887 probabilioris
2224 1864 2234 1880 ,
2255 1844 2278 1879 si

1290 1888 1342 1928 illa
1359 1887 1456 1923 dic‘lzet
1472 1898 1549 1928 opus
1567 1889 1623 1920 esse
1641 1889 1761 1924 rectum
1777 1909 1789 1923 2
1811 1889 1874 1924 haec
1892 1889 1967 1922 vero
1983 1899 2047 1924 non
2065 1889 2123 1921 effe
2139 1887 2280 1925 redtum3

1290 1933 1398 1972 utique
1418 1932 1521 1972 potius
1542 1932 1758 1964 abstinendum
1779 1932 1820 1964 est
1842 1933 1880 1963 ab
1900 1942 1993 1977 opere
2011 1952 2022 1967 ,
2058 1932 2135 1974 quia
2156 1940 2278 1965 attenta

1290 1974 1412 2006 ratione
1431 1978 1616 2014 apparentiae
1627 1995 1636 2009 ,
1658 1986 1724 2017 quae
1737 1974 1906 2008 iecundum
1916 1985 1970 2007 eos
1981 1975 2022 2009 est
2040 1975 2123 2009 ratio
2139 1973 2280 2008 formalis

1290 2016 1381 2048 distre
1392 2015 1502 2056 re'gulae
1512 2037 1523 2052 ,
1543 2018 1716 2058 hujusmodi
1728 2029 1805 2059 opus
1815 2019 1915 2059 magis
1926 2027 2051 2059 apparet
2060 2028 2124 2050 non
2135 2017 2258 2053 reditum
2268 2038 2280 2061 ,

1289 2070 1384 2101 quam
1394 2059 1516 2095 rectum
1527 2080 1537 2095 s
1559 2063 1591 2093 &
1604 2063 1706 2094 eidem
1718 2062 1830 2103 regulae
1849 2061 2026 2095 adversatur
2044 2061 2147 2102 potius
2157 2081 2166 2096 ‚
2186 2059 2282 2102 quam

1290 2102 1534 2135 conformetur.
1565 2104 1599 2136 Id
1620 2106 1706 2145 quod
1729 2105 1859 2145 pulchro
1880 2106 2023 2147 exemplo
2036 2104 2211 2144 >confirmat
2230 2104 2282 2146 Ju-

1292 2147 1351 2177 lius
1369 2146 1534 2180 Mercorus
1554 2149 1588 2181 in
1617 2148 1670 2180 suo
1690 2146 1782 2188 opere
1803 2147 1840 2180 de
1868 2146 2086 2187 probabilitate
2106 2149 2279 2188 opinionum

1290 2196 1372 2229 part.
1384 2202 1410 2221 ρ..
1430 2198 1491 2223 art,
1501 2193 1530 2220 8.
1548 2191 1710 2223 videlicet:
1733 2190 1802 2223 Rex
1812 2193 1846 2221 in
1856 2191 2056 2231 expeditione
2067 2192 2196 2224 militari
2207 2200 2282 2231 prae·

1292 2233 1451 2272 cipitduci
1468 2232 1511 2263 sui
1522 2235 1694 2267 exercitus,
1717 2234 1793 2263 utin
1811 2234 2008 2273 gravioribus
2020 2235 2156 2272 negotiis
2176 2232 2283 2274 sequa-

1293 2284 1342 2306 tur
1362 2274 1528 2309 consilium
1547 2274 1660 2318 septem
1678 2275 1864 2310 Seniorum,
1885 2285 1964 2318 quos
1975 2275 2004 2310 ei
2014 2276 2204 2309 collaterales
2225 2287 2283 2309 no-

1295 2320 1442 2351 minatim
1459 2318 1638 2353 constituit.
1660 2317 1810 2353 Occurrit
1833 2318 1945 2354 hostis,
1966 2318 2218 2361 consuliturque,
2241 2330 2283 2353 an

1293 2363 1361 2391 acie
1372 2361 1408 2391 sit
1420 2360 1636 2394 dimicandum
1650 2383 1657 2391 .
1679 2361 1723 2396 Ex
1735 2363 1773 2392 iis
1784 2382 1793 2396 ,
1814 2362 1870 2402 qui
1881 2361 1974 2393 sunta
1984 2362 2122 2395 consiliis
2132 2383 2141 2398 ‚
2165 2371 2227 2398 tres
2236 2362 2282 2398 af-

1293 2405 1439 2437 firmant,
1463 2405 1573 2444 reliqui
1597 2414 1713 2446 negant
1731 2426 1739 2435 .
1761 2404 1794 2436 Si
1816 2409 1878 2436 dux
1897 2415 1972 2438 tunc
1989 2405 2198 2440 nihilomimis
2219 2406 2284 2440 vel-

1296 2448 1337 2478 let
1348 2447 1496 2487 praeliari,
1514 2446 1626 2489 quippe
1637 2457 1740 2488 ageret
1750 2457 1860 2480 contra
1873 2458 2057 2489 praeceptum
2070 2449 2165 2490 Regis
2175 2467 2185 2484 ,
2201 2450 2283 2490 apud

1295 2500 1388 2531 quem
1408 2500 1472 2520 non
1494 2494 1707 2525 excusaretur,
1731 2497 1749 2522 ιι
1774 2502 1904 2523 vocatus
1925 2495 1962 2524 ad
1982 2493 2169 2525 reddendam
2186 2495 2283 2527 rario-

1297 2543 1370 2564 nem
1388 2543 1519 2575 pugnae,
1541 2534 1632 2564 vellet
1651 2536 1690 2566 sic
1713 2536 1942 2575 paralogizare:
1967 2534 2036 2566 Rex
2058 2537 2201 2577 praecepit
2224 2535 2283 2570 mi-

1296 2575 1329 2607 hi
1342 2586 1432 2617 agere
1442 2576 1527 2617 juxta
1539 2576 1703 2615 eonsilium
1714 2577 1878 2612 Seniorum
1891 2600 1897 2607 .
1910 2578 1967 2612 Sed
1980 2588 2053 2613 tres,
2061 2589 2194 2620 quorum
2207 2588 2283 2610 con—

1296 2619 1399 2653 silium
1420 2619 1485 2652 sum
1505 2617 1669 2662 sequutus‚‘
1690 2621 1929 2655 suntSeniQres.
1952 2621 2035 2669 Ergo
2053 2624 2222 2662 pugnando
2238 2621 2283 2656 fe-

1297 2665 1326 2698 ci
1348 2663 1433 2703 juxta
1444 2672 1630 2705 praeceptum
1651 2663 1764 2704 Regis.
1788 2663 1874 2697 Nam
1888 2664 2029 2705 protinus
2049 2665 2160 2698 fiscalis
2183 2664 2283 2706 ipsum

1299 2714 1448 2746 tanquam
1459 2707 1629 2737 delusorem
1643 2706 1735 2747 Regii
1747 2708 1889 2755 mandati
1907 2710 2103 2748 redargueret
2115 2707 2206 2741 simili
2227 2707 2283 2750 syl-

1298 2749 1430 2790 logismo
1452 2759 1459 2780 ε
1499 2749 1566 2780 lmo
1585 2748 1682 2781 fecisti
1698 2759 1809 2783 contra
1825 2752 2006 2781 mandatum
2025 2749 2123 2791 Regis
2144 2772 2154 2786 ,
2198 2752 2283 2794 quod

1298 2801 1361 2825 erat
1378 2812 1388 2826 ‚
1411 2802 1445 2823 ur
1463 2791 1627 2833 sequereris
1649 2793 1812 2827 consilium
1834 2792 2001 2827 Seniorum
2020 2815 2027 2823 .
2048 2794 2107 2826 Sed
2127 2803 2282 2834 quatuor,

1297 2845 1433 2875 quorum
1449 2835 1614 2869 consilium
1633 2846 1697 2869 non
1717 2846 1748 2867 es
1758 2835 1920 2877 sequutus,
1941 2846 2029 2869 erant
2046 2837 2191 2870 Seniores
2206 2847 2282 2869 con—

1299 2878 1396 2911 stituti
1414 2889 1430 2909 a
1450 2878 1537 2919 Rege
1554 2889 1608 2919 pro
1630 2879 1776 2914 consilio.
1800 2878 1884 2921 Ergo
1905 2883 2073 2923 pugnando
2088 2880 2186 2913 fecilli
2206 2890 2283 2914 con-

1299 2930 1346 2955 tra
1365 2923 1546 2955 mandatum
1562 2921 1679 2962 Regin
1700 2923 1832 2963 ideoque
1843 2925 1945 2963 puniti
1965 2924 2076 2955 debes,
2098 2923 2218 2954 tametsi
2235 2933 2282 2955 res

1300 2963 1376 2995 bene
1385 2966 1503 2996 cesserit
1513 2984 1522 2998 ,
1533 2974 1564 2995 ut
1576 2965 1633 3003 leg.
1643 2964 1840 3005 Desertorem
1850 2986 1860 2999 ‚
1873 2967 1898 3002 §.
1912 2967 1947 2996 ln
1956 2963 2087 3007 bellust.
2099 2968 2134 2997 de
2144 2977 2176 2997 re
2186 2967 2281 2998 milit.

1300 3006 1396 3041 Porro
1407 3018 1471 3040 non
1489 3007 1573 3043 secus
1587 3010 1671 3049 apud
1692 3008 1812 3049 Regem
1823 3018 1930 3050 regum
1941 3009 1967 3041 se
1977 3009 2142 3044 excusant,
2162 3009 2217 3051 qui
2235 3012 2282 3042 in-

1301 3050 1444 3083 distinete
1461 3060 1590 3084 utuntur
1612 3050 1765 3086 sententia
1786 3051 1890 3086 minus
1910 3053 2060 3092 probabili
2078 3055 2110 3084 in
2130 3052 2283 3086 concursu

1301 3094 1535 3133 probabilioris,
1559 3095 1632 3126 dum
1644 3095 1731 3127 illum
1750 3093 1991 3135 paralogismum
2007 3097 2173 3139 replicant:
2198 3096 2283 3129 Deus

1301 3135 1399 3168 solum
1417 3137 1432 3170 a
1450 3137 1539 3168 nobis
1562 3138 1681 3179 exigit,
1700 3147 1735 3171 ut
1757 3136 1919 3179 sequamur
1938 3139 2103 3172 consilium
2123 3139 2255 3173 rationis
2274 3160 2281 3168 .

1301 3180 1357 3210 Sed
1370 3179 1527 3215 diciamen
1538 3180 1622 3221 juxta
1632 3180 1815 3221 opinionem
1825 3180 1930 3212 minus
1949 3183 2138 3223 probabilem
2148 3192 2282 3217 concur-

1300 3232 1386 3254 rente
1398 3224 1596 3264 probabiliori
1606 3223 1646 3257 est
1656 3223 1820 3257 consilium
1839 3224 1971 3256 rationis
1982 3247 1990 3255 .
2012 3225 2094 3268 Ergo
2110 3228 2164 3268 qui
2184 3225 2211 3258 se
2234 3226 2282 3257 ui—

1301 3275 1349 3299 tur
1361 3266 1543 3305 opinionem
1554 3265 1657 3300 :ninus
1670 3266 1856 3306 probabilem
1873 3278 2079 3301 concurrente
2098 3269 2221 3312 probabi
2237 3269 2281 3298 io*

1300 3311 1345 3342 ri,
1368 3319 1431 3341 non
1441 3308 1514 3341 facit
1526 3310 1786 3342 contradivinum
1798 3312 2001 3345 mandatum,
2025 3312 2101 3345 Non
2110 3313 2195 3344 enim
2213 3310 2282 3342 ani*

1301 3353 1544 3385 madvertuntex
1563 3350 1690 3386 adverso
1709 3355 1902 3390 remordere,
1925 3365 1961 3387 ac
1979 3357 2159 3396 redarguere
2177 3353 2282 3395 synde-

1302 3397 1410 3430 resim,
1432 3406 1499 3438 quae
1512 3396 1544 3426 in
1556 3395 1698 3428 interiori
1711 3394 1779 3427 foro
1789 3399 1868 3439 gerit
1880 3399 1983 3432 vicem
2001 3396 2227 3440 vigilantiffimi
2247 3396 2283 3428 fi-

1303 3437 1408 3471 scalis.
1432 3440 1543 3480 Arguit
1554 3440 1657 3470 enim:
1679 3438 1710 3470 Si
1723 3438 1871 3474 fater-isid
1882 3441 2043 3474 solumeffe
2054 3440 2283 3482 opuslicitum,

1302 3483 1387 3525 quod
1403 3492 1439 3514 cx
1460 3480 1589 3514 confilio
1605 3483 1736 3514 rationis
1757 3493 1881 3525 apparet
1904 3485 2084 3519 honestum,
2107 3483 2211 3525 fugere
2232 3484 2284 3514 de-

2189 3527 2239 3557 bes
