2397 3664
751 24 852 83 De
887 23 1119 84 Constit-
1155 43 1203 84 c.
1237 24 1336 85 Ne
1370 26 1644 86 innitaris.

166 131 171 134 -
183 111 329 146 Praeterea
346 113 394 145 vis
411 110 576 156 agnoscere
597 110 632 143 in
644 119 777 152 quantas
797 108 996 140 absurditates
1016 117 1046 140 te
1067 108 1170 149 conji-

165 173 168 175 Δ
182 160 246 189 ciat
256 156 376 188 affertio
385 166 438 188 tua
446 176 457 191 ‚
477 154 561 197 quod
569 156 603 186 in
611 153 680 185 foro
688 152 888 185 conscientiae
897 151 994 183 homo
1001 151 1039 183 sit
1058 162 1170 183 manu-

183 201 336 231 tenendus
356 201 389 230 in
411 198 586 240 possessione
607 197 665 227 suae
685 197 836 228 libertatis
851 214 862 230 ‚
892 197 926 226 δε
947 193 1038 227 farnae
1057 204 1167 227 contra

182 242 288 274 Deum
298 263 308 277 ‚
329 244 361 275 &
372 244 489 284 legem?
509 241 633 272 attende
644 239 826 279 diligenter.

221 285 380 326 Judicium
389 285 506 317 constat
513 293 551 314 ex
561 283 658 313 tribus
668 281 804 322 personis
813 300 823 315 ‚
837 280 870 312 id
879 280 921 312 est
928 301 938 315 ‚
950 281 1070 320 judice,
1080 280 1172 317 adio-A

180 337 226 363 re,
235 329 269 360 δε
279 339 343 363 reo,
353 330 485 361 esurus,
496 328 522 362 §.
530 327 567 356 ln
575 326 669 358 omni,
680 322 718 356 de
727 321 886 356 verborum
887 322 1078 367 fignificat-l.
1089 322 1148 357 Ubi
1156 344 1168 359 ‚

179 373 217 404 C.
222 370 278 403 Ad
285 373 379 411 legem
388 368 576 402 Corneliam,
585 364 704 410 defalfi
714 368 824 399 lJmer
832 368 992 406 litigantes
1000 387 1010 402 ‚
1013 364 1052 410 ff
1063 368 1113 399 De
1122 366 1168 405 ju-

181 413 242 447 dic.
250 414 305 446 Tu
321 415 398 445 dicis
408 413 467 443 hoc
483 411 639 453 judicium
648 411 684 441 de
693 410 868 452 poffeffione
889 412 940 451 agi
951 410 1033 442 inter
1041 410 1146 442 Deum
1156 431 1166 445 ‚

179 459 214 490 &
236 457 400 489 hominem
408 476 416 484 .
438 454 569 495 Inquiro
577 474 587 488 ,
607 455 678 494 quis
687 455 746 485 erit
767 453 856 494 judex
865 473 876 488 ‚
896 455 951 494 qui
960 455 994 484 in
1008 453 1066 485 hac
1075 452 1167 484 causa

180 501 386 542 pronunciet,
407 496 616 529 &hominem
631 498 665 527 in
675 495 727 528 sua
742 495 919 537 possessione
930 506 1040 528 contra
1059 495 1167 528 Deum

179 546 400 574 manuteneat?
422 540 503 572 Bart.
521 542 555 572 in
575 538 664 571 tradi.
682 538 859 580 quaestionis
881 539 1038 570 ventilatae
1058 549 1166 570 coram

176 585 244 627 Jesu
252 584 377 616 Christo
387 586 470 615 inter
478 583 644 625 Virginem
652 582 790 613 Mariam
798 591 835 612 ex
847 591 909 612 una
919 591 1002 622 parte
1013 601 1023 616 ‚
1044 583 1077 613 &
1088 581 1167 613 Dia-

181 628 286 660 bolum
302 627 462 661 exaltem,
484 626 560 658 facit
580 625 751 657 Diabolum
760 623 919 659 adtorem,
941 625 975 656 δε
993 623 1167 656 humanum

177 680 278 712 genus
294 680 400 704 reum,
422 669 545 711 ejusque
563 669 761 701 Advocatam
776 667 828 699 SS.
839 667 1024 708 Virginem,
1042 668 1167 708 &Judi—

178 712 356 754 cemJesum
366 712 526 745 Christum
545 723 553 743 ι
568 711 622 744 Tu
631 711 705 743 vero
715 710 877 742 constituis
893 711 998 743 Deum
1007 710 1146 742 actorem
1156 731 1166 745 ,

179 757 215 789 &
224 757 389 788 hominem
399 766 487 788 reum
495 777 505 791 ,
523 755 571 787 sed
579 755 714 797 judicem
723 764 789 786 non
797 753 937 796 designas
945 775 953 783 .

222 800 303 831 Item
323 799 527 831 interditffkum
542 800 710 830 retinendae
731 799 820 829 datur
829 817 840 832 ‚
861 796 936 829 cum
951 798 1015 828 duo
1034 806 1164 829 conten-

180 843 260 874 dunt
267 844 304 873 de
319 842 512 883 posseffione‚
533 852 572 873 ne
587 842 715 873 veniant
725 842 763 872 ad
783 850 887 876 arma,
909 841 931 872 l.
943 840 1166 882 AEquiffimum‚

171 882 210 928 ff·
222 887 272 918 De
282 884 430 927 Ufhfmc‘b.
439 885 493 925 Jas.
503 885 567 916 inl.
577 883 713 928 Quidam
723 883 942 925 existimarunt
950 903 963 918 ,
977 884 1030 914 col.
1042 893 1068 923 3.
1079 895 1126 914 nu.
1136 894 1166 923 4.

173 926 213 971 ff.
222 930 260 961 Si
278 937 352 961 cert.
358 936 418 968 pet.
426 927 479 959 Tu
495 928 570 960 vero
578 948 588 963 ‚
610 929 666 968 qui
682 929 761 958 ditis
773 928 831 958 hoc
850 925 1057 959 interdictum
1075 926 1167 958 habe-

179 982 213 1003 re
230 972 336 1004 locum
345 973 426 1003 inter
444 970 550 1002 Deum
559 992 570 1006 ‚
588 971 623 1002 &
641 970 804 1001 hominem
815 990 825 1004 ‚
846 972 882 1001 de
894 969 1071 1010 possessione
1091 979 1167 1000 con—

179 1017 344 1047 tendentes
350 1016 384 1045 in
392 1013 461 1045 foro
470 1017 582 1045 animae
591 1034 602 1048 ,
622 1012 781 1044 considera
789 1033 800 1047 ,
822 1023 862 1044 an
878 1015 959 1044 inter
969 1013 1045 1043 tales
1069 1012 1168 1053 perso-

181 1068 240 1090 nas
248 1079 259 1093 ,
278 1059 313 1090 &
335 1057 370 1088 in
387 1057 441 1088 tali
451 1056 520 1089 foro
540 1055 629 1089 subsit
640 1055 815 1097 hujusmodi
835 1056 1009 1096 periculum
1023 1057 1063 1087 ad
1083 1065 1168 1087 arma

181 1102 332 1132 veniendi
344 1121 353 1129 .

224 1143 306 1175 Item
326 1142 477 1184 judicium
497 1144 666 1175 retinendae
687 1141 729 1173 est
749 1141 1035 1174 summariiffimum
1051 1163 1059 1171 .
1083 1141 1169 1173 Rota

181 1184 298 1226 diverfi
303 1184 467 1227 deciss641.
477 1189 587 1218 num-8.
597 1194 694 1225 par-1.
705 1187 740 1217 &
751 1195 1008 1216 momentaneum
1016 1207 1023 1214 .
1032 1183 1167 1225 Cagnol.

181 1229 248 1261 inl.
257 1231 296 1260 In
303 1231 374 1268 pari
381 1250 392 1270 ,
414 1240 492 1261 num.
503 1234 534 1262 6.
534 1228 573 1272 ff
582 1231 632 1261 De
652 1239 712 1268 reg.
723 1229 780 1266 jur.
792 1227 893 1260 Caesar
901 1230 939 1259 de
955 1227 1069 1260 Graffis
1078 1227 1167 1269 decifi

183 1284 231 1303 22.
242 1272 325 1303 aliaLs
351 1284 376 1304 2.
386 1283 465 1303 num.
479 1281 504 1312 5.
514 1271 552 1304 de
570 1270 665 1314 restit.
676 1272 803 1314 spoliat.
813 1273 847 1304 δε
867 1272 908 1303 est
919 1273 1169 1312 praeparatorium

182 1315 292 1355 judicii
301 1316 464 1356 possessorii
475 1316 652 1356 principalis
661 1325 752 1356 atque
763 1315 909 1356 plenarii.
933 1315 1020 1346 Bero
1029 1315 1106 1356 conf
1121 1324 1131 1345 1
1144 1324 1168 1344 1.

182 1369 263 1389 mam.
276 1368 301 1389 1.
311 1357 364 1390 lib.
379 1371 402 1391 1.
413 1361 445 1391 &
455 1361 545 1390 datur
554 1358 712 1400 quousque
722 1358 811 1390 causa
821 1357 1025 1399 cognoscatur
1035 1360 1066 1388 in
1080 1358 1170 1398 pleno

181 1402 354 1442 possessorio
365 1422 374 1436 ‚
385 1403 432 1433 vel
444 1403 605 1442 petitorio,
626 1404 660 1434 &
670 1401 741 1433 ideo
750 1402 866 1433 alicubi
876 1402 1044 1442 appellatur
1054 1422 1063 1435 ,
1085 1402 1107 1431 l.
1120 1402 1170 1431 [²1-

180 1446 273 1477 terim
281 1465 292 1479 ,
300 1447 374 1485 quia
382 1445 525 1486 expectat
535 1446 618 1477 aliud
632 1445 783 1484 judicium
795 1445 858 1485 post
867 1445 894 1476 se
902 1467 910 1474 .
936 1444 1021 1476 Rom
1030 1447 1062 1475 in
1072 1444 1171 1475 Tira-

173 1488 277 1530 Jonen.
287 1489 486 1520 Decimarum
495 1499 595 1520 coram
605 1490 633 1520 C
634 1487 777 1520 ardinale
787 1490 1038 1526 Muquemomi‘o
1047 1487 1171 1528 impres-

174 1531 215 1573 sa
222 1530 301 1571 apud
311 1530 548 1572 Adarchefiznum
556 1530 594 1563 de
604 1531 747 1571 Commts
756 1530 883 1573 p.1.fol.
890 1541 901 1562 1
910 1536 977 1562 262.
989 1529 1171 1563 num.2.Co-

181 1575 444 1614 varruviasprac‘lr.
456 1573 549 1616 quaest.
559 1586 583 1606 c.
591 1583 636 1612 17.
646 1577 680 1606 in
690 1572 780 1607 Rubr.
791 1573 828 1606 ω’*
837 1585 950 1605 numa.
961 1574 1021 1605 Dic
1033 1584 1108 1614 ergo
1118 1583 1152 1605 tu
1160 1593 1170 1606 ‚

182 1618 239 1657 qui
249 1617 350 1648 affer-is
368 1618 425 1649 hoc
437 1618 587 1656 judicium
596 1619 706 1659 agitari
717 1620 796 1649 inter
808 1618 912 1649 Deum
922 1638 932 1652 ,
947 1620 980 1649 &c
992 1618 1152 1648 hominem
1161 1636 1170 1650 ‚

183 1661 206 1691 sl
225 1662 258 1691 in
267 1670 306 1691 eo
326 1659 413 1691 Deus
423 1660 601 1692 succumbat
612 1681 622 1695 ‚
643 1662 676 1693 δε
699 1663 800 1701 potior
811 1661 846 1692 sit
867 1662 1011 1693 conditio
1032 1661 1171 1691 hominis

185 1702 270 1734 suam
280 1703 453 1734 libertatem
475 1703 672 1744 possidentis,
692 1714 756 1744 quo
766 1703 856 1744 pasto
878 1704 1070 1735 succurratur
1082 1703 1151 1734 Deo
1162 1723 1170 1737 ,

182 1747 216 1778 ὃ(
237 1756 344 1789 corani
353 1756 417 1786 quo
440 1747 583 1787 jussuum
605 1748 803 1788 prosequetur
824 1750 855 1777 in
868 1748 958 1787 pleno
981 1747 1152 1786 pozl'esi'orio
1162 1765 1170 1779 ,

181 1789 231 1821 vel
242 1790 275 1820 in
286 1789 435 1829 petitorio
446 1790 563 1830 judicio
572 1811 582 1824 ‚
604 1791 642 1822 ad
652 1789 859 1832 praescriptum
869 1792 944 1832 legis
955 1791 1070 1821 Exitus
1081 1788 1171 1831 ‚ffde

183 1831 356 1871 acquirend.
364 1831 473 1873 Poffeff·

227 1875 306 1906 Item
314 1877 420 1917 regula
437 1878 530 1917 luris,
551 1877 636 1918 quod
655 1877 756 1918 potior
767 1877 802 1909 sit
824 1877 966 1909 conditio
979 1875 1171 1917 possidentis.

184 1920 324 1958 procedit
334 1918 458 1950 tantum
469 1920 503 1951 in
511 1921 624 1955 dubio,
645 1931 679 1952 ut
690 1931 778 1953 notat
788 1922 880 1962 glossa
894 1931 916 1952 1.
928 1922 968 1952 ad
975 1920 1030 1962 jin.
1041 1923 1074 1950 in
1083 1931 1106 1951 c.
1112 1919 1170 1961 fin.

181 1962 254 2000 Pari
264 1980 275 1994 5
297 1959 334 1991 de
342 1971 402 2000 reg.
412 1960 468 1998 jur.
479 1960 531 1994 lib.
540 1966 570 1994 6.
580 1964 613 1995 &
624 1963 697 1995 cum
710 1965 776 2005 jura
798 1966 931 2004 partium
942 1964 1010 1994 sunt
1025 1963 1153 1994 obscura
1162 1983 1172 1997 ‚

184 2012 220 2035 ut
229 2014 253 2035 c.
264 2005 351 2035 Inter
359 2003 482 2036 dilestos
490 2025 500 2040 ‚
516 2005 622 2047 defide
631 2005 767 2047 instrum.
780 2007 874 2048 quue
887 2006 957 2037 satis
968 2006 1047 2037 clare
1058 2008 1171 2037 admit-

183 2055 255 2078 tunt
266 2046 451 2082 adversarii,
472 2050 547 2080 dum
555 2051 591 2080 ad
602 2050 776 2081 elidendam
794 2050 932 2089 regulam
941 2070 950 2083 ,
973 2049 1057 2090 quod
1071 2049 1106 2080 in
1115 2051 1172 2080 du-

182 2090 236 2120 bio
259 2099 327 2130 pars
337 2092 435 2121 tutior
454 2090 489 2121 sit
500 2092 641 2132 eligenda
649 2112 658 2126 ‚
680 2102 842 2132 opponunt
863 2094 894 2123 ei
914 2095 1104 2124 contrariam
1126 2102 1172 2122 re-

181 2133 307 2172 gulam,
328 2132 414 2172 quod
424 2132 491 2163 imo
501 2136 534 2165 in
544 2136 643 2166 dubio
653 2134 688 2166 sit
700 2136 810 2166 melior
824 2135 1000 2174 possidentis
1010 2137 1169 2166 conditio.

179 2175 224 2206 At
244 2175 405 2214 quomodo
412 2174 480 2205 fieri
502 2176 616 2215 potest,
637 2186 671 2208 ut
693 2187 739 2207 res
748 2179 840 2208 dubia
861 2177 896 2208 sit
908 2197 917 2211 ‚
937 2179 971 2209 δε
987 2178 1115 2209 obscura
1135 2188 1172 2209 e.<

182 2226 268 2258 parte
278 2216 357 2251 Dei,
378 2220 430 2248 cui
439 2220 548 2249 omnia
559 2218 627 2250 sunt
639 2220 728 2260 plana
738 2240 746 2254 ,
769 2223 801 2251 δε
812 2226 934 2260 aperta?
949 2232 972 2252 c.
984 2223 1067 2252 Deus
1078 2223 1172 2252 omni-

177 2269 284 2301 potens
292 2279 303 2294 ,
315 2271 340 2291 z.
350 2259 443 2301 quaest.
462 2270 486 2291 1.
498 2272 522 2292 c.
533 2262 641 2294 Novit
650 2282 660 2296 ‚
671 2266 708 2293 dc
717 2263 792 2304 offic.
802 2264 948 2302 Delegati
959 2286 966 2293 .
978 2264 1088 2305 Neque
1100 2264 1172 2295 infi-

181 2303 241 2335 stas
247 2305 382 2335 dicendo
391 2313 457 2334 rem
466 2304 522 2348 esse
530 2305 692 2337 obscuram
702 2316 738 2337 ex
749 2316 832 2347 parre
845 2307 982 2338 hominls
993 2318 1002 2343 ·,
1019 2308 1171 2348 quoniam

180 2346 242 2378 hoc
252 2345 435 2390 nondsufficit
446 2367 454 2381 ‚
465 2357 539 2379 cum
551 2348 693 2389 praeditsta
703 2351 807 2390 regula
817 2360 882 2381 non
894 2351 1059 2383 intretmili
1072 2361 1171 2391 quan-

174 2390 226 2421 ·do
234 2389 300 2429 jura
310 2391 377 2421 lunt
386 2389 457 2421 obsc
463 2401 516 2421 ura
523 2392 561 2423 ab
571 2401 700 2433 utraque
712 2403 795 2433 parte
806 2404 815 2429 3
836 2393 977 2434 alioquin
988 2393 1009 2424 si
1030 2393 1075 2433 jus
1085 2393 1171 2425 atsto<

180 2433 225 2463 xis
235 2431 271 2463 srt
281 2432 400 2479 clarum
409 2452 419 2467 ‚
427 2435 459 2465 &
470 2434 642 2475 liquidum,
663 2438 695 2467 ὅ(
707 2436 753 2477 jus
763 2438 807 2467 rei
816 2436 966 2468 conventi
977 2437 1012 2467 sit
1021 2438 1150 2468 dubium
1161 2458 1171 2471 ‚

181 2485 219 2506 ac
229 2475 388 2506 turbidum
398 2485 407 2511 ·‚
423 2486 489 2507 non
497 2488 550 2517 pro
557 2487 612 2508 reo
621 2499 633 2512 ‚
648 2478 696 2510 sed
707 2489 762 2519 pro
771 2481 901 2519 petitore
909 2479 950 2511 est
960 2480 1170 2521 pronuncian-

182 2519 275 2549 dum.
285 2518 359 2558 Arg.
370 2516 401 2548 d.
411 2529 435 2549 c.
445 2521 531 2550 Inter
539 2519 662 2552 dilestos
671 2542 681 2555 ‚
689 2521 728 2553 de
736 2520 796 2562 fide
804 2521 941 2564 instrum.
952 2526 984 2555 δέ
994 2523 1015 2554 l.
1029 2525 1087 2556 Res
1094 2525 1170 2554 alie-

181 2571 239 2592 nas
247 2581 257 2595 ‚
279 2563 315 2592 C.
325 2562 376 2592 De
392 2562 437 2592 rei
447 2561 565 2595 vendic.
573 2563 591 2594 a
606 2567 766 2597 contrario
774 2564 858 2597 sensu
867 2586 875 2600 ‚
896 2569 930 2598 &
952 2576 1040 2597 notat
1059 2566 1171 2597 Baldus

180 2604 259 2645 confi
268 2612 339 2643 459.
350 2603 665 2651 quiterprobemur
674 2619 754 2641 ,rt-2.
766 2608 847 2650 vers.
857 2608 919 2641 Sed
928 2608 998 2647 quid
1008 2608 1049 2648 cll
1059 2630 1070 2643 ‚
1079 2607 1131 2641 lib.
1144 2619 1170 2650 3.

225 2647 306 2678 Item
316 2648 525 2694 porsealorium
541 2658 605 2679 non
614 2651 703 2681 datur
712 2661 822 2682 contra
839 2654 933 2684 titulo
950 2654 1151 2693 possidentem
1160 2674 1170 2687 ‚

181 2691 310 2730 qnando
324 2691 433 2722 titulus
443 2691 484 2722 est
505 2690 597 2731 justus
608 2711 619 2726 ‚
639 2694 672 2723 ὅ(
692 2703 764 2724 cum
776 2696 857 2726 bona
872 2696 950 2730 fide,
971 2706 995 2727 c.
1006 2695 1171 2728 Licetcau-

175 2732 248 2773 sam
255 2731 292 2764 de
302 2733 421 2772 probat.
429 2732 578 2764 Alexand.
589 2734 665 2774 conſs
675 2738 725 2768 89.
734 2738 1007 2779 Excelllentiffimi
1016 2759 1025 2773 ,
1047 2749 1128 2770 num.
1140 2748 1169 2777 7.

178 2775 264 2816 vers.
275 2777 397 2808 Accedo
407 2776 447 2807 ad
453 2774 650 2817 poffejlbrium
659 2798 669 2812 ‚
690 2776 773 2817 lib.5.
785 2779 884 2812 Unde
894 2784 990 2813 ctiam
1001 2782 1020 2812 si
1032 2782 1096 2813 solo
1106 2781 1172 2822 pos-

177 2817 306 2851 sessorio
325 2829 451 2861 agatur,
472 2822 527 2861 qui
547 2820 693 2861 justificat
716 2821 924 2861 possessionem
934 2824 1019 2856 suam
1041 2835 1114 2856 curn
1130 2826 1171 2856 ti-

176 2862 268 2897 tulo,
291 2862 424 2903 praeferri
444 2864 534 2894 debet
543 2885 550 2892 .
574 2863 683 2895 Baldus
703 2864 779 2905 cons.
794 2869 860 2896 161.
882 2867 914 2896 in
930 2865 989 2908 fin.
1000 2868 1079 2909 vers.
1091 2867 1171 2900 Illud

177 2907 297 2940 etiam,
318 2904 376 2938 lib.
389 2916 414 2946 3.
425 2904 588 2948 Qrinimo
599 2907 733 2947 polseffio
749 2908 872 2939 titulata
880 2918 1171 2952 quantumcumque

179 2949 287 2991 junior
307 2948 464 2990 praefertur
474 2959 538 2980 non
560 2950 688 2982 titulatae
696 2971 706 2986 ‚
725 2953 801 2992 quia
822 2952 922 2993 magis
932 2953 1046 2984 dicitur
1065 2953 1171 2994 justifi-

176 3002 250 3024 cata
260 3001 314 3032 per
324 2990 478 3033 punctum
493 2995 624 3024 rationis
635 3014 646 3028 ‚
666 2993 696 3025 d.
707 3005 730 3025 c.
741 2993 829 3026 Licet
843 2995 960 3036 causam
971 3017 978 3025 .
1002 2995 1083 3027 Bart.
1093 2998 1127 3028 in
1147 2998 1169 3029 l.

177 3037 218 3067 Si
224 3034 285 3067 duo
293 3055 303 3070 ,
324 3035 380 3067 col.
390 3046 417 3067 2.
417 3032 456 3078 ff
466 3036 522 3069 Uti
527 3036 692 3077 poffidetis.
717 3037 799 3069 Bald.
811 3038 876 3069 inl.
886 3038 950 3083 Qui
958 3039 1097 3079 accusare
1105 3060 1115 3075 ‚
1136 3043 1170 3072 in

178 3079 236 3110 ult.
244 3075 348 3111 notab.
357 3079 412 3110 col.
428 3077 488 3120 fin.
499 3082 536 3111 C.
546 3080 583 3111 de
599 3078 713 3111 edendo
721 3102 728 3109 .
752 3079 891 3112 Posseffio
912 3091 1017 3113 autem
1026 3092 1063 3113 ex
1085 3093 1169 3123 parte

177 3121 241 3154 Dei
250 3120 548 3164 praeterquamquod
558 3123 598 3154 est
615 3123 793 3164 antiquior,
814 3133 848 3154 ut
870 3123 1000 3156 inferius
1009 3125 1148 3158 dicemus
1159 3147 1168 3161 ,

177 3163 299 3206 semper·
315 3164 356 3196 est
365 3175 440 3196 curn
455 3166 549 3197 titulo
559 3166 654 3206 justo,
675 3168 708 3199 ὃ(
729 3176 802 3197 cum
811 3166 893 3198 bona
912 3167 990 3201 fide,
1011 3168 1086 3209 quia
1103 3171 1169 3201 Do-

177 3209 257 3240 mini
271 3205 317 3250 eJt'
327 3215 412 3239 terra
421 3228 432 3242 ‚
454 3207 492 3241 (ῥ’
504 3207 662 3248 plenitudo
673 3208 734 3248 ejus
743 3229 753 3243 ‚
777 3206 857 3241 orbis
865 3218 1019 3242 terrarum
1028 3231 1039 3246 ,
1059 3211 1170 3244 &unl-

177 3261 235 3283 ver
250 3264 282 3286 i,
303 3247 605 3290 qu.··habitamineo,
626 3254 703 3285 utin
722 3251 838 3293 Psalm.
849 3251 1003 3292 23.Nullo
1012 3256 1108 3296 igitur
1118 3267 1170 3288 ca-

178 3294 212 3326 su
223 3297 290 3326 dari
300 3292 400 3336 potest
409 3303 519 3328 contra
534 3294 642 3329 Deum
651 3295 814 3337 potioritas
837 3295 1022 3337 poffeffionis
1031 3307 1069 3329 ex
1085 3309 1169 3339 parte

177 3337 318 3370 hominis
330 3359 338 3368 .

220 3381 300 3412 ltem
310 3380 414 3422 regula
424 3398 436 3416 ‚
457 3381 541 3420 quod
553 3382 666 3414 melior
675 3382 711 3414 fit
731 3383 873 3415 conditio
884 3381 955 3423 pom
961 3383 1062 3415 dentis
1071 3404 1081 3418 ‚
1103 3395 1167 3416 non

175 3424 318 3458 obtinet,
340 3424 396 3455 nisi
414 3423 489 3456 cum
500 3425 566 3464 jura
583 3425 731 3465 utrinque
741 3425 807 3457 sunt
826 3426 930 3467 paria,
954 3435 987 3458 ut
1009 3427 1030 3458 l.
1044 3429 1081 3459 In
1095 3429 1167 3468 pm·

261 3470 399 3507 fogiam.
411 3470 444 3500 in
453 3469 478 3500 l.
490 3466 560 3500 Lib.
570 3470 732 3502 Dea-rim.

2065 52 2120 95 51

1213 111 1320 149 causa,
1332 107 1372 152 ff.
1382 112 1433 142 De
1442 122 1503 149 reg.
1514 110 1569 149 βπ.
1581 121 1606 142 c.
1616 111 1652 141 Iri
1659 111 1729 150 pari
1737 108 1818 145 ,eod.
1829 111 1880 142 tit.
1891 109 2012 144 lib.6.l.
2022 113 2060 143 Si
2081 121 2181 144 autem
2191 135 2200 148 ‚

1214 154 1281 189 §.Si
1288 151 1396 185 duobus
1404 174 1414 188 ‚
1416 151 1508 196 ffiDe
1513 152 1622 194 public.
1634 155 1667 185 in
1675 164 1740 185 rem
1748 154 1806 185 ast.
1816 154 1880 186 l.Si
1879 154 2008 195 servum
2011 154 2176 195 stipulans
2188 177 2198 190 ‚

1214 197 1240 232 §.
1249 198 1412 234 Sequitur,
1426 199 1459 228 in
1463 196 1522 238 fin.
1532 199 1576 228 ibi
1586 209 1592 227 :
1603 196 1688 229 Cum
1697 207 1750 239 par
1759 196 1915 238 utriusque
1927 197 2015 228 causa
2024 198 2082 232 est,
2104 209 2197 238 quare

1212 248 1277 270 non
1297 242 1454 279 potentior
1464 239 1499 270 sit
1519 242 1573 280 qui
1583 249 1668 272 tenet
1677 261 1687 274 ‚
1707 239 1800 281 quam
1808 243 1862 282 qui
1874 240 2082 281 prosequitur?
2099 238 2138 283 ff.
2150 243 2199 273 Dc

1210 279 1371 314 verborum
1388 280 1511 321 obligat.
1527 284 1569 314 At
1583 285 1743 325 quomodo
1753 284 1847 324 potest
1864 284 1921 315 effe
1944 293 1996 324 par
2007 292 2096 314 caum
2117 287 2198 316 inter

1211 324 1316 356 Deum
1326 346 1336 360 ‚
1360 324 1409 356 seu
1419 326 1520 366 legem
1530 327 1759 367 praecipientem
1767 347 1777 362 ‚
1801 327 2018 359 &libertatem
2039 327 2177 359 hominis
2188 348 2197 362 ,

1209 367 1283 400 cum
1306 368 1434 400 Deus&
1446 370 1492 399 lex
1503 389 1512 403 2
1535 369 1722 409 imperium,
1743 371 1776 402 &
1788 371 1966 410 porestatem
1975 369 2107 401 babeant
2123 381 2199 402 con-
2215 378 2218 383 ’

1209 410 1379 452 stringendi
1388 411 1562 443 libertatem
1574 412 1710 443 hominis
1718 433 1728 447 ‚
1739 413 1759 444 l.
1769 411 2071 455 Legessacratisfimae
2079 433 2089 448 ‚
2099 416 2135 444 C.
2147 415 2198 445 De

1209 452 1297 492 legib.
1308 456 1341 486 &
1351 455 1527 486 homocum
1537 465 1603 486 tora
1614 455 1663 485 sua
1674 456 1812 487 libertate
1823 458 1891 487 vim
1899 457 2016 488 nullam
2032 456 2141 488 habeat
2150 467 2195 487 re-

1209 496 1340 531 sistendi,
1352 496 1520 528 secundum
1529 499 1604 529 illud
1613 498 1763 529 Genensrs
1774 507 1820 537 50.
1835 509 1846 529 1
1854 511 1881 535 9·
1893 500 1981 530 Num
1990 500 2197 541 Deipoffimus

1208 538 1344 582 refistere
1357 541 1526 571 voluntati?
1549 551 1572 572 c.
1583 541 1649 586 Qi
1658 541 1717 583 rest
1713 538 1771 581 stit
1781 562 1791 576 ,
1815 551 1827 573 1
1836 552 1861 573 1.
1874 541 1965 584 quaest.
1979 552 2004 583 3.
2015 554 2039 574 c.
2050 542 2196 590 Quisquis

1206 585 1363 622 praecepn's
1373 604 1383 617 ,
1410 593 1456 623 14.
1466 593 1492 620 q.
1508 592 1533 613 1.

1251 625 1332 657 Item
1349 625 1554 658 interdictum
1575 626 1744 657 retinendae
1767 636 1831 658 non
1852 629 1942 659 datur
1963 639 2074 661 contra
2095 628 2197 671 supre-

1209 679 1297 700 mum
1317 668 1528 710 Superiorem.
1554 669 1745 701 Menocbius
1754 671 1790 700 de
1809 670 1958 702 retinend.
1970 670 2062 712 quest.
2076 684 2102 703 2.
2114 683 2194 704 num.

1213 721 1280 750 152.
1299 714 1453 752 numquid
1475 722 1550 755 ergo
1569 713 1693 744 dabitur
1715 713 1838 743 homini
1849 723 1958 745 contra
1980 714 2084 746 Deum
2094 736 2103 749 ‚
2124 717 2197 756 qui,

1208 765 1242 786 ut
1251 756 1366 786 dicitur
1377 755 1505 787 Deuter-
1520 766 1531 788 1
1538 768 1566 788 0.
1583 765 1628 794 17.
1640 753 1679 797 est
1686 757 1772 788 Deus
1779 754 1901 787 deorum
1909 776 1920 791 ,
1943 762 1979 789 (T
1987 759 2136 790 Dominus
2145 759 2198 790 do-

1208 801 1392 830 minantium
1403 805 1412 829 ἒ

1252 842 1333 873 Item
1351 842 1409 874 hoc
1421 841 1626 874 interdietum
1646 843 1735 874 datur
1746 842 1895 883 possessori
1905 853 2194 886 quantumcumque

1209 884 1322 925 injusto
1331 905 1341 919 ‚
1362 886 1436 926 quia
1457 887 1555 917 etiam
1565 887 1667 927 praedo
1681 889 1714 917 in
1725 885 1775 916 sua
1797 885 1973 927 possessione
1991 887 2031 918 est
2054 898 2196 920 manute-

1209 929 1328 959 nendus
1336 949 1346 963 ‚
1369 939 1393 960 c.
1404 930 1440 960 Isi
1450 929 1552 960 literis
1562 949 1573 964 ‚
1594 940 1657 961 cum
1668 931 1798 968 materia
1808 949 1817 963 ‚
1838 928 1876 960 de
1897 927 2123 971 restit-spoliat.
2134 930 2163 961 d.
2173 931 2195 964 l.

1209 972 1268 1002 Res
1276 971 1410 1006 alienas,
1432 974 1469 1004 C.
1480 974 1530 1004 De
1540 974 1585 1004 rei
1607 971 1726 1004 vendic.
1740 971 1844 1003 Praedo
1864 982 1970 1004 autem
1978 993 1988 1007 ‚
2009 975 2042 1005 δέ
2063 973 2118 1014 qui
2131 983 2197 1005 rem

1209 1015 1345 1046 allenam
1367 1015 1475 1056 injuste
1494 1018 1614 1047 detinet
1625 1036 1634 1050 ‚
1658 1016 1766 1056 utique
1788 1015 1829 1046 est
1846 1017 1879 1046 in
1903 1025 2031 1055 peccato
2054 1017 2197 1050 mortali,

1208 1060 1359 1098 quamdiu
1370 1069 1432 1089 non
1443 1059 1574 1090 restituit
1584 1079 1594 1093 ‚
1605 1069 1638 1090 ut
1646 1059 1680 1090 in
1688 1060 1793 1099 regula.
1802 1057 1889 1090 SeXti
1897 1078 1906 1093 ‚
1915 1060 2076 1091 Peccatum
2083 1070 2141 1090 non
2149 1059 2197 1090 di-

1208 1102 1347 1131 mittitur
1356 1121 1366 1135 ,
1384 1099 1446 1132 &a
1458 1102 1498 1132 At
1506 1103 1667 1141 quomodo
1678 1102 1773 1141 potest
1784 1103 1893 1133 cadere
1903 1103 1937 1132 in
1947 1111 2086 1134 mentem
2095 1102 2197 1134 homi-

1210 1145 1277 1177 nis,
1299 1153 1333 1174 ut
1344 1145 1377 1174 in
1385 1144 1551 1185 quaestione
1561 1146 1643 1174 Inter
1651 1143 1758 1174 Deum
1769 1164 1779 1178 ‚
1795 1150 1827 1175 e<
1839 1145 2000 1175 hominem
2009 1165 2019 1179 ‚
2040 1147 2072 1177 S<
2085 1147 2117 1176 in
2129 1145 2198 1177 foro

1211 1185 1427 1221 conscientiae,
1447 1188 1542 1218 homo
1553 1186 1587 1218 sir
1599 1187 1847 1218 manutenendus
1857 1187 1890 1218 in
1901 1187 2075 1227 possessione
2083 1198 2201 1220 morta-

1211 1230 1247 1260 lis
1255 1230 1394 1270 peccati?
1416 1229 1550 1262 Certum
1568 1229 1607 1260 est
1618 1231 1703 1260 enim
1718 1239 1781 1260 non
1791 1231 1856 1261 dari
1867 1230 2078 1270 possessionem
2093 1231 2199 1263 causa-

1210 1275 1310 1304 rivam
1323 1276 1440 1313 peccati
1451 1284 1458 1309 3
1479 1272 1724 1314 quinimoJudex
1734 1272 1831 1303 etiam
1839 1283 1874 1303 ex
1885 1272 2009 1308 officio,
2026 1276 2059 1306 &
2070 1277 2196 1306 nemine

1212 1325 1333 1356 petente
1346 1336 1355 1350 ‚
1366 1318 1455 1348 debet
1466 1326 1610 1348 amovere
1620 1316 1636 1347 a
1646 1316 1701 1347 tali
1712 1315 1886 1356 possessi0ne
1895 1338 1904 1345 .
1924 1316 2050 1348 Gemin.
2062 1317 2141 1357 cons.
2150 1322 2200 1356 76.

1210 1362 1243 1389 in
1252 1361 1347 1398 princ.
1360 1359 1450 1391 Plene
1462 1360 1613 1391 Menoch.
1625 1358 1662 1390 de
1670 1357 1819 1390 retinend.
1828 1358 1969 1398 rcmed.3.
1981 1371 2010 1390 η.
2024 1365 2088 1397 156.
2101 1360 2198 1392 Ruin-

1211 1402 1288 1441 confi
1299 1405 1346 1433 28.
1366 1401 1417 1434 lib.
1427 1413 1458 1442 4.
1477 1403 1575 1443 Igitur
1593 1401 1797 1434 interdistum
1807 1403 1975 1433 retinendae
1992 1405 2024 1433 in
2036 1402 2105 1435 foro
2126 1414 2201 1436 con-

1212 1444 1347 1477 scientiae
1357 1446 1461 1477 locum
1481 1455 1545 1477 non
1556 1445 1646 1477 habet
1656 1468 1664 1476 .

1255 1488 1336 1519 Item
1346 1488 1467 1530 Regula
1476 1487 1580 1523 Sexti,
1592 1490 1631 1520 de
1638 1499 1699 1529 qua
1710 1489 1742 1520 in
1754 1487 1784 1520 d.
1793 1499 1818 1520 c.
1826 1490 1863 1520 In
1870 1491 1942 1529 pari
1952 1509 1961 1524 ‚
1983 1489 2023 1521 est
2034 1490 2201 1531 complica-

1212 1541 1260 1567 ta3
1282 1531 1322 1562 fic
1333 1531 1455 1563 enimse
1466 1532 1556 1563 habet
1566 1543 1573 1563 ι
1583 1532 1620 1562 In
1629 1535 1694 1572 pari
1702 1531 1836 1567 misto,
1858 1533 1906 1564 vel
1917 1532 2006 1565 causa
2017 1553 2026 1567 ‚
2045 1536 2147 1574 potior
2156 1534 2197 1565 est

1212 1576 1355 1606 conditio
1373 1574 1549 1616 possidentis
1560 1597 1567 1604 .
1590 1574 1629 1606 Et
1644 1578 1748 1616 quoad
1757 1575 1905 1607 delicium
1925 1576 2018 1617 gloss'a
2027 1577 2198 1617 exemplifi-

1211 1628 1261 1649 cat
1272 1618 1307 1649 in
1316 1620 1433 1650 duobus
1443 1618 1560 1650 casibus
1571 1641 1578 1648 .
1600 1617 1707 1650 Pri-no
1719 1621 1814 1652 ineo,
1826 1622 1881 1660 qui
1893 1621 2004 1660 reperit
2016 1622 2179 1660 pecuniam
2190 1641 2200 1655 ‚

1211 1672 1306 1702 quam
1315 1664 1399 1693 dedit
1411 1672 1465 1702 pro
1474 1661 1585 1702 iniquo
1595 1662 1732 1699 iudicio,
1742 1661 1926 1703 aA‘bnſsme
1935 1683 1944 1697 ‚
1960 1672 2007 1703 14.
2016 1661 2138 1704 quaest.5.
2148 1663 2201 1695 Se-

1212 1705 1316 1736 cundo
1328 1707 1359 1735 in
1372 1716 1408 1736 eo
1418 1707 1487 1745 ‚qui
1498 1706 1601 1736 usuram
1611 1726 1620 1739 ‚
1643 1716 1718 1745 quas
1730 1704 1839 1740 solvit,
1854 1708 1964 1746 repetit
1974 1727 1984 1740 ,
2005 1718 2030 1737 c.
2041 1705 2200 1750 Qiafruss

1206 1746 1287 1789 strd,
1297 1747 1333 1779 de
1342 1749 1418 1789 usur.
1430 1749 1470 1779 At
1483 1749 1513 1778 bi
1523 1750 1585 1778 duo
1595 1748 1679 1779 casus
1691 1749 1794 1780 locum
1807 1759 1869 1779 non
1882 1749 1994 1780 habent
2005 1751 2038 1780 in
2048 1749 2116 1780 foro
2126 1760 2202 1781 con-

1212 1792 1346 1823 scicntia:
1357 1802 1364 1828 3
1376 1801 1448 1823 nam
1457 1794 1558 1832 quoad
1571 1794 1704 1831 primum
1715 1812 1724 1826 ‚
1745 1795 1888 1833 quamvis
1898 1793 1947 1823 ille
1957 1813 1966 1827 ‚
1988 1795 2042 1833 qui
2053 1794 2137 1824 dedit
2150 1804 2202 1833 pe-

1212 1837 1340 1868 cuniam
1351 1846 1406 1875 pro
1417 1837 1527 1875 iniquo
1539 1835 1668 1875 judicio,
1678 1845 1812 1875 repetere
1824 1846 1887 1867 non
1900 1835 1997 1876 possit,
2007 1839 2039 1868 bt
2054 1838 2153 1876 potior
2166 1836 2201 1867 sit

1213 1881 1356 1911 conditio
1376 1878 1491 1919 Judicis
1504 1878 1680 1918 pollidentis
1705 1880 1736 1908 in
1746 1877 1814 1910 foro
1829 1888 1957 1910 externo
1968 1890 1976 1914 ·,
1999 1889 2104 1910 tamen
2116 1879 2199 1910 secus·

1213 1922 1253 1954 est
1271 1925 1303 1953 in
1315 1921 1384 1953 soro
1404 1922 1516 1952 animae
1525 1941 1535 1955 ‚
1556 1923 1630 1962 quia
1647 1932 1710 1952 non
1724 1923 1817 1961 potest
1840 1922 2004 1962 pecuniam
2013 1921 2091 1953 male
2113 1933 2201 1953 acce-

1213 1975 1298 2007 ptam
1308 1966 1361 1997 sibi
1373 1967 1505 1996 retinere
1514 1985 1524 1998 ‚
1547 1974 1579 1996 ut
1593 1967 1623 1995 in
1647 1966 1827 2003 Extravag.
1836 1968 1939 2004 prima
1949 1964 2102 2006 lio-nifizcii
2113 1967 2200 1996 Vlll.

1213 2008 1250 2040 de
1258 2008 1339 2049 fint-
1353 2019 1468 2039 excom.
1481 2008 1557 2039 &in
1565 2008 1655 2039 Bulla
1664 2007 1790 2047 Santiff.
1802 2010 1930 2040 Domini
1951 2006 2044 2049 nostri
2059 2009 2203 2040 Alexim-

1212 2050 1263 2083 dri
1273 2053 1342 2083 Vll.
1352 2050 1389 2081 de
1397 2050 1480 2081 datis
1490 2071 1499 2084 ,
1521 2051 1730 2092 &promiffiu
1750 2052 1787 2083 Et
1796 2053 1898 2092 quoad
1909 2052 2074 2083 secundum
2085 2072 2093 2086 ‚
2116 2051 2201 2082 Usu-

1213 2097 1311 2126 rarius
1322 2096 1465 2134 quamvis
1477 2093 1580 2125 usuras
1591 2115 1600 2128 ‚
1611 2105 1687 2134 quas
1697 2094 1786 2126 {olvit
1796 2115 1805 2129 ‚
1817 2105 1950 2135 repetere
1963 2105 2025 2125 non
2037 2094 2140 2135 possrt3
2157 2105 2201 2126 ta-

1213 2148 1285 2169 men
1298 2138 1346 2168 ille
1356 2157 1367 2171 ,
1387 2140 1441 2177 qui
1453 2137 1567 2177 accipit
1577 2157 1586 2171 ‚
1610 2148 1673 2168 non
1697 2138 1790 2178 potest
1803 2148 1852 2169 eas
1874 2138 1928 2169 sibi
1937 2140 2070 2169 retinere
2091 2138 2124 2169 in
2134 2137 2203 2169 soro

1213 2180 1430 2214 conscientiae,
1451 2182 1497 2211 led
1509 2191 1629 2212 tenetur
1642 2183 1823 2221 pauperibus
1834 2191 1958 2222 erogare
1970 2193 1978 2216 ·‚
2000 2191 2033 2212 ut
2043 2183 2076 2212 in
2086 2192 2109 2212 o.
2121 2179 2201 2212 Cum

1212 2233 1243 2255 tu
1253 2245 1262 2258 ‚
1285 2222 1323 2254 de
1341 2223 1419 2264 usur.
1428 2222 1538 2264 Quare
1561 2222 1633 2254 cum
1643 2225 1748 2265 regula
1770 2224 1804 2255 in
1816 2227 1881 2265 pari
1892 2224 2006 2255 delicto
2018 2234 2080 2254 non
2091 2224 2200 2255 babeat

1213 2268 1318 2299 locum
1328 2269 1360 2298 in
1379 2266 1447 2297 soro
1466 2266 1685 2304 conscientiae3
1705 2277 1780 2309 ergo
1800 2267 1901 2299 necin
1925 2270 1988 2307 pari
1997 2267 2085 2298 causa
2094 2287 2103 2301 ,
2126 2267 2200 2307 quia

1213 2321 1275 2342 una
1301 2311 1524 2341 determinatio
1555 2309 1722 2351 respiciens
1744 2313 1807 2342 duo
1837 2310 2082 2342 determinabilia
2110 2311 2198 2341 debet

1211 2363 1378 2393 utrumque
1387 2353 1543 2394 aequaliter
1552 2355 1759 2386 determinare
1766 2375 1777 2390 ‚
1802 2355 1926 2396 vulgata
1946 2354 1967 2384 l.
1968 2353 1997 2395 J
1998 2363 2047 2383 am
2056 2351 2107 2383 hoc
2115 2351 2180 2390 jure
2189 2374 2201 2388 >

1204 2395 1243 2439 ff.
1255 2398 1305 2428 De
1314 2397 1435 2435 vulgar.
2118 2414 2120 2417 ·

1256 2440 1335 2471 Item
1346 2440 1420 2471 cum
1429 2440 1491 2471 haec
1500 2441 1604 2481 regula
1614 2460 1623 2475 ‚
1644 2450 1678 2471 ut
1689 2442 1813 2480 praedixi.
1821 2460 1833 2473 ,
1852 2440 1957 2471 locum
1969 2439 2077 2471 habeat
2087 2441 2196 2470 tamin

1213 2485 1276 2524 pari
1288 2482 1418 2517 defleto,
1437 2483 1528 2522 quim
1539 2483 1572 2513 in
1584 2483 1649 2522 pari
1658 2483 1746 2513 causa
1756 2493 1763 2512 :
1773 2482 1805 2513 Si
1814 2491 1848 2512 tu
1858 2482 2057 2522 pertinaciter
2067 2492 2198 2514 conten-

1211 2528 1257 2557 dis
1266 2527 1409 2557 eamdem
1419 2526 1556 2564 regulam
1568 2525 1677 2555 habere
1694 2526 1798 2556 locum
1808 2527 1907 2556 etiam
1916 2528 1947 2556 in
1957 2525 2024 2556 foro
2035 2524 2197 2556 conscien-

1211 2569 1261 2600 tiae
1272 2589 1281 2602 ,
1292 2568 1324 2598 δι
1334 2566 1406 2598 cum
1417 2569 1546 2598 vertitur
1554 2567 1680 2608 quaestio
1689 2569 1770 2599 inter
1781 2567 1902 2602 Deum,
1913 2570 1947 2600 &
1956 2569 2117 2599 hominem
2127 2579 2133 2598 :
2143 2568 2198 2599 Er-

1211 2622 1253 2652 go
1270 2612 1414 2651 supponis
1423 2609 1456 2641 in
1480 2610 1551 2641 Deo
1561 2610 1638 2650 posse
1660 2612 1768 2642 cadere
1778 2610 1941 2642 delictum.
1964 2610 2064 2653 Qod
2082 2611 2123 2642 est
2131 2622 2196 2645 non

1212 2664 1278 2686 tam
1288 2655 1438 2693 impium,
1459 2653 1762 2694 quamimpoffibilffi
1785 2653 1858 2685 cum
1869 2656 2007 2694 potentia
2022 2654 2084 2685 Dei
2095 2664 2159 2685 non
2170 2655 2196 2685 se

1212 2699 1356 2729 extendat
1367 2698 1404 2728 ad
1414 2706 1575 2737 peccatum
1586 2716 1595 2730 ,
1606 2696 1714 2737 glollin
1724 2699 1900 2729 afirmiier
1908 2717 1917 2731 ,
1927 2700 1960 2729 in
1969 2707 2035 2728 ver.
2047 2698 2196 2736 Omnipo—

1212 2750 1278 2772 tens
1287 2760 1295 2774 ‚
1297 2739 1382 2781 supr.
1390 2740 1426 2770 de
1433 2743 1558 2771 Summa
1569 2740 1731 2771 Trinitate
1741 2761 1750 2775 ‚
1759 2740 1796 2773 θ’
1805 2742 1831 2771 F
1833 2740 1883 2771 ide
1892 2739 2050 2772 Catholica
2058 2762 2067 2770 .
2075 2740 2197 2772 S.Tho-

1213 2794 1279 2814 mas
1290 2785 1323 2814 in
1337 2790 1437 2822 1.par.
1447 2781 1539 2823 quaest.
1552 2790 1598 2821 25.
1608 2792 1668 2814 art.
1681 2782 1756 2823 3.ad
1768 2796 1793 2814 2.
1803 2782 1895 2815 Card.
1907 2783 2032 2816 Bellam.
2042 2785 2075 2815 in
2098 2795 2121 2816 c.
2134 2785 2195 2815 Per

1211 2826 1410 2866 principalem
1421 2847 1430 2860 ,
1441 2830 1522 2863 n-87-
1533 2826 1750 2867 verfiSecundo
1759 2829 1853 2865 igitur
1862 2825 1913 2858 hoc
1917 2824 2008 2866 probo
2018 2847 2027 2862 ,
2037 2826 2160 2867 9.quaest.
2167 2836 2191 2866 3.

1256 2870 1334 2900 Item
1345 2879 1377 2900 ut
1387 2871 1495 2900 d'1cunt
1504 2869 1688 2904 adversarii,
1710 2870 1745 2900 In
1755 2871 1851 2901 dubio
1861 2879 1953 2901 nemo
1963 2871 2053 2902 debet
2072 2870 2195 2911 spoliari

1212 2911 1264 2944 sua
1273 2911 1447 2953 poffeffione
1456 2934 1464 2942 .
1475 2912 1604 2953 Inquiro
1613 2932 1622 2946 ‚
1632 2910 1648 2943 a
1656 2918 1738 2953 quo?
1749 2912 1826 2945 Non
1835 2911 1852 2944 ὲ
1861 2912 1933 2944 Deo
1941 2934 1951 2948 ‚
1960 2914 2036 2955 quia
2043 2913 2129 2948 Deus
2140 2910 2192 2944 ne—

1211 2958 1331 2987 minem
1342 2955 1450 2995 spoliat
1459 2975 1468 2989 ‚
1486 2965 1542 2986 nec
1551 2964 1643 2987 nocet
1651 2975 1660 2989 ‚
1684 2965 1743 2987 nec
1751 2965 1864 2988 nocere
1875 2959 1989 2997 patitur
1999 2957 2134 2997 aliquem
2144 2957 2193 2986 in-

1212 2997 1284 3039 juste
1293 3018 1303 3032 ‚
1325 3009 1349 3029 c.
1357 2996 1526 3029 Secundum
1535 3017 1545 3032 ‚
1570 3007 1581 3028 1
1592 3007 1616 3028 ι.
1628 2996 1719 3038 quaest.
1731 3008 1758 3039 3.
1768 2997 1855 3031 Cum
1864 3010 1928 3031 non
1937 3000 1973 3032 sit
1981 2999 2090 3032 auctor
2099 2999 2173 3030 mali
2181 3018 2190 3032 ,

1209 3041 1304 3082 glossa
1313 3042 1346 3071 in
1357 3051 1381 3072 c.
1390 3038 1662 3081 Nabuchodonosor
1671 3061 1680 3075 ‚
1696 3043 1729 3072 in
1739 3052 1803 3074 ver.
1815 3045 1842 3075 C
1844 3041 1894 3075 itm
1903 3044 1977 3075 vero
1987 3064 1996 3078 ‚
2007 3046 2054 3074 28.
2066 3051 2091 3079 (1-
2102 3052 2130 3080 4·
2143 3040 2192 3072 sed.

1211 3085 1331 3115 summa
1340 3082 1472 3124 justitia,
1492 3094 1516 3114 c.
1526 3084 1709 3126 Quicumque
1718 3105 1728 3119 ‚
1752 3094 1764 3116 1
1774 3094 1800 3117 1.
1811 3085 1902 3127 quest.
1916 3096 1940 3128 3.
1951 3085 2085 3126 Nequea
2096 3082 2191 3125 seipso

1210 3126 1334 3167 spoliari
1343 3128 1413 3167 quis
1423 3126 1516 3167 potest
1527 3127 1662 3163 invitus;
1679 3130 1754 3168 quia
1763 3138 1858 3161 nemo
1872 3125 2120 3171 cogituraseipso
2129 3148 2137 3157 .
2159 3126 2190 3158 S.

1210 3169 1352 3201 Thomas
1362 3169 1396 3200 in
1409 3179 1433 3200 1.
1446 3180 1472 3199 2.
1483 3166 1626 3209 quaest-96.
1635 3179 1726 3209 aras.
1735 3170 1778 3203 ad
1787 3181 1812 3213 3.
1822 3173 1907 3204 Facit
1914 3181 2013 3204 textus
2024 3172 2058 3201 in
2066 3167 2191 3203 c.Debi-

1209 3221 1276 3245 tum
1284 3232 1295 3247 2
1315 3223 1380 3244 cum
1391 3209 1524 3258 concord·
1536 3213 1573 3243 de
1582 3213 1694 3253 quibus
1703 3213 1747 3246 ibi
1757 3217 1790 3246 in
1801 3215 1874 3257 glos.
1889 3225 1913 3246 1.
1923 3213 1959 3245 de
1966 3212 2082 3254 Baptifi

1252 3256 1298 3287 Ac
1308 3257 1435 3286 demum
1444 3273 1454 3288 ‚
1477 3254 1546 3286 aliis
1555 3255 1672 3288 omims
1682 3276 1691 3291 ,
1711 3259 1816 3299 regula
1823 3261 1859 3290 de
1869 3259 1978 3288 tutiori
1999 3265 2084 3297 parte
2094 3258 2126 3287 in
2135 3258 2192 3288 du-

1210 3298 1263 3330 bio
1270 3299 1411 3339 eligenda
1421 3296 1510 3328 habet
1531 3296 1770 3332 fundamentum
1780 3303 1813 3332 in
1832 3301 1895 3340 jure
1905 3301 2038 3331 naturali
2058 3301 2170 3331 divino
2178 3320 2189 3335 ‚

1207 3352 1272 3382 quo
1293 3340 1494 3380 prohibentur
1507 3350 1617 3373 omnes
1637 3352 1789 3383 exponere
1806 3342 1833 3373 se
1855 3343 1992 3382 periculo
2007 3344 2120 3375 divinae
2140 3342 2189 3374 of-

1208 3383 1297 3414 fensae
1307 3403 1316 3416 ,
1325 3381 1376 3413 seu
1384 3383 1511 3423 propriae
1522 3384 1624 3416 salutis
1632 3405 1642 3420 ,
1652 3384 1819 3416 secundum
1829 3386 1904 3417 illud
1912 3385 2054 3427 Ecclefig.
2065 3395 2112 3423 27.
2123 3386 2188 3430 qu

1207 3434 1291 3458 amat
1297 3426 1460 3465 periculum
1471 3446 1481 3461 >
1490 3429 1523 3459 in
1531 3428 1587 3459 illo
1593 3425 1714 3467 peribit.
1724 3426 1819 3458 Unde
1831 3429 1858 3459 S·
1871 3428 2012 3461 Thomas
2022 3427 2147 3467 quodlib.
2159 3435 2186 3460 ω’.

1867 3471 1896 3502 ἶ)
1944 3484 1957 3502 2

2087 3481 2144 3501 ast.

2215 3262 2272 3290 206

2213 3437 2271 3466 207
