<?xml version="1.0" encoding="UTF-8"?>
<!DOCTYPE html PUBLIC "-//W3C//DTD XHTML 1.0 Transitional//EN"
    "http://www.w3.org/TR/xhtml1/DTD/xhtml1-transitional.dtd">
<html xmlns="http://www.w3.org/1999/xhtml" xml:lang="en" lang="en">
 <head>
  <title>
</title>
<meta http-equiv="Content-Type" content="text/html;charset=utf-8" />
  <meta name='ocr-system' content='tesseract 3.04.00' />
  <meta name='ocr-capabilities' content='ocr_page ocr_carea ocr_par ocr_line ocrx_word'/>
</head>
<body>
  <div class='ocr_page' id='page_1' title='image "./commentariainpri01fagn_0457.png"; bbox 0 0 2397 3664; ppageno 0'>
   <div class='ocr_carea' id='block_1_1' title="bbox 723 7 1700 88">
    <p class='ocr_par' dir='ltr' id='par_1_1' title="bbox 723 7 1700 88">
     <span class='ocr_line' id='line_1_1' title="bbox 723 7 1700 88; baseline -0.009 -11"><span class='ocrx_word' id='word_1_1' title='bbox 723 21 809 77; x_wconf 88' lang='lat' dir='ltr'>De</span> <span class='ocrx_word' id='word_1_2' title='bbox 822 32 953 76; x_wconf 86' lang='lat' dir='ltr'>aetat.</span> <span class='ocrx_word' id='word_1_3' title='bbox 967 11 1210 88; x_wconf 85' lang='lat' dir='ltr'>&amp;qualit.</span> <span class='ocrx_word' id='word_1_4' title='bbox 1231 12 1428 72; x_wconf 49' lang='lat' dir='ltr'>&amp;Cum</span> <span class='ocrx_word' id='word_1_5' title='bbox 1442 15 1499 70; x_wconf 85' lang='lat' dir='ltr'>fit</span> <span class='ocrx_word' id='word_1_6' title='bbox 1528 7 1608 70; x_wconf 81' lang='lat' dir='ltr'>ars</span> <span class='ocrx_word' id='word_1_7' title='bbox 1617 46 1634 73; x_wconf 66' lang='grc' dir='ltr'>ο,</span> <span class='ocrx_word' id='word_1_8' title='bbox 1682 43 1700 61; x_wconf 83' lang='grc'>.·</span> 
     </span>
    </p>
   </div>
   <div class='ocr_carea' id='block_1_2' title="bbox 153 100 1155 275">
    <p class='ocr_par' dir='ltr' id='par_1_2' title="bbox 153 100 1155 275">
     <span class='ocr_line' id='line_1_2' title="bbox 157 100 1152 149; baseline -0.01 -10"><span class='ocrx_word' id='word_1_9' title='bbox 157 108 327 147; x_wconf 83' lang='lat' dir='ltr'>regendam</span> <span class='ocrx_word' id='word_1_10' title='bbox 346 106 518 140; x_wconf 81' lang='lat' dir='ltr'>Ecclesiam</span> <span class='ocrx_word' id='word_1_11' title='bbox 536 106 572 138; x_wconf 86' lang='lat' dir='ltr'>sit</span> <span class='ocrx_word' id='word_1_12' title='bbox 582 103 692 147; x_wconf 75' lang='lat' dir='ltr'>‘magis</span> <span class='ocrx_word' id='word_1_13' title='bbox 715 106 850 139; x_wconf 82' lang='lat' dir='ltr'>idoneus</span> <span class='ocrx_word' id='word_1_14' title='bbox 861 127 870 140; x_wconf 93' lang='lat'><strong>‚</strong></span> <span class='ocrx_word' id='word_1_15' title='bbox 892 106 940 135; x_wconf 88' lang='lat' dir='ltr'>vel</span> <span class='ocrx_word' id='word_1_16' title='bbox 956 111 1033 149; x_wconf 80' lang='lat' dir='ltr'>quid</span> <span class='ocrx_word' id='word_1_17' title='bbox 1055 100 1152 146; x_wconf 83' lang='lat' dir='ltr'>iiiiiile</span> 
     </span>
     <span class='ocr_line' id='line_1_3' title="bbox 153 143 1155 189; baseline -0.008 -9"><span class='ocrx_word' id='word_1_18' title='bbox 153 150 328 189; x_wconf 77' lang='lat' dir='ltr'>contingat</span> <span class='ocrx_word' id='word_1_19' title='bbox 339 173 346 181; x_wconf 93' lang='lat'><em>.</em></span> <span class='ocrx_word' id='word_1_20' title='bbox 369 149 468 182; x_wconf 86' lang='lat' dir='ltr'>Unde</span> <span class='ocrx_word' id='word_1_21' title='bbox 479 149 680 182; x_wconf 86' lang='lat' dir='ltr'>verisimilius</span> <span class='ocrx_word' id='word_1_22' title='bbox 689 150 730 182; x_wconf 88' lang='lat' dir='ltr'>est</span> <span class='ocrx_word' id='word_1_23' title='bbox 740 171 751 186; x_wconf 82' lang='lat'>,</span> <span class='ocrx_word' id='word_1_24' title='bbox 771 159 806 181; x_wconf 87' lang='lat' dir='ltr'>ut</span> <span class='ocrx_word' id='word_1_25' title='bbox 816 147 1007 180; x_wconf 85' lang='lat' dir='ltr'>Concilium</span> <span class='ocrx_word' id='word_1_26' title='bbox 1019 143 1155 175; x_wconf 86' lang='lat' dir='ltr'>voluerit</span> 
     </span>
     <span class='ocr_line' id='line_1_4' title="bbox 159 192 1153 235; baseline -0.005 -12"><span class='ocrx_word' id='word_1_27' title='bbox 159 193 220 224; x_wconf 78' lang='lat' dir='ltr'>effe</span> <span class='ocrx_word' id='word_1_28' title='bbox 230 192 264 223; x_wconf 86' lang='lat' dir='ltr'>in</span> <span class='ocrx_word' id='word_1_29' title='bbox 275 193 409 224; x_wconf 85' lang='lat' dir='ltr'>arbitrio</span> <span class='ocrx_word' id='word_1_30' title='bbox 419 193 560 235; x_wconf 84' lang='lat' dir='ltr'>Episcopi</span> <span class='ocrx_word' id='word_1_31' title='bbox 571 194 727 234; x_wconf 58' lang='lat' dir='ltr'>praefigere</span> <span class='ocrx_word' id='word_1_32' title='bbox 734 193 1004 233; x_wconf 84' lang='lat' dir='ltr'>quandocumque</span> <span class='ocrx_word' id='word_1_33' title='bbox 1026 195 1153 226; x_wconf 82' lang='lat' dir='ltr'>tempus</span> 
     </span>
     <span class='ocr_line' id='line_1_5' title="bbox 158 233 1153 275; baseline -0.008 -8"><span class='ocrx_word' id='word_1_34' title='bbox 158 238 270 268; x_wconf 84' lang='lat' dir='ltr'>decem</span> <span class='ocrx_word' id='word_1_35' title='bbox 279 236 401 268; x_wconf 84' lang='lat' dir='ltr'>dierum</span> <span class='ocrx_word' id='word_1_36' title='bbox 411 246 602 269; x_wconf 84' lang='lat' dir='ltr'>concurrere</span> <span class='ocrx_word' id='word_1_37' title='bbox 613 235 807 271; x_wconf 85' lang='lat' dir='ltr'>volentibus,·</span> <span class='ocrx_word' id='word_1_38' title='bbox 819 233 889 275; x_wconf 83' lang='lat' dir='ltr'>ipsis</span> <span class='ocrx_word' id='word_1_39' title='bbox 901 242 1006 265; x_wconf 84' lang='lat' dir='ltr'>autem</span> <span class='ocrx_word' id='word_1_40' title='bbox 1017 237 1153 262; x_wconf 86' lang='lat' dir='ltr'>concur-</span> 
     </span>
    </p>
   </div>
   <div class='ocr_carea' id='block_1_3' title="bbox 161 271 1211 319">
    <p class='ocr_par' dir='ltr' id='par_1_3' title="bbox 161 271 1211 319">
     <span class='ocr_line' id='line_1_6' title="bbox 161 271 1211 319; baseline -0.007 -10"><span class='ocrx_word' id='word_1_41' title='bbox 161 278 303 310; x_wconf 77' lang='lat' dir='ltr'>rentibus</span> <span class='ocrx_word' id='word_1_42' title='bbox 315 279 388 312; x_wconf 79' lang='lat' dir='ltr'>ideo</span> <span class='ocrx_word' id='word_1_43' title='bbox 397 281 480 311; x_wconf 88' lang='lat' dir='ltr'>hunc</span> <span class='ocrx_word' id='word_1_44' title='bbox 493 279 666 312; x_wconf 86' lang='lat' dir='ltr'>terminum</span> <span class='ocrx_word' id='word_1_45' title='bbox 686 278 844 319; x_wconf 75' lang='lat' dir='ltr'>praefixiffe</span> <span class='ocrx_word' id='word_1_46' title='bbox 857 299 867 313; x_wconf 87' lang='lat'>‚</span> <span class='ocrx_word' id='word_1_47' title='bbox 887 285 945 308; x_wconf 88' lang='lat' dir='ltr'>nec</span> <span class='ocrx_word' id='word_1_48' title='bbox 957 283 1089 308; x_wconf 83' lang='lat' dir='ltr'>examen</span> <span class='ocrx_word' id='word_1_49' title='bbox 1107 271 1156 302; x_wconf 90' lang='lat' dir='ltr'>in·</span> <span class='ocrx_word' id='word_1_50' title='bbox 1193 281 1211 311; x_wconf 92' lang='lat' dir='ltr'>p</span> 
     </span>
    </p>
   </div>
   <div class='ocr_carea' id='block_1_4' title="bbox 15 314 1171 3512">
    <p class='ocr_par' dir='ltr' id='par_1_4' title="bbox 160 314 1157 407">
     <span class='ocr_line' id='line_1_7' title="bbox 160 314 1157 364; baseline -0.006 -12"><span class='ocrx_word' id='word_1_51' title='bbox 160 322 232 353; x_wconf 89' lang='lat' dir='ltr'>vito</span> <span class='ocrx_word' id='word_1_52' title='bbox 244 321 396 364; x_wconf 79' lang='lat' dir='ltr'>Episcopo</span> <span class='ocrx_word' id='word_1_53' title='bbox 404 321 526 355; x_wconf 78' lang='lat' dir='ltr'>diutius</span> <span class='ocrx_word' id='word_1_54' title='bbox 536 322 770 364; x_wconf 83' lang='lat' dir='ltr'>protraheretur</span> <span class='ocrx_word' id='word_1_55' title='bbox 780 343 790 357; x_wconf 93' lang='lat'><strong>‚</strong></span> <span class='ocrx_word' id='word_1_56' title='bbox 811 319 833 351; x_wconf 86' lang='lat' dir='ltr'>si</span> <span class='ocrx_word' id='word_1_57' title='bbox 845 320 978 351; x_wconf 88' lang='lat' dir='ltr'>liberum</span> <span class='ocrx_word' id='word_1_58' title='bbox 997 317 1069 351; x_wconf 77' lang='lat' dir='ltr'>esset</span> <span class='ocrx_word' id='word_1_59' title='bbox 1088 314 1157 346; x_wconf 82' lang='lat' dir='ltr'>uni-</span> 
     </span>
     <span class='ocr_line' id='line_1_8' title="bbox 163 363 1123 407; baseline -0.004 -10"><span class='ocrx_word' id='word_1_60' title='bbox 163 364 280 406; x_wconf 82' lang='lat' dir='ltr'>cuique</span> <span class='ocrx_word' id='word_1_61' title='bbox 291 365 320 397; x_wconf 87' lang='lat' dir='ltr'>se</span> <span class='ocrx_word' id='word_1_62' title='bbox 329 367 594 407; x_wconf 76' lang='lat' dir='ltr'>quandocumque</span> <span class='ocrx_word' id='word_1_63' title='bbox 606 364 746 397; x_wconf 74' lang='lat' dir='ltr'>examini</span> <span class='ocrx_word' id='word_1_64' title='bbox 756 363 917 396; x_wconf 74' lang='lat' dir='ltr'>subicere.</span> <span class='ocrx_word' id='word_1_65' title='bbox 1079 401 1085 406; x_wconf 43' lang='grc'><em>.</em></span> <span class='ocrx_word' id='word_1_66' title='bbox 1116 400 1123 406; x_wconf 33' lang='grc'>1</span> 
     </span>
    </p>

    <p class='ocr_par' dir='ltr' id='par_1_5' title="bbox 101 403 1160 1437">
     <span class='ocr_line' id='line_1_9' title="bbox 205 403 1158 449; baseline -0.006 -11"><span class='ocrx_word' id='word_1_67' title='bbox 205 407 275 449; x_wconf 83' lang='lat' dir='ltr'>Qii</span> <span class='ocrx_word' id='word_1_68' title='bbox 284 408 355 441; x_wconf 79' lang='lat' dir='ltr'>sane</span> <span class='ocrx_word' id='word_1_69' title='bbox 368 407 545 440; x_wconf 63' lang='lat' dir='ltr'>intellectus</span> <span class='ocrx_word' id='word_1_70' title='bbox 564 407 663 448; x_wconf 85' lang='lat' dir='ltr'>magis</span> <span class='ocrx_word' id='word_1_71' title='bbox 682 407 782 439; x_wconf 85' lang='lat' dir='ltr'>etiam</span> <span class='ocrx_word' id='word_1_72' title='bbox 812 407 943 438; x_wconf 84' lang='lat' dir='ltr'>uadetur</span> <span class='ocrx_word' id='word_1_73' title='bbox 953 414 989 436; x_wconf 88' lang='lat' dir='ltr'>ex</span> <span class='ocrx_word' id='word_1_74' title='bbox 1002 403 1103 435; x_wconf 87' lang='lat' dir='ltr'>verbis</span> <span class='ocrx_word' id='word_1_75' title='bbox 1115 411 1158 441; x_wconf 91' lang='lat' dir='ltr'>ip-</span> 
     </span>
     <span class='ocr_line' id='line_1_10' title="bbox 168 448 1159 491; baseline -0.005 -8"><span class='ocrx_word' id='word_1_76' title='bbox 168 451 228 483; x_wconf 84' lang='lat' dir='ltr'>fius</span> <span class='ocrx_word' id='word_1_77' title='bbox 237 463 262 483; x_wconf 90' lang='lat' dir='ltr'>c.</span> <span class='ocrx_word' id='word_1_78' title='bbox 276 455 322 483; x_wconf 81' lang='lat'>18.</span> <span class='ocrx_word' id='word_1_79' title='bbox 334 462 406 483; x_wconf 86' lang='lat' dir='ltr'>riam</span> <span class='ocrx_word' id='word_1_80' title='bbox 418 451 510 491; x_wconf 78' lang='lat' dir='ltr'>paulo</span> <span class='ocrx_word' id='word_1_81' title='bbox 521 460 594 482; x_wconf 84' lang='lat' dir='ltr'>ante</span> <span class='ocrx_word' id='word_1_82' title='bbox 605 453 681 482; x_wconf 88' lang='lat' dir='ltr'>dum</span> <span class='ocrx_word' id='word_1_83' title='bbox 690 449 879 482; x_wconf 71' lang='lat' dir='ltr'>Concilium</span> <span class='ocrx_word' id='word_1_84' title='bbox 890 448 955 489; x_wconf 71' lang='lat' dir='ltr'>agit</span> <span class='ocrx_word' id='word_1_85' title='bbox 967 449 1005 479; x_wconf 89' lang='lat' dir='ltr'>de</span> <span class='ocrx_word' id='word_1_86' title='bbox 1016 454 1159 485; x_wconf 78' lang='lat' dir='ltr'>congrua</span> 
     </span>
     <span class='ocr_line' id='line_1_11' title="bbox 153 488 1147 534; baseline -0.008 -8"><span class='ocrx_word' id='word_1_87' title='bbox 153 494 286 526; x_wconf 86' lang='lat' dir='ltr'>Vicario</span> <span class='ocrx_word' id='word_1_88' title='bbox 303 494 498 534; x_wconf 66' lang='lat' dir='ltr'>affignania,</span> <span class='ocrx_word' id='word_1_89' title='bbox 509 493 612 525; x_wconf 85' lang='lat' dir='ltr'>utitur</span> <span class='ocrx_word' id='word_1_90' title='bbox 624 494 686 525; x_wconf 87' lang='lat' dir='ltr'>illis</span> <span class='ocrx_word' id='word_1_91' title='bbox 701 493 803 525; x_wconf 84' lang='lat' dir='ltr'>verbis</span> <span class='ocrx_word' id='word_1_92' title='bbox 814 515 824 528; x_wconf 87' lang='lat'>,</span> <span class='ocrx_word' id='word_1_93' title='bbox 847 490 966 524; x_wconf 70' lang='lat' dir='ltr'>Debeat</span> <span class='ocrx_word' id='word_1_94' title='bbox 981 488 1147 530; x_wconf 69' lang='lat' dir='ltr'>Episcopus</span> 
     </span>
     <span class='ocr_line' id='line_1_12' title="bbox 162 531 1160 579; baseline -0.007 -10"><span class='ocrx_word' id='word_1_95' title='bbox 162 536 274 579; x_wconf 75' lang='lat' dir='ltr'>statim</span> <span class='ocrx_word' id='word_1_96' title='bbox 284 535 390 570; x_wconf 68' lang='lat' dir='ltr'>habita</span> <span class='ocrx_word' id='word_1_97' title='bbox 399 538 512 568; x_wconf 77' lang='lat' dir='ltr'>notitia</span> <span class='ocrx_word' id='word_1_98' title='bbox 523 538 696 569; x_wconf 69' lang='lat' dir='ltr'>vacationis</span> <span class='ocrx_word' id='word_1_99' title='bbox 706 536 844 577; x_wconf 71' lang='lat' dir='ltr'>Ecclefiae</span> <span class='ocrx_word' id='word_1_100' title='bbox 860 534 999 567; x_wconf 64' lang='lat' dir='ltr'>idoneum</span> <span class='ocrx_word' id='word_1_101' title='bbox 1016 535 1050 564; x_wconf 85' lang='lat' dir='ltr'>in</span> <span class='ocrx_word' id='word_1_102' title='bbox 1060 542 1095 579; x_wconf 65' lang='lat' dir='ltr'>eq</span> <span class='ocrx_word' id='word_1_103' title='bbox 1107 531 1160 563; x_wconf 64' lang='lat' dir='ltr'>Vi-</span> 
     </span>
     <span class='ocr_line' id='line_1_13' title="bbox 167 573 1158 622; baseline -0.008 -10"><span class='ocrx_word' id='word_1_104' title='bbox 167 584 283 612; x_wconf 79' lang='lat' dir='ltr'>carium</span> <span class='ocrx_word' id='word_1_105' title='bbox 293 578 524 620; x_wconf 52' lang='lat' dir='ltr'>constituerent</span> <span class='ocrx_word' id='word_1_106' title='bbox 536 577 610 612; x_wconf 85' lang='lat' dir='ltr'>vero</span> <span class='ocrx_word' id='word_1_107' title='bbox 628 579 702 612; x_wconf 81' lang='lat' dir='ltr'>cum</span> <span class='ocrx_word' id='word_1_108' title='bbox 721 578 822 620; x_wconf 81' lang='lat' dir='ltr'>postea</span> <span class='ocrx_word' id='word_1_109' title='bbox 840 573 1024 610; x_wconf 76' lang='lat' dir='ltr'>immediate</span> <span class='ocrx_word' id='word_1_110' title='bbox 1035 583 1101 615; x_wconf 84' lang='lat' dir='ltr'>agit</span> <span class='ocrx_word' id='word_1_111' title='bbox 1111 575 1158 622; x_wconf 39' lang='lat' dir='ltr'>&#39;de</span> 
     </span>
     <span class='ocr_line' id='line_1_14' title="bbox 166 617 1158 664; baseline -0.008 -9"><span class='ocrx_word' id='word_1_112' title='bbox 166 623 306 655; x_wconf 87' lang='lat' dir='ltr'>termino</span> <span class='ocrx_word' id='word_1_113' title='bbox 326 621 483 654; x_wconf 72' lang='lat' dir='ltr'>diistorurn</span> <span class='ocrx_word' id='word_1_114' title='bbox 495 624 602 655; x_wconf 91' lang='lat' dir='ltr'>decem</span> <span class='ocrx_word' id='word_1_115' title='bbox 612 623 737 655; x_wconf 86' lang='lat' dir='ltr'>dierum</span> <span class='ocrx_word' id='word_1_116' title='bbox 747 645 757 658; x_wconf 86' lang='lat'>‚</span> <span class='ocrx_word' id='word_1_117' title='bbox 779 632 845 653; x_wconf 93' lang='lat' dir='ltr'>non</span> <span class='ocrx_word' id='word_1_118' title='bbox 856 621 1002 661; x_wconf 84' lang='lat' dir='ltr'>exprimit</span> <span class='ocrx_word' id='word_1_119' title='bbox 1025 617 1158 664; x_wconf 82' lang='lat' dir='ltr'>amplius</span> 
     </span>
     <span class='ocr_line' id='line_1_15' title="bbox 161 661 1159 707; baseline -0.007 -10"><span class='ocrx_word' id='word_1_120' title='bbox 161 667 255 698; x_wconf 82' lang='lat' dir='ltr'>verba</span> <span class='ocrx_word' id='word_1_121' title='bbox 266 665 319 697; x_wconf 86' lang='lat' dir='ltr'>illa</span> <span class='ocrx_word' id='word_1_122' title='bbox 328 688 338 702; x_wconf 93' lang='lat'>‚</span> <span class='ocrx_word' id='word_1_123' title='bbox 359 665 482 699; x_wconf 70' lang='lat' dir='ltr'>Habita</span> <span class='ocrx_word' id='word_1_124' title='bbox 491 668 604 697; x_wconf 77' lang='lat' dir='ltr'>notitia</span> <span class='ocrx_word' id='word_1_125' title='bbox 615 667 790 698; x_wconf 71' lang='lat' dir='ltr'>vacationis</span> <span class='ocrx_word' id='word_1_126' title='bbox 802 666 830 696; x_wconf 83' lang='lat' dir='ltr'>E</span> <span class='ocrx_word' id='word_1_127' title='bbox 833 665 939 707; x_wconf 77' lang='lat' dir='ltr'>cclefiae</span> <span class='ocrx_word' id='word_1_128' title='bbox 949 685 960 700; x_wconf 88' lang='lat'>,</span> <span class='ocrx_word' id='word_1_129' title='bbox 979 661 1046 695; x_wconf 79' lang='lat' dir='ltr'>imo</span> <span class='ocrx_word' id='word_1_130' title='bbox 1059 669 1159 692; x_wconf 90' lang='lat' dir='ltr'>utitur</span> 
     </span>
     <span class='ocr_line' id='line_1_16' title="bbox 101 706 1159 751; baseline -0.007 -10"><span class='ocrx_word' id='word_1_131' title='bbox 101 720 145 751; x_wconf 77' lang='lat'>44</span> <span class='ocrx_word' id='word_1_132' title='bbox 162 708 321 744; x_wconf 61' lang='lat' dir='ltr'>dictione,</span> <span class='ocrx_word' id='word_1_133' title='bbox 342 711 433 742; x_wconf 73' lang='lat' dir='ltr'>Porri&gt;</span> <span class='ocrx_word' id='word_1_134' title='bbox 444 731 454 746; x_wconf 86' lang='lat'><em>‚</em></span> <span class='ocrx_word' id='word_1_135' title='bbox 472 719 540 750; x_wconf 84' lang='lat' dir='ltr'>quae</span> <span class='ocrx_word' id='word_1_136' title='bbox 553 708 658 749; x_wconf 82' lang='lat' dir='ltr'>potius</span> <span class='ocrx_word' id='word_1_137' title='bbox 669 708 710 741; x_wconf 87' lang='lat' dir='ltr'>est</span> <span class='ocrx_word' id='word_1_138' title='bbox 721 707 964 740; x_wconf 85' lang='lat' dir='ltr'>diversificativa</span> <span class='ocrx_word' id='word_1_139' title='bbox 984 706 1159 746; x_wconf 75' lang='lat' dir='ltr'>praeceden-</span> 
     </span>
     <span class='ocr_line' id='line_1_17' title="bbox 159 746 1157 797; baseline -0.006 -14"><span class='ocrx_word' id='word_1_140' title='bbox 159 751 254 788; x_wconf 87' lang='lat' dir='ltr'>tium,</span> <span class='ocrx_word' id='word_1_141' title='bbox 263 763 287 784; x_wconf 82' lang='lat' dir='ltr'>c.</span> <span class='ocrx_word' id='word_1_142' title='bbox 294 753 633 797; x_wconf 59' lang='lat' dir='ltr'>Quoniam,§.P0rre,ut</span> <span class='ocrx_word' id='word_1_143' title='bbox 642 753 750 784; x_wconf 54' lang='lat' dir='ltr'>hanon</span> <span class='ocrx_word' id='word_1_144' title='bbox 760 746 1157 793; x_wconf 61' lang='lat' dir='ltr'>contest.c.fin.§.lindesia-</span> 
     </span>
     <span class='ocr_line' id='line_1_18' title="bbox 156 790 1156 838; baseline -0.003 -12"><span class='ocrx_word' id='word_1_145' title='bbox 156 804 190 827; x_wconf 83' lang='lat' dir='ltr'>tu</span> <span class='ocrx_word' id='word_1_146' title='bbox 200 794 372 834; x_wconf 71' lang='lat' dir='ltr'>reg.la&#39;b.6.l.</span> <span class='ocrx_word' id='word_1_147' title='bbox 389 793 625 838; x_wconf 75' lang='lat' dir='ltr'>1.§.1ff.Sic1uis</span> <span class='ocrx_word' id='word_1_148' title='bbox 637 796 657 827; x_wconf 73' lang='lat' dir='ltr'>a·</span> <span class='ocrx_word' id='word_1_149' title='bbox 666 793 857 835; x_wconf 69' lang='lat' dir='ltr'>Paremfieer.</span> <span class='ocrx_word' id='word_1_150' title='bbox 868 790 1041 834; x_wconf 83' lang='lat' dir='ltr'>manumiss.</span> <span class='ocrx_word' id='word_1_151' title='bbox 1059 790 1156 831; x_wconf 78' lang='lat' dir='ltr'>Qod</span> 
     </span>
     <span class='ocr_line' id='line_1_19' title="bbox 153 837 1158 879; baseline -0.004 -10"><span class='ocrx_word' id='word_1_152' title='bbox 153 839 197 869; x_wconf 77' lang='lat' dir='ltr'>est</span> <span class='ocrx_word' id='word_1_153' title='bbox 208 838 328 879; x_wconf 78' lang='lat' dir='ltr'>[ignum</span> <span class='ocrx_word' id='word_1_154' title='bbox 343 839 375 870; x_wconf 87' lang='lat' dir='ltr'>in</span> <span class='ocrx_word' id='word_1_155' title='bbox 394 838 532 873; x_wconf 87' lang='lat' dir='ltr'>secundo</span> <span class='ocrx_word' id='word_1_156' title='bbox 544 839 616 871; x_wconf 89' lang='lat' dir='ltr'>casu</span> <span class='ocrx_word' id='word_1_157' title='bbox 635 839 809 872; x_wconf 86' lang='lat' dir='ltr'>terminum</span> <span class='ocrx_word' id='word_1_158' title='bbox 834 840 944 870; x_wconf 88' lang='lat' dir='ltr'>decem</span> <span class='ocrx_word' id='word_1_159' title='bbox 954 837 1079 869; x_wconf 89' lang='lat' dir='ltr'>dierum</span> <span class='ocrx_word' id='word_1_160' title='bbox 1093 844 1158 865; x_wconf 91' lang='lat' dir='ltr'>non</span> 
     </span>
     <span class='ocr_line' id='line_1_20' title="bbox 152 878 1160 919; baseline -0.005 -7"><span class='ocrx_word' id='word_1_161' title='bbox 152 892 280 913; x_wconf 86' lang='lat' dir='ltr'>currere</span> <span class='ocrx_word' id='word_1_162' title='bbox 295 881 313 912; x_wconf 75' lang='lat' dir='ltr'>a</span> <span class='ocrx_word' id='word_1_163' title='bbox 327 882 379 914; x_wconf 85' lang='lat' dir='ltr'>die</span> <span class='ocrx_word' id='word_1_164' title='bbox 390 882 530 914; x_wconf 79' lang='lat' dir='ltr'>scientiae</span> <span class='ocrx_word' id='word_1_165' title='bbox 551 883 729 915; x_wconf 81' lang='lat' dir='ltr'>vacationis</span> <span class='ocrx_word' id='word_1_166' title='bbox 750 881 894 913; x_wconf 75' lang='lat' dir='ltr'>Ecclesiae</span> <span class='ocrx_word' id='word_1_167' title='bbox 906 904 917 917; x_wconf 88' lang='lat'>,</span> <span class='ocrx_word' id='word_1_168' title='bbox 936 881 985 913; x_wconf 85' lang='lat' dir='ltr'>sed</span> <span class='ocrx_word' id='word_1_169' title='bbox 1001 878 1160 919; x_wconf 75' lang='lat' dir='ltr'>assignan-</span> 
     </span>
     <span class='ocr_line' id='line_1_21' title="bbox 159 918 1160 967; baseline -0.006 -11"><span class='ocrx_word' id='word_1_170' title='bbox 159 927 240 956; x_wconf 88' lang='lat' dir='ltr'>dum</span> <span class='ocrx_word' id='word_1_171' title='bbox 252 925 384 957; x_wconf 81' lang='lat' dir='ltr'>arbitrio</span> <span class='ocrx_word' id='word_1_172' title='bbox 394 925 558 967; x_wconf 88' lang='lat' dir='ltr'>Episcopi,</span> <span class='ocrx_word' id='word_1_173' title='bbox 577 935 643 966; x_wconf 80' lang='lat' dir='ltr'>arg.</span> <span class='ocrx_word' id='word_1_174' title='bbox 660 927 682 957; x_wconf 85' lang='lat' dir='ltr'>l.</span> <span class='ocrx_word' id='word_1_175' title='bbox 693 928 781 957; x_wconf 81' lang='lat' dir='ltr'>unica</span> <span class='ocrx_word' id='word_1_176' title='bbox 793 947 802 961; x_wconf 93' lang='lat'>,</span> <span class='ocrx_word' id='word_1_177' title='bbox 823 927 850 962; x_wconf 78' lang='lat'>§.</span> <span class='ocrx_word' id='word_1_178' title='bbox 860 927 1027 957; x_wconf 73' lang='lat' dir='ltr'>Sinautem</span> <span class='ocrx_word' id='word_1_179' title='bbox 1035 920 1078 952; x_wconf 69' lang='lat' dir='ltr'>ad</span> <span class='ocrx_word' id='word_1_180' title='bbox 1087 918 1160 961; x_wconf 80' lang='lat' dir='ltr'>defi-</span> 
     </span>
     <span class='ocr_line' id='line_1_22' title="bbox 160 965 1159 1009; baseline -0.005 -9"><span class='ocrx_word' id='word_1_181' title='bbox 160 970 269 1000; x_wconf 78' lang='lat' dir='ltr'>cientis</span> <span class='ocrx_word' id='word_1_182' title='bbox 279 991 289 1005; x_wconf 86' lang='lat'>‚</span> <span class='ocrx_word' id='word_1_183' title='bbox 309 968 389 1009; x_wconf 75' lang='lat' dir='ltr'>vers.</span> <span class='ocrx_word' id='word_1_184' title='bbox 402 968 465 1001; x_wconf 84' lang='lat' dir='ltr'>Sed</span> <span class='ocrx_word' id='word_1_185' title='bbox 477 970 514 1000; x_wconf 65' lang='grc' dir='ltr'>ἕλ’</span> <span class='ocrx_word' id='word_1_186' title='bbox 525 971 694 1000; x_wconf 72' lang='lat' dir='ltr'>varietatis</span> <span class='ocrx_word' id='word_1_187' title='bbox 704 967 874 1005; x_wconf 45' lang='lat' dir='ltr'>ratramni.</span> <span class='ocrx_word' id='word_1_188' title='bbox 892 966 928 998; x_wconf 77' lang='lat' dir='ltr'>de</span> <span class='ocrx_word' id='word_1_189' title='bbox 937 966 1039 998; x_wconf 78' lang='lat' dir='ltr'>caduc.</span> <span class='ocrx_word' id='word_1_190' title='bbox 1057 965 1159 995; x_wconf 80' lang='lat' dir='ltr'>tollen.</span> 
     </span>
     <span class='ocr_line' id='line_1_23' title="bbox 168 1006 1159 1052; baseline -0.007 -8"><span class='ocrx_word' id='word_1_191' title='bbox 168 1011 294 1044; x_wconf 72' lang='lat' dir='ltr'>Deinde</span> <span class='ocrx_word' id='word_1_192' title='bbox 307 1012 369 1045; x_wconf 74' lang='lat' dir='ltr'>haec</span> <span class='ocrx_word' id='word_1_193' title='bbox 382 1012 513 1044; x_wconf 85' lang='lat' dir='ltr'>termini</span> <span class='ocrx_word' id='word_1_194' title='bbox 524 1011 661 1052; x_wconf 81' lang='lat' dir='ltr'>praefixio</span> <span class='ocrx_word' id='word_1_195' title='bbox 682 1022 747 1043; x_wconf 89' lang='lat' dir='ltr'>non</span> <span class='ocrx_word' id='word_1_196' title='bbox 769 1012 892 1043; x_wconf 90' lang='lat' dir='ltr'>videtur</span> <span class='ocrx_word' id='word_1_197' title='bbox 904 1009 1033 1042; x_wconf 53' lang='lat' dir='ltr'>inducta</span> <span class='ocrx_word' id='word_1_198' title='bbox 1043 1007 1059 1038; x_wconf 80' lang='lat' dir='ltr'>a</span> <span class='ocrx_word' id='word_1_199' title='bbox 1069 1006 1159 1039; x_wconf 81' lang='lat' dir='ltr'>Con·</span> 
     </span>
     <span class='ocr_line' id='line_1_24' title="bbox 165 1053 1158 1092; baseline -0.005 -6"><span class='ocrx_word' id='word_1_200' title='bbox 165 1055 245 1087; x_wconf 90' lang='lat' dir='ltr'>cilio</span> <span class='ocrx_word' id='word_1_201' title='bbox 257 1077 266 1092; x_wconf 91' lang='lat'>,</span> <span class='ocrx_word' id='word_1_202' title='bbox 284 1055 340 1086; x_wconf 85' lang='lat' dir='ltr'>nisi</span> <span class='ocrx_word' id='word_1_203' title='bbox 353 1057 389 1086; x_wconf 85' lang='lat' dir='ltr'>ad</span> <span class='ocrx_word' id='word_1_204' title='bbox 411 1054 556 1089; x_wconf 54' lang='lat' dir='ltr'>effectum</span> <span class='ocrx_word' id='word_1_205' title='bbox 568 1055 760 1087; x_wconf 77' lang='lat' dir='ltr'>nominandi</span> <span class='ocrx_word' id='word_1_206' title='bbox 778 1053 922 1087; x_wconf 86' lang='lat' dir='ltr'>Clericos</span> <span class='ocrx_word' id='word_1_207' title='bbox 936 1055 972 1083; x_wconf 88' lang='lat' dir='ltr'>ad</span> <span class='ocrx_word' id='word_1_208' title='bbox 986 1053 1158 1092; x_wconf 83' lang='lat' dir='ltr'>regendam</span> 
     </span>
     <span class='ocr_line' id='line_1_25' title="bbox 161 1095 1160 1134; baseline -0.007 -3"><span class='ocrx_word' id='word_1_209' title='bbox 161 1097 334 1132; x_wconf 82' lang='lat' dir='ltr'>Ecclesiam</span> <span class='ocrx_word' id='word_1_210' title='bbox 346 1098 479 1129; x_wconf 86' lang='lat' dir='ltr'>idoneos</span> <span class='ocrx_word' id='word_1_211' title='bbox 488 1120 498 1134; x_wconf 84' lang='lat'>,</span> <span class='ocrx_word' id='word_1_212' title='bbox 518 1100 550 1130; x_wconf 73' lang='grc' dir='ltr'>ὅ(</span> <span class='ocrx_word' id='word_1_213' title='bbox 563 1100 600 1130; x_wconf 89' lang='lat' dir='ltr'>ad</span> <span class='ocrx_word' id='word_1_214' title='bbox 611 1097 780 1130; x_wconf 81' lang='lat' dir='ltr'>deferenda</span> <span class='ocrx_word' id='word_1_215' title='bbox 791 1098 922 1129; x_wconf 87' lang='lat' dir='ltr'>nomina</span> <span class='ocrx_word' id='word_1_216' title='bbox 933 1095 1070 1127; x_wconf 84' lang='lat' dir='ltr'>aliorum</span> <span class='ocrx_word' id='word_1_217' title='bbox 1081 1105 1160 1125; x_wconf 80' lang='lat' dir='ltr'>con-</span> 
     </span>
     <span class='ocr_line' id='line_1_26' title="bbox 164 1137 1158 1178; baseline -0.006 -3"><span class='ocrx_word' id='word_1_218' title='bbox 164 1151 289 1175; x_wconf 80' lang='lat' dir='ltr'>currere</span> <span class='ocrx_word' id='word_1_219' title='bbox 301 1141 479 1177; x_wconf 75' lang='lat' dir='ltr'>volentium</span> <span class='ocrx_word' id='word_1_220' title='bbox 490 1151 555 1172; x_wconf 92' lang='lat' dir='ltr'>non</span> <span class='ocrx_word' id='word_1_221' title='bbox 567 1152 673 1173; x_wconf 83' lang='lat' dir='ltr'>autem</span> <span class='ocrx_word' id='word_1_222' title='bbox 684 1144 722 1173; x_wconf 87' lang='lat' dir='ltr'>ad</span> <span class='ocrx_word' id='word_1_223' title='bbox 734 1141 828 1173; x_wconf 84' lang='lat' dir='ltr'>finem</span> <span class='ocrx_word' id='word_1_224' title='bbox 850 1138 1051 1171; x_wconf 83' lang='lat' dir='ltr'>accelerandi</span> <span class='ocrx_word' id='word_1_225' title='bbox 1074 1137 1158 1178; x_wconf 88' lang='lat' dir='ltr'>Epis-</span> 
     </span>
     <span class='ocr_line' id='line_1_27' title="bbox 157 1179 1148 1226; baseline -0.005 -9"><span class='ocrx_word' id='word_1_226' title='bbox 157 1194 273 1225; x_wconf 86' lang='lat' dir='ltr'>copum</span> <span class='ocrx_word' id='word_1_227' title='bbox 286 1186 322 1215; x_wconf 80' lang='lat' dir='ltr'>ad</span> <span class='ocrx_word' id='word_1_228' title='bbox 333 1182 511 1216; x_wconf 60' lang='lat' dir='ltr'>edictorum</span> <span class='ocrx_word' id='word_1_229' title='bbox 523 1184 768 1226; x_wconf 77' lang='lat' dir='ltr'>propositionem</span> <span class='ocrx_word' id='word_1_230' title='bbox 778 1206 788 1220; x_wconf 95' lang='lat'>,</span> <span class='ocrx_word' id='word_1_231' title='bbox 810 1193 844 1215; x_wconf 92' lang='lat' dir='ltr'>ut</span> <span class='ocrx_word' id='word_1_232' title='bbox 855 1182 1000 1213; x_wconf 85' lang='lat' dir='ltr'>indicant</span> <span class='ocrx_word' id='word_1_233' title='bbox 1013 1182 1108 1213; x_wconf 86' lang='lat' dir='ltr'>verba</span> <span class='ocrx_word' id='word_1_234' title='bbox 1119 1179 1148 1213; x_wconf 76' lang='lat' dir='ltr'>cl.</span> 
     </span>
     <span class='ocr_line' id='line_1_28' title="bbox 163 1224 1157 1269; baseline -0.002 -11"><span class='ocrx_word' id='word_1_235' title='bbox 163 1236 232 1268; x_wconf 78' lang='lat' dir='ltr'>cap.</span> <span class='ocrx_word' id='word_1_236' title='bbox 244 1229 291 1258; x_wconf 90' lang='lat'>18.</span> <span class='ocrx_word' id='word_1_237' title='bbox 306 1226 373 1263; x_wconf 89' lang='lat' dir='ltr'>ibi,</span> <span class='ocrx_word' id='word_1_238' title='bbox 395 1226 658 1269; x_wconf 71' lang='lat' dir='ltr'>Episcopusinfra‘</span> <span class='ocrx_word' id='word_1_239' title='bbox 667 1226 766 1259; x_wconf 85' lang='lat' dir='ltr'>decem</span> <span class='ocrx_word' id='word_1_240' title='bbox 778 1226 843 1257; x_wconf 79' lang='lat' dir='ltr'>dies</span> <span class='ocrx_word' id='word_1_241' title='bbox 854 1248 863 1262; x_wconf 89' lang='lat'>‚</span> <span class='ocrx_word' id='word_1_242' title='bbox 886 1225 948 1257; x_wconf 62' lang='lat' dir='ltr'>&amp;a</span> <span class='ocrx_word' id='word_1_243' title='bbox 957 1224 1078 1258; x_wconf 73' lang='lat' dir='ltr'>idoneos</span> <span class='ocrx_word' id='word_1_244' title='bbox 1096 1226 1157 1256; x_wconf 72' lang='lat' dir='ltr'>ali-</span> 
     </span>
     <span class='ocr_line' id='line_1_29' title="bbox 162 1268 1160 1312; baseline 0 -11"><span class='ocrx_word' id='word_1_245' title='bbox 162 1279 231 1309; x_wconf 79' lang='lat' dir='ltr'>quot</span> <span class='ocrx_word' id='word_1_246' title='bbox 240 1270 375 1302; x_wconf 80' lang='lat' dir='ltr'>Clericos</span> <span class='ocrx_word' id='word_1_247' title='bbox 383 1273 517 1302; x_wconf 82' lang='lat' dir='ltr'>nominet</span> <span class='ocrx_word' id='word_1_248' title='bbox 528 1282 536 1302; x_wconf 76' lang='lat' dir='ltr'>e</span> <span class='ocrx_word' id='word_1_249' title='bbox 548 1272 650 1304; x_wconf 88' lang='lat' dir='ltr'>rursus</span> <span class='ocrx_word' id='word_1_250' title='bbox 661 1270 705 1302; x_wconf 90' lang='lat' dir='ltr'>ibi</span> <span class='ocrx_word' id='word_1_251' title='bbox 716 1293 726 1307; x_wconf 88' lang='lat'><strong><em>‚</em></strong></span> <span class='ocrx_word' id='word_1_252' title='bbox 748 1269 889 1303; x_wconf 78' lang='lat' dir='ltr'>Liberum</span> <span class='ocrx_word' id='word_1_253' title='bbox 896 1268 942 1312; x_wconf 84' lang='lat' dir='ltr'>fit</span> <span class='ocrx_word' id='word_1_254' title='bbox 952 1279 1014 1300; x_wconf 80' lang='lat' dir='ltr'>tarr-</span> <span class='ocrx_word' id='word_1_255' title='bbox 1022 1280 1056 1299; x_wconf 84' lang='lat' dir='ltr'>en</span> <span class='ocrx_word' id='word_1_256' title='bbox 1065 1270 1140 1301; x_wconf 76' lang='lat' dir='ltr'>aliis</span> <span class='ocrx_word' id='word_1_257' title='bbox 1150 1290 1160 1305; x_wconf 83' lang='lat'>‚</span> 
     </span>
     <span class='ocr_line' id='line_1_30' title="bbox 157 1310 1158 1355; baseline -0.003 -10"><span class='ocrx_word' id='word_1_258' title='bbox 157 1316 209 1353; x_wconf 76' lang='lat' dir='ltr'>qui</span> <span class='ocrx_word' id='word_1_259' title='bbox 219 1315 335 1352; x_wconf 64' lang='lat' dir='ltr'>aliquos</span> <span class='ocrx_word' id='word_1_260' title='bbox 344 1314 387 1346; x_wconf 78' lang='lat' dir='ltr'>ad</span> <span class='ocrx_word' id='word_1_261' title='bbox 396 1312 431 1345; x_wconf 87' lang='lat' dir='ltr'>id</span> <span class='ocrx_word' id='word_1_262' title='bbox 439 1325 458 1345; x_wconf 88' lang='lat' dir='ltr'>a</span> <span class='ocrx_word' id='word_1_263' title='bbox 459 1323 527 1355; x_wconf 76' lang='lat' dir='ltr'>ptos</span> <span class='ocrx_word' id='word_1_264' title='bbox 537 1325 573 1346; x_wconf 83' lang='lat' dir='ltr'>no</span> <span class='ocrx_word' id='word_1_265' title='bbox 579 1317 678 1346; x_wconf 76' lang='lat' dir='ltr'>verint</span> <span class='ocrx_word' id='word_1_266' title='bbox 686 1336 697 1350; x_wconf 87' lang='lat'>,</span> <span class='ocrx_word' id='word_1_267' title='bbox 717 1324 814 1345; x_wconf 85' lang='lat' dir='ltr'>eorum</span> <span class='ocrx_word' id='word_1_268' title='bbox 822 1324 944 1345; x_wconf 72' lang='lat' dir='ltr'>nomina</span> <span class='ocrx_word' id='word_1_269' title='bbox 955 1310 1073 1351; x_wconf 76' lang='lat' dir='ltr'>deferre</span> <span class='ocrx_word' id='word_1_270' title='bbox 1084 1335 1093 1349; x_wconf 89' lang='lat'>‚</span> <span class='ocrx_word' id='word_1_271' title='bbox 1126 1313 1158 1343; x_wconf 90' lang='lat'>&amp;</span> 
     </span>
     <span class='ocr_line' id='line_1_31' title="bbox 159 1355 1154 1403; baseline -0.005 -13"><span class='ocrx_word' id='word_1_272' title='bbox 159 1357 229 1395; x_wconf 83' lang='lat' dir='ltr'>ibi,</span> <span class='ocrx_word' id='word_1_273' title='bbox 246 1357 421 1397; x_wconf 59' lang='lat' dir='ltr'>Transaffo</span> <span class='ocrx_word' id='word_1_274' title='bbox 429 1358 587 1403; x_wconf 58' lang='lat' dir='ltr'>eonstituto</span> <span class='ocrx_word' id='word_1_275' title='bbox 597 1367 727 1398; x_wconf 80' lang='lat' dir='ltr'>tempore</span> <span class='ocrx_word' id='word_1_276' title='bbox 739 1368 838 1390; x_wconf 80' lang='lat' dir='ltr'>omnes</span> <span class='ocrx_word' id='word_1_277' title='bbox 848 1380 857 1394; x_wconf 85' lang='lat'>‚</span> <span class='ocrx_word' id='word_1_278' title='bbox 877 1360 925 1395; x_wconf 75' lang='lat' dir='ltr'>qui</span> <span class='ocrx_word' id='word_1_279' title='bbox 936 1355 1079 1397; x_wconf 73' lang='lat' dir='ltr'>descripti</span> <span class='ocrx_word' id='word_1_280' title='bbox 1085 1355 1154 1397; x_wconf 85' lang='lat' dir='ltr'>fuc-</span> 
     </span>
     <span class='ocr_line' id='line_1_32' title="bbox 164 1410 501 1437; baseline -0.003 -5"><span class='ocrx_word' id='word_1_281' title='bbox 164 1410 251 1437; x_wconf 68' lang='lat' dir='ltr'>rlnt,</span> <span class='ocrx_word' id='word_1_282' title='bbox 261 1410 480 1432; x_wconf 65' lang='lat' dir='ltr'>examinentur</span> <span class='ocrx_word' id='word_1_283' title='bbox 493 1425 501 1434; x_wconf 75' lang='grc'>,</span> 
     </span>
    </p>

    <p class='ocr_par' dir='ltr' id='par_1_6' title="bbox 162 1443 1162 1702">
     <span class='ocr_line' id='line_1_33' title="bbox 206 1443 1162 1486; baseline -0.003 -10"><span class='ocrx_word' id='word_1_284' title='bbox 206 1443 252 1476; x_wconf 86' lang='lat' dir='ltr'>Ex</span> <span class='ocrx_word' id='word_1_285' title='bbox 261 1444 378 1485; x_wconf 87' lang='lat' dir='ltr'>quibus</span> <span class='ocrx_word' id='word_1_286' title='bbox 387 1454 471 1485; x_wconf 84' lang='lat' dir='ltr'>patet</span> <span class='ocrx_word' id='word_1_287' title='bbox 484 1444 566 1476; x_wconf 88' lang='lat' dir='ltr'>hunc</span> <span class='ocrx_word' id='word_1_288' title='bbox 589 1445 761 1477; x_wconf 85' lang='lat' dir='ltr'>terminum</span> <span class='ocrx_word' id='word_1_289' title='bbox 783 1455 838 1486; x_wconf 88' lang='lat' dir='ltr'>pro</span> <span class='ocrx_word' id='word_1_290' title='bbox 857 1443 1067 1483; x_wconf 82' lang='lat' dir='ltr'>descriptione</span> <span class='ocrx_word' id='word_1_291' title='bbox 1087 1452 1162 1474; x_wconf 86' lang='lat' dir='ltr'>con-</span> 
     </span>
     <span class='ocr_line' id='line_1_34' title="bbox 162 1485 1162 1528; baseline -0.004 -8"><span class='ocrx_word' id='word_1_292' title='bbox 162 1488 365 1520; x_wconf 88' lang='lat' dir='ltr'>currentium</span> <span class='ocrx_word' id='word_1_293' title='bbox 376 1487 501 1520; x_wconf 74' lang='lat' dir='ltr'>tantum</span> <span class='ocrx_word' id='word_1_294' title='bbox 515 1488 668 1528; x_wconf 86' lang='lat' dir='ltr'>Episcopo</span> <span class='ocrx_word' id='word_1_295' title='bbox 676 1488 831 1527; x_wconf 63' lang='lat' dir='ltr'>praefixum</span> <span class='ocrx_word' id='word_1_296' title='bbox 842 1486 1047 1528; x_wconf 74' lang='lat' dir='ltr'>fuisse-,Qiod</span> <span class='ocrx_word' id='word_1_297' title='bbox 1060 1485 1162 1517; x_wconf 87' lang='lat' dir='ltr'>mani-</span> 
     </span>
     <span class='ocr_line' id='line_1_35' title="bbox 164 1529 1161 1572; baseline -0.002 -10"><span class='ocrx_word' id='word_1_298' title='bbox 164 1529 271 1564; x_wconf 77' lang='lat' dir='ltr'>festius</span> <span class='ocrx_word' id='word_1_299' title='bbox 284 1531 451 1571; x_wconf 78' lang='lat' dir='ltr'>colligitur</span> <span class='ocrx_word' id='word_1_300' title='bbox 462 1542 498 1565; x_wconf 79' lang='lat' dir='ltr'>ex</span> <span class='ocrx_word' id='word_1_301' title='bbox 511 1531 656 1572; x_wconf 54' lang='lat' dir='ltr'>praedic&#39;ta</span> <span class='ocrx_word' id='word_1_302' title='bbox 667 1531 762 1563; x_wconf 67' lang='lat' dir='ltr'>cono.</span> <span class='ocrx_word' id='word_1_303' title='bbox 771 1532 908 1562; x_wconf 85' lang='lat' dir='ltr'>itiitione</span> <span class='ocrx_word' id='word_1_304' title='bbox 920 1530 1002 1561; x_wconf 77' lang='lat' dir='ltr'>S.l&#39;ii</span> <span class='ocrx_word' id='word_1_305' title='bbox 1015 1530 1118 1570; x_wconf 74' lang='lat' dir='ltr'>V.que</span> <span class='ocrx_word' id='word_1_306' title='bbox 1129 1529 1161 1560; x_wconf 90' lang='lat' dir='ltr'>in</span> 
     </span>
     <span class='ocr_line' id='line_1_36' title="bbox 162 1572 1162 1616; baseline -0.004 -10"><span class='ocrx_word' id='word_1_307' title='bbox 162 1574 247 1607; x_wconf 88' lang='lat' dir='ltr'>hunc</span> <span class='ocrx_word' id='word_1_308' title='bbox 260 1573 381 1608; x_wconf 86' lang='lat' dir='ltr'>sensui-n</span> <span class='ocrx_word' id='word_1_309' title='bbox 394 1576 516 1616; x_wconf 82' lang='lat' dir='ltr'>accepit</span> <span class='ocrx_word' id='word_1_310' title='bbox 527 1574 674 1606; x_wconf 87' lang='lat' dir='ltr'>Concilii</span> <span class='ocrx_word' id='word_1_311' title='bbox 687 1577 870 1610; x_wconf 74' lang='lat' dir='ltr'>decretum,</span> <span class='ocrx_word' id='word_1_312' title='bbox 882 1583 915 1604; x_wconf 92' lang='lat' dir='ltr'>ut</span> <span class='ocrx_word' id='word_1_313' title='bbox 938 1583 1022 1614; x_wconf 82' lang='lat' dir='ltr'>patet</span> <span class='ocrx_word' id='word_1_314' title='bbox 1042 1585 1078 1606; x_wconf 87' lang='lat' dir='ltr'>ex</span> <span class='ocrx_word' id='word_1_315' title='bbox 1100 1572 1162 1604; x_wconf 86' lang='lat' dir='ltr'>illis</span> 
     </span>
     <span class='ocr_line' id='line_1_37' title="bbox 167 1614 1162 1660; baseline -0.003 -10"><span class='ocrx_word' id='word_1_316' title='bbox 167 1618 270 1650; x_wconf 88' lang='lat' dir='ltr'>verbis</span> <span class='ocrx_word' id='word_1_317' title='bbox 282 1641 292 1654; x_wconf 88' lang='lat'>,</span> <span class='ocrx_word' id='word_1_318' title='bbox 311 1615 505 1650; x_wconf 63' lang='lat' dir='ltr'>Prohibemes</span> <span class='ocrx_word' id='word_1_319' title='bbox 518 1630 553 1648; x_wconf 72' lang='lat' dir='ltr'>ne</span> <span class='ocrx_word' id='word_1_320' title='bbox 564 1622 663 1650; x_wconf 81' lang='lat' dir='ltr'>decem</span> <span class='ocrx_word' id='word_1_321' title='bbox 674 1621 739 1649; x_wconf 78' lang='lat' dir='ltr'>dics</span> <span class='ocrx_word' id='word_1_322' title='bbox 749 1617 789 1650; x_wconf 74' lang='lat' dir='ltr'>nd</span> <span class='ocrx_word' id='word_1_323' title='bbox 800 1620 1012 1649; x_wconf 66' lang='lat' dir='ltr'>nominandum</span> <span class='ocrx_word' id='word_1_324' title='bbox 1022 1614 1162 1660; x_wconf 61' lang='lat' dir='ltr'>prefixus</span> 
     </span>
     <span class='ocr_line' id='line_1_38' title="bbox 169 1661 560 1702; baseline -0.003 -9"><span class='ocrx_word' id='word_1_325' title='bbox 169 1661 302 1693; x_wconf 72' lang='lat' dir='ltr'>audeant</span> <span class='ocrx_word' id='word_1_326' title='bbox 311 1672 468 1702; x_wconf 73' lang='lat' dir='ltr'>prorogare</span> <span class='ocrx_word' id='word_1_327' title='bbox 478 1684 487 1698; x_wconf 81' lang='grc'><strong>,</strong></span> <span class='ocrx_word' id='word_1_328' title='bbox 499 1662 560 1693; x_wconf 57' lang='lat' dir='ltr'>&amp;a</span> 
     </span>
    </p>

    <p class='ocr_par' dir='ltr' id='par_1_7' title="bbox 96 1704 1167 1962">
     <span class='ocr_line' id='line_1_39' title="bbox 211 1704 1163 1737; baseline -0.003 0"><span class='ocrx_word' id='word_1_329' title='bbox 211 1705 259 1737; x_wconf 86' lang='lat' dir='ltr'>Ac</span> <span class='ocrx_word' id='word_1_330' title='bbox 276 1707 402 1736; x_wconf 83' lang='lat' dir='ltr'>demum</span> <span class='ocrx_word' id='word_1_331' title='bbox 432 1704 453 1735; x_wconf 91' lang='lat' dir='ltr'>si</span> <span class='ocrx_word' id='word_1_332' title='bbox 473 1704 662 1737; x_wconf 81' lang='lat' dir='ltr'>Concilium</span> <span class='ocrx_word' id='word_1_333' title='bbox 684 1705 827 1736; x_wconf 77' lang='lat' dir='ltr'>voluisset</span> <span class='ocrx_word' id='word_1_334' title='bbox 859 1704 1033 1736; x_wconf 84' lang='lat' dir='ltr'>terminum</span> <span class='ocrx_word' id='word_1_335' title='bbox 1055 1705 1163 1734; x_wconf 82' lang='lat' dir='ltr'>decem</span> 
     </span>
     <span class='ocr_line' id='line_1_40' title="bbox 164 1745 1162 1788; baseline -0.003 -8"><span class='ocrx_word' id='word_1_336' title='bbox 164 1748 291 1781; x_wconf 87' lang='lat' dir='ltr'>dierum</span> <span class='ocrx_word' id='word_1_337' title='bbox 301 1758 425 1781; x_wconf 83' lang='lat' dir='ltr'>currere</span> <span class='ocrx_word' id='word_1_338' title='bbox 437 1747 500 1788; x_wconf 80' lang='lat' dir='ltr'>ipso</span> <span class='ocrx_word' id='word_1_339' title='bbox 510 1748 576 1788; x_wconf 89' lang='lat' dir='ltr'>jure</span> <span class='ocrx_word' id='word_1_340' title='bbox 588 1759 605 1778; x_wconf 85' lang='lat' dir='ltr'>a</span> <span class='ocrx_word' id='word_1_341' title='bbox 616 1749 667 1780; x_wconf 80' lang='lat' dir='ltr'>dic</span> <span class='ocrx_word' id='word_1_342' title='bbox 686 1749 798 1780; x_wconf 81' lang='lat' dir='ltr'>habita:</span> <span class='ocrx_word' id='word_1_343' title='bbox 809 1748 933 1779; x_wconf 63' lang='lat' dir='ltr'>notitia·</span> <span class='ocrx_word' id='word_1_344' title='bbox 943 1770 952 1783; x_wconf 92' lang='lat'>,</span> <span class='ocrx_word' id='word_1_345' title='bbox 973 1758 1037 1778; x_wconf 88' lang='lat' dir='ltr'>non</span> <span class='ocrx_word' id='word_1_346' title='bbox 1050 1745 1162 1787; x_wconf 87' lang='lat' dir='ltr'>posuis-</span> 
     </span>
     <span class='ocr_line' id='line_1_41' title="bbox 164 1790 1163 1832; baseline -0.006 -8"><span class='ocrx_word' id='word_1_347' title='bbox 164 1791 209 1824; x_wconf 86' lang='lat' dir='ltr'>set</span> <span class='ocrx_word' id='word_1_348' title='bbox 220 1791 316 1830; x_wconf 79' lang='lat' dir='ltr'>postea</span> <span class='ocrx_word' id='word_1_349' title='bbox 332 1791 469 1822; x_wconf 89' lang='lat' dir='ltr'>illumin</span> <span class='ocrx_word' id='word_1_350' title='bbox 481 1792 614 1822; x_wconf 84' lang='lat' dir='ltr'>arbitrio</span> <span class='ocrx_word' id='word_1_351' title='bbox 628 1791 784 1832; x_wconf 73' lang='lat' dir='ltr'>Episcopi,</span> <span class='ocrx_word' id='word_1_352' title='bbox 795 1802 827 1822; x_wconf 91' lang='lat' dir='ltr'>ut</span> <span class='ocrx_word' id='word_1_353' title='bbox 842 1790 917 1823; x_wconf 83' lang='lat' dir='ltr'>fecit</span> <span class='ocrx_word' id='word_1_354' title='bbox 931 1802 981 1831; x_wconf 84' lang='lat' dir='ltr'>per</span> <span class='ocrx_word' id='word_1_355' title='bbox 995 1791 1048 1821; x_wconf 82' lang='lat' dir='ltr'>illa</span> <span class='ocrx_word' id='word_1_356' title='bbox 1059 1791 1163 1821; x_wconf 78' lang='lat' dir='ltr'>verba:</span> 
     </span>
     <span class='ocr_line' id='line_1_42' title="bbox 167 1833 1164 1875; baseline -0.003 -8"><span class='ocrx_word' id='word_1_357' title='bbox 167 1834 251 1867; x_wconf 73' lang='lat' dir='ltr'>Infra</span> <span class='ocrx_word' id='word_1_358' title='bbox 262 1837 370 1866; x_wconf 83' lang='lat' dir='ltr'>decem</span> <span class='ocrx_word' id='word_1_359' title='bbox 381 1835 512 1870; x_wconf 81' lang='lat' dir='ltr'>dies‚vel</span> <span class='ocrx_word' id='word_1_360' title='bbox 527 1837 610 1866; x_wconf 79' lang='lat' dir='ltr'>aliud</span> <span class='ocrx_word' id='word_1_361' title='bbox 624 1844 746 1875; x_wconf 85' lang='lat' dir='ltr'>tempus</span> <span class='ocrx_word' id='word_1_362' title='bbox 758 1835 794 1866; x_wconf 85' lang='lat' dir='ltr'>ab</span> <span class='ocrx_word' id='word_1_363' title='bbox 809 1835 959 1875; x_wconf 79' lang='lat' dir='ltr'>Episcopo</span> <span class='ocrx_word' id='word_1_364' title='bbox 970 1833 1164 1874; x_wconf 68' lang='lat' dir='ltr'>prxscriben-</span> 
     </span>
     <span class='ocr_line' id='line_1_43' title="bbox 167 1877 1167 1917; baseline -0.003 -7"><span class='ocrx_word' id='word_1_365' title='bbox 167 1880 244 1910; x_wconf 82' lang='lat' dir='ltr'>dum</span> <span class='ocrx_word' id='word_1_366' title='bbox 257 1888 268 1913; x_wconf 89' lang='lat'>,·</span> <span class='ocrx_word' id='word_1_367' title='bbox 291 1887 354 1917; x_wconf 72' lang='lat' dir='ltr'>que</span> <span class='ocrx_word' id='word_1_368' title='bbox 372 1878 442 1909; x_wconf 86' lang='lat' dir='ltr'>sunt</span> <span class='ocrx_word' id='word_1_369' title='bbox 462 1879 556 1909; x_wconf 81' lang='lat' dir='ltr'>verba</span> <span class='ocrx_word' id='word_1_370' title='bbox 576 1877 649 1909; x_wconf 57' lang='lat' dir='ltr'>faui</span> <span class='ocrx_word' id='word_1_371' title='bbox 663 1900 672 1913; x_wconf 90' lang='lat'>‚</span> <span class='ocrx_word' id='word_1_372' title='bbox 693 1878 831 1909; x_wconf 71' lang='lat' dir='ltr'>hominis</span> <span class='ocrx_word' id='word_1_373' title='bbox 843 1877 1053 1909; x_wconf 80' lang='lat' dir='ltr'>ministerium</span> <span class='ocrx_word' id='word_1_374' title='bbox 1066 1878 1167 1917; x_wconf 79' lang='lat' dir='ltr'>requi-</span> 
     </span>
     <span class='ocr_line' id='line_1_44' title="bbox 96 1919 1160 1962; baseline -0.002 -9"><span class='ocrx_word' id='word_1_375' title='bbox 96 1925 138 1962; x_wconf 78' lang='lat'>4⁶</span> <span class='ocrx_word' id='word_1_376' title='bbox 158 1931 275 1955; x_wconf 82' lang='lat' dir='ltr'>tentia,</span> <span class='ocrx_word' id='word_1_377' title='bbox 288 1920 410 1953; x_wconf 80' lang='lat' dir='ltr'>Alciati</span> <span class='ocrx_word' id='word_1_378' title='bbox 419 1919 591 1960; x_wconf 68' lang='lat' dir='ltr'>parergdib.</span> <span class='ocrx_word' id='word_1_379' title='bbox 600 1931 608 1952; x_wconf 88' lang='lat' dir='ltr'>i</span> <span class='ocrx_word' id='word_1_380' title='bbox 617 1920 801 1957; x_wconf 79' lang='lat' dir='ltr'>.c.58.l&#39;.iris.</span> <span class='ocrx_word' id='word_1_381' title='bbox 814 1919 1000 1961; x_wconf 71' lang='lat' dir='ltr'>cot1s.33.nu.</span> <span class='ocrx_word' id='word_1_382' title='bbox 1016 1925 1045 1952; x_wconf 83' lang='lat'>6.</span> <span class='ocrx_word' id='word_1_383' title='bbox 1057 1922 1118 1951; x_wconf 78' lang='lat' dir='ltr'>vol.</span> <span class='ocrx_word' id='word_1_384' title='bbox 1136 1930 1160 1960; x_wconf 81' lang='lat'>3.</span> 
     </span>
    </p>

    <p class='ocr_par' dir='ltr' id='par_1_8' title="bbox 165 1961 1166 2223">
     <span class='ocr_line' id='line_1_45' title="bbox 167 1961 1160 2004; baseline -0.003 -8"><span class='ocrx_word' id='word_1_385' title='bbox 167 1962 468 2004; x_wconf 73' lang='lat' dir='ltr'>Dec.cons.640.n.6.</span> <span class='ocrx_word' id='word_1_386' title='bbox 480 1963 600 2004; x_wconf 75' lang='lat' dir='ltr'>optime</span> <span class='ocrx_word' id='word_1_387' title='bbox 613 1965 752 1995; x_wconf 73' lang='lat' dir='ltr'>declarat</span> <span class='ocrx_word' id='word_1_388' title='bbox 765 1964 864 1996; x_wconf 77' lang='lat' dir='ltr'>felin.</span> <span class='ocrx_word' id='word_1_389' title='bbox 877 1967 910 1995; x_wconf 79' lang='lat' dir='ltr'>in</span> <span class='ocrx_word' id='word_1_390' title='bbox 920 1961 1121 2004; x_wconf 73' lang='lat' dir='ltr'>c.Rodulphus</span> <span class='ocrx_word' id='word_1_391' title='bbox 1131 1975 1160 1994; x_wconf 79' lang='grc' dir='ltr'>η.</span> 
     </span>
     <span class='ocr_line' id='line_1_46' title="bbox 171 2004 1158 2050; baseline -0.001 -12"><span class='ocrx_word' id='word_1_392' title='bbox 171 2018 223 2048; x_wconf 86' lang='lat'>34.</span> <span class='ocrx_word' id='word_1_393' title='bbox 234 2005 312 2046; x_wconf 63' lang='lat' dir='ltr'>vers}</span> <span class='ocrx_word' id='word_1_394' title='bbox 323 2004 489 2048; x_wconf 66' lang='lat' dir='ltr'>Confidcra</span> <span class='ocrx_word' id='word_1_395' title='bbox 500 2006 537 2037; x_wconf 81' lang='lat' dir='ltr'>de</span> <span class='ocrx_word' id='word_1_396' title='bbox 547 2005 635 2048; x_wconf 74' lang='lat' dir='ltr'>reftr.</span> <span class='ocrx_word' id='word_1_397' title='bbox 649 2007 791 2050; x_wconf 73' lang='lat' dir='ltr'>implicat</span> <span class='ocrx_word' id='word_1_398' title='bbox 801 2008 889 2042; x_wconf 87' lang='lat' dir='ltr'>enim</span> <span class='ocrx_word' id='word_1_399' title='bbox 904 2007 1077 2038; x_wconf 87' lang='lat' dir='ltr'>terminum</span> <span class='ocrx_word' id='word_1_400' title='bbox 1089 2017 1158 2038; x_wconf 90' lang='lat' dir='ltr'>cur·</span> 
     </span>
     <span class='ocr_line' id='line_1_47' title="bbox 171 2049 1166 2092; baseline -0.003 -9"><span class='ocrx_word' id='word_1_401' title='bbox 171 2061 239 2084; x_wconf 85' lang='lat' dir='ltr'>tere</span> <span class='ocrx_word' id='word_1_402' title='bbox 249 2049 409 2092; x_wconf 87' lang='lat' dir='ltr'>ipsojure,</span> <span class='ocrx_word' id='word_1_403' title='bbox 439 2052 469 2080; x_wconf 65' lang='grc' dir='ltr'>δέ</span> <span class='ocrx_word' id='word_1_404' title='bbox 481 2050 539 2081; x_wconf 78' lang='lat' dir='ltr'>else</span> <span class='ocrx_word' id='word_1_405' title='bbox 552 2049 769 2088; x_wconf 64' lang='lat' dir='ltr'>assignandum</span> <span class='ocrx_word' id='word_1_406' title='bbox 782 2052 818 2082; x_wconf 85' lang='lat' dir='ltr'>ab</span> <span class='ocrx_word' id='word_1_407' title='bbox 831 2050 984 2091; x_wconf 81' lang='lat' dir='ltr'>Episcopo</span> <span class='ocrx_word' id='word_1_408' title='bbox 995 2073 1004 2086; x_wconf 90' lang='lat'>‚</span> <span class='ocrx_word' id='word_1_409' title='bbox 1035 2060 1109 2082; x_wconf 89' lang='lat' dir='ltr'>cum</span> <span class='ocrx_word' id='word_1_410' title='bbox 1121 2049 1166 2080; x_wconf 75' lang='lat' dir='ltr'>sa-</span> 
     </span>
     <span class='ocr_line' id='line_1_48' title="bbox 174 2092 1166 2135; baseline -0.002 -9"><span class='ocrx_word' id='word_1_411' title='bbox 174 2093 407 2126; x_wconf 72' lang='lat' dir='ltr'>&amp;umliomin&#39;is</span> <span class='ocrx_word' id='word_1_412' title='bbox 418 2093 509 2124; x_wconf 73' lang='lat' dir='ltr'>toilat</span> <span class='ocrx_word' id='word_1_413' title='bbox 529 2093 739 2133; x_wconf 65' lang='lat' dir='ltr'>provisionem</span> <span class='ocrx_word' id='word_1_414' title='bbox 760 2095 835 2133; x_wconf 76' lang='lat' dir='ltr'>legis</span> <span class='ocrx_word' id='word_1_415' title='bbox 848 2116 857 2129; x_wconf 86' lang='lat'>‚</span> <span class='ocrx_word' id='word_1_416' title='bbox 876 2094 897 2124; x_wconf 90' lang='lat' dir='ltr'>l.</span> <span class='ocrx_word' id='word_1_417' title='bbox 910 2092 1068 2135; x_wconf 59' lang='lat' dir='ltr'>Quamdiu</span> <span class='ocrx_word' id='word_1_418' title='bbox 1080 2092 1166 2133; x_wconf 63' lang='lat' dir='ltr'>las}-</span> 
     </span>
     <span class='ocr_line' id='line_1_49' title="bbox 173 2133 1158 2178; baseline -0.001 -10"><span class='ocrx_word' id='word_1_419' title='bbox 173 2136 269 2169; x_wconf 79' lang='lat' dir='ltr'>conda</span> <span class='ocrx_word' id='word_1_420' title='bbox 281 2133 332 2177; x_wconf 73' lang='lat' dir='ltr'>‚ff</span> <span class='ocrx_word' id='word_1_421' title='bbox 343 2134 379 2167; x_wconf 77' lang='lat' dir='ltr'>de</span> <span class='ocrx_word' id='word_1_422' title='bbox 389 2140 503 2173; x_wconf 61' lang='lat' dir='ltr'>acquir.</span> <span class='ocrx_word' id='word_1_423' title='bbox 515 2135 647 2167; x_wconf 76' lang='lat' dir='ltr'>haeredzt.</span> <span class='ocrx_word' id='word_1_424' title='bbox 660 2138 701 2176; x_wconf 74' lang='lat' dir='ltr'>gl.</span> <span class='ocrx_word' id='word_1_425' title='bbox 713 2147 828 2178; x_wconf 85' lang='lat' dir='ltr'>magna</span> <span class='ocrx_word' id='word_1_426' title='bbox 839 2139 871 2168; x_wconf 74' lang='grc' dir='ltr'>ἱη</span> <span class='ocrx_word' id='word_1_427' title='bbox 880 2138 934 2175; x_wconf 77' lang='lat' dir='ltr'>leg.</span> <span class='ocrx_word' id='word_1_428' title='bbox 959 2149 985 2168; x_wconf 85' lang='lat'>2.</span> <span class='ocrx_word' id='word_1_429' title='bbox 1005 2138 1037 2168; x_wconf 62' lang='grc' dir='ltr'>δέ</span> <span class='ocrx_word' id='word_1_430' title='bbox 1051 2137 1095 2168; x_wconf 79' lang='lat' dir='ltr'>ibi</span> <span class='ocrx_word' id='word_1_431' title='bbox 1107 2146 1158 2177; x_wconf 78' lang='lat' dir='ltr'>per</span> 
     </span>
     <span class='ocr_line' id='line_1_50' title="bbox 165 2179 735 2223; baseline -0.004 -10"><span class='ocrx_word' id='word_1_432' title='bbox 165 2179 249 2222; x_wconf 85' lang='lat' dir='ltr'>Cyn.</span> <span class='ocrx_word' id='word_1_433' title='bbox 261 2181 292 2210; x_wconf 78' lang='grc' dir='ltr'>ὅ(</span> <span class='ocrx_word' id='word_1_434' title='bbox 302 2179 382 2210; x_wconf 68' lang='lat' dir='ltr'>ssarc.</span> <span class='ocrx_word' id='word_1_435' title='bbox 399 2179 476 2211; x_wconf 54' lang='grc' dir='ltr'>(λάε</span> <span class='ocrx_word' id='word_1_436' title='bbox 487 2179 735 2223; x_wconf 57' lang='lat' dir='ltr'>mnemphyteut.</span> 
     </span>
    </p>

    <p class='ocr_par' dir='ltr' id='par_1_9' title="bbox 164 2221 1169 2609">
     <span class='ocr_line' id='line_1_51' title="bbox 210 2221 1167 2262; baseline 0 -8"><span class='ocrx_word' id='word_1_437' title='bbox 210 2223 321 2262; x_wconf 84' lang='lat' dir='ltr'>Itaque</span> <span class='ocrx_word' id='word_1_438' title='bbox 340 2222 515 2254; x_wconf 78' lang='lat' dir='ltr'>secundum</span> <span class='ocrx_word' id='word_1_439' title='bbox 532 2233 640 2254; x_wconf 90' lang='lat' dir='ltr'>verum</span> <span class='ocrx_word' id='word_1_440' title='bbox 660 2221 808 2257; x_wconf 91' lang='lat' dir='ltr'>Concilii</span> <span class='ocrx_word' id='word_1_441' title='bbox 825 2223 1020 2261; x_wconf 61' lang='lat' dir='ltr'>intellefflim</span> <span class='ocrx_word' id='word_1_442' title='bbox 1042 2224 1167 2256; x_wconf 88' lang='lat' dir='ltr'>videtur</span> 
     </span>
     <span class='ocr_line' id='line_1_52' title="bbox 164 2264 1167 2309; baseline 0 -12"><span class='ocrx_word' id='word_1_443' title='bbox 164 2266 247 2309; x_wconf 76' lang='lat' dir='ltr'>posse</span> <span class='ocrx_word' id='word_1_444' title='bbox 259 2264 425 2305; x_wconf 78' lang='lat' dir='ltr'>Episcopus</span> <span class='ocrx_word' id='word_1_445' title='bbox 436 2264 517 2297; x_wconf 62' lang='lat' dir='ltr'>infra</span> <span class='ocrx_word' id='word_1_446' title='bbox 526 2276 664 2306; x_wconf 87' lang='lat' dir='ltr'>quatuor</span> <span class='ocrx_word' id='word_1_447' title='bbox 678 2266 797 2298; x_wconf 88' lang='lat' dir='ltr'>menses</span> <span class='ocrx_word' id='word_1_448' title='bbox 809 2289 818 2302; x_wconf 88' lang='lat'>‚</span> <span class='ocrx_word' id='word_1_449' title='bbox 834 2266 852 2297; x_wconf 85' lang='lat' dir='ltr'>fi</span> <span class='ocrx_word' id='word_1_450' title='bbox 876 2266 1066 2298; x_wconf 79' lang='lat' dir='ltr'>l&#39;arociiialis</span> <span class='ocrx_word' id='word_1_451' title='bbox 1080 2278 1167 2298; x_wconf 83' lang='lat' dir='ltr'>vaca-</span> 
     </span>
     <span class='ocr_line' id='line_1_53' title="bbox 165 2307 1167 2350; baseline 0.002 -11"><span class='ocrx_word' id='word_1_452' title='bbox 165 2309 248 2341; x_wconf 83' lang='lat' dir='ltr'>verit</span> <span class='ocrx_word' id='word_1_453' title='bbox 263 2309 295 2340; x_wconf 84' lang='lat' dir='ltr'>in</span> <span class='ocrx_word' id='word_1_454' title='bbox 308 2307 412 2339; x_wconf 72' lang='lat' dir='ltr'>mec-se</span> <span class='ocrx_word' id='word_1_455' title='bbox 425 2308 600 2344; x_wconf 85' lang='lat' dir='ltr'>reservato,</span> <span class='ocrx_word' id='word_1_456' title='bbox 614 2309 656 2340; x_wconf 87' lang='lat' dir='ltr'>sin</span> <span class='ocrx_word' id='word_1_457' title='bbox 669 2310 774 2340; x_wconf 87' lang='lat' dir='ltr'>minus</span> <span class='ocrx_word' id='word_1_458' title='bbox 798 2309 878 2341; x_wconf 74' lang='lat' dir='ltr'>infra</span> <span class='ocrx_word' id='word_1_459' title='bbox 891 2316 936 2341; x_wconf 84' lang='lat' dir='ltr'>lex</span> <span class='ocrx_word' id='word_1_460' title='bbox 950 2313 1167 2350; x_wconf 67' lang='lat' dir='ltr'>quandocum-</span> 
     </span>
     <span class='ocr_line' id='line_1_54' title="bbox 166 2352 1161 2394; baseline 0.003 -12"><span class='ocrx_word' id='word_1_461' title='bbox 166 2362 227 2394; x_wconf 89' lang='lat' dir='ltr'>que</span> <span class='ocrx_word' id='word_1_462' title='bbox 248 2362 419 2393; x_wconf 82' lang='lat' dir='ltr'>proponere</span> <span class='ocrx_word' id='word_1_463' title='bbox 428 2352 531 2384; x_wconf 69' lang='lat' dir='ltr'>edicta</span> <span class='ocrx_word' id='word_1_464' title='bbox 539 2352 710 2384; x_wconf 81' lang='lat' dir='ltr'>concursus</span> <span class='ocrx_word' id='word_1_465' title='bbox 723 2375 733 2389; x_wconf 92' lang='lat'>‚</span> <span class='ocrx_word' id='word_1_466' title='bbox 756 2353 802 2384; x_wconf 84' lang='lat' dir='ltr'>vel</span> <span class='ocrx_word' id='word_1_467' title='bbox 824 2352 970 2384; x_wconf 80' lang='lat' dir='ltr'>Clericos</span> <span class='ocrx_word' id='word_1_468' title='bbox 992 2354 1161 2385; x_wconf 81' lang='lat' dir='ltr'>nominare</span> 
     </span>
     <span class='ocr_line' id='line_1_55' title="bbox 172 2394 1166 2432; baseline -0.001 -6"><span class='ocrx_word' id='word_1_469' title='bbox 172 2397 210 2426; x_wconf 82' lang='lat' dir='ltr'>ad</span> <span class='ocrx_word' id='word_1_470' title='bbox 233 2397 401 2432; x_wconf 69' lang='lat' dir='ltr'>regendam</span> <span class='ocrx_word' id='word_1_471' title='bbox 421 2394 592 2426; x_wconf 82' lang='lat' dir='ltr'>Ecclesiam</span> <span class='ocrx_word' id='word_1_472' title='bbox 614 2395 746 2429; x_wconf 84' lang='lat' dir='ltr'>idoncos</span> <span class='ocrx_word' id='word_1_473' title='bbox 758 2419 767 2432; x_wconf 86' lang='lat'><strong><em>‚</em></strong></span> <span class='ocrx_word' id='word_1_474' title='bbox 789 2396 963 2428; x_wconf 68' lang='lat' dir='ltr'>dummodo</span> <span class='ocrx_word' id='word_1_475' title='bbox 985 2398 1016 2427; x_wconf 84' lang='lat' dir='ltr'>in</span> <span class='ocrx_word' id='word_1_476' title='bbox 1036 2396 1144 2429; x_wconf 61' lang='lat' dir='ltr'>edicti&lt;</span> <span class='ocrx_word' id='word_1_477' title='bbox 1157 2419 1166 2432; x_wconf 79' lang='lat'>,</span> 
     </span>
     <span class='ocr_line' id='line_1_56' title="bbox 171 2436 1167 2480; baseline 0.004 -13"><span class='ocrx_word' id='word_1_478' title='bbox 171 2438 219 2469; x_wconf 88' lang='lat' dir='ltr'>vel</span> <span class='ocrx_word' id='word_1_479' title='bbox 241 2436 443 2470; x_wconf 87' lang='lat' dir='ltr'>Clericorum</span> <span class='ocrx_word' id='word_1_480' title='bbox 463 2438 687 2470; x_wconf 81' lang='lat' dir='ltr'>nominatione</span> <span class='ocrx_word' id='word_1_481' title='bbox 708 2440 844 2480; x_wconf 67' lang='lat' dir='ltr'>pra-rigat</span> <span class='ocrx_word' id='word_1_482' title='bbox 864 2442 1035 2470; x_wconf 76' lang='lat' dir='ltr'>terminum</span> <span class='ocrx_word' id='word_1_483' title='bbox 1057 2442 1167 2471; x_wconf 76' lang='lat' dir='ltr'>decem</span> 
     </span>
     <span class='ocr_line' id='line_1_57' title="bbox 172 2479 1166 2519; baseline 0.001 -6"><span class='ocrx_word' id='word_1_484' title='bbox 172 2479 297 2513; x_wconf 84' lang='lat' dir='ltr'>dierum</span> <span class='ocrx_word' id='word_1_485' title='bbox 306 2480 571 2512; x_wconf 76' lang='lat' dir='ltr'>concurrentibus</span> <span class='ocrx_word' id='word_1_486' title='bbox 583 2484 619 2512; x_wconf 87' lang='lat' dir='ltr'>ad</span> <span class='ocrx_word' id='word_1_487' title='bbox 633 2482 683 2512; x_wconf 80' lang='lat' dir='ltr'>sua</span> <span class='ocrx_word' id='word_1_488' title='bbox 695 2482 827 2514; x_wconf 78' lang='lat' dir='ltr'>nomina</span> <span class='ocrx_word' id='word_1_489' title='bbox 837 2482 1008 2514; x_wconf 86' lang='lat' dir='ltr'>deferenda</span> <span class='ocrx_word' id='word_1_490' title='bbox 1018 2505 1027 2519; x_wconf 88' lang='lat'>,</span> <span class='ocrx_word' id='word_1_491' title='bbox 1048 2485 1095 2514; x_wconf 83' lang='lat' dir='ltr'>vel</span> <span class='ocrx_word' id='word_1_492' title='bbox 1116 2486 1166 2514; x_wconf 86' lang='lat' dir='ltr'>de-</span> 
     </span>
     <span class='ocr_line' id='line_1_58' title="bbox 174 2522 1168 2567; baseline 0.003 -13"><span class='ocrx_word' id='word_1_493' title='bbox 174 2523 340 2556; x_wconf 84' lang='lat' dir='ltr'>scribenda</span> <span class='ocrx_word' id='word_1_494' title='bbox 349 2545 359 2558; x_wconf 92' lang='lat'>,</span> <span class='ocrx_word' id='word_1_495' title='bbox 377 2524 408 2553; x_wconf 84' lang='lat'><strong>&amp;</strong></span> <span class='ocrx_word' id='word_1_496' title='bbox 420 2522 521 2563; x_wconf 70' lang='lat' dir='ltr'>postea</span> <span class='ocrx_word' id='word_1_497' title='bbox 531 2523 613 2554; x_wconf 83' lang='lat' dir='ltr'>hunc</span> <span class='ocrx_word' id='word_1_498' title='bbox 636 2524 808 2556; x_wconf 82' lang='lat' dir='ltr'>terminum</span> <span class='ocrx_word' id='word_1_499' title='bbox 829 2536 893 2556; x_wconf 90' lang='lat' dir='ltr'>non</span> <span class='ocrx_word' id='word_1_500' title='bbox 915 2536 1065 2567; x_wconf 82' lang='lat' dir='ltr'>proroget</span> <span class='ocrx_word' id='word_1_501' title='bbox 1085 2527 1168 2557; x_wconf 84' lang='lat' dir='ltr'>ultra</span> 
     </span>
     <span class='ocr_line' id='line_1_59' title="bbox 174 2565 1169 2609; baseline 0.001 -10"><span class='ocrx_word' id='word_1_502' title='bbox 174 2567 255 2599; x_wconf 84' lang='lat' dir='ltr'>alios</span> <span class='ocrx_word' id='word_1_503' title='bbox 264 2568 376 2598; x_wconf 84' lang='lat' dir='ltr'>decem</span> <span class='ocrx_word' id='word_1_504' title='bbox 385 2565 450 2597; x_wconf 89' lang='lat' dir='ltr'>dies</span> <span class='ocrx_word' id='word_1_505' title='bbox 463 2588 473 2602; x_wconf 94' lang='lat'>,</span> <span class='ocrx_word' id='word_1_506' title='bbox 493 2565 551 2596; x_wconf 83' lang='lat' dir='ltr'>hoc</span> <span class='ocrx_word' id='word_1_507' title='bbox 563 2566 649 2597; x_wconf 85' lang='lat' dir='ltr'>enim</span> <span class='ocrx_word' id='word_1_508' title='bbox 661 2566 745 2598; x_wconf 86' lang='lat' dir='ltr'>sensu</span> <span class='ocrx_word' id='word_1_509' title='bbox 757 2570 858 2609; x_wconf 78' lang='lat' dir='ltr'>magis</span> <span class='ocrx_word' id='word_1_510' title='bbox 870 2569 1047 2600; x_wconf 87' lang='lat' dir='ltr'>consulitur</span> <span class='ocrx_word' id='word_1_511' title='bbox 1062 2569 1169 2600; x_wconf 85' lang='lat' dir='ltr'>Eccle-</span> 
     </span>
    </p>

    <p class='ocr_par' dir='ltr' id='par_1_10' title="bbox 111 2609 1170 2826">
     <span class='ocr_line' id='line_1_60' title="bbox 111 2609 1167 2653; baseline 0.002 -11"><span class='ocrx_word' id='word_1_512' title='bbox 111 2621 152 2653; x_wconf 75' lang='lat'>47</span> <span class='ocrx_word' id='word_1_513' title='bbox 174 2610 222 2642; x_wconf 76' lang='lat' dir='ltr'>fiae</span> <span class='ocrx_word' id='word_1_514' title='bbox 231 2632 242 2647; x_wconf 88' lang='lat'>‚</span> <span class='ocrx_word' id='word_1_515' title='bbox 253 2609 423 2651; x_wconf 77' lang='lat' dir='ltr'>Episcopo,</span> <span class='ocrx_word' id='word_1_516' title='bbox 435 2610 467 2640; x_wconf 75' lang='grc' dir='ltr'>ὅ(</span> <span class='ocrx_word' id='word_1_517' title='bbox 479 2609 745 2642; x_wconf 81' lang='lat' dir='ltr'>concurrentibus</span> <span class='ocrx_word' id='word_1_518' title='bbox 755 2633 763 2640; x_wconf 92' lang='lat'><strong>.</strong></span> <span class='ocrx_word' id='word_1_519' title='bbox 783 2610 912 2652; x_wconf 83' lang='lat' dir='ltr'>Qiibus</span> <span class='ocrx_word' id='word_1_520' title='bbox 923 2613 1021 2644; x_wconf 82' lang='lat' dir='ltr'>etiam</span> <span class='ocrx_word' id='word_1_521' title='bbox 1044 2612 1167 2644; x_wconf 84' lang='lat' dir='ltr'>accedit</span> 
     </span>
     <span class='ocr_line' id='line_1_61' title="bbox 172 2651 1169 2694; baseline 0.003 -9"><span class='ocrx_word' id='word_1_522' title='bbox 172 2653 355 2685; x_wconf 85' lang='lat' dir='ltr'>universalis</span> <span class='ocrx_word' id='word_1_523' title='bbox 368 2651 588 2692; x_wconf 81' lang='lat' dir='ltr'>Episcoporum</span> <span class='ocrx_word' id='word_1_524' title='bbox 596 2652 792 2688; x_wconf 80' lang='lat' dir='ltr'>observantia</span> <span class='ocrx_word' id='word_1_525' title='bbox 805 2664 892 2693; x_wconf 73' lang='lat' dir='ltr'>,qux</span> <span class='ocrx_word' id='word_1_526' title='bbox 904 2653 1075 2694; x_wconf 74' lang='lat' dir='ltr'>plurimum</span> <span class='ocrx_word' id='word_1_527' title='bbox 1087 2658 1169 2688; x_wconf 80' lang='lat' dir='ltr'>valet</span> 
     </span>
     <span class='ocr_line' id='line_1_62' title="bbox 175 2695 1169 2739; baseline 0.002 -11"><span class='ocrx_word' id='word_1_528' title='bbox 175 2699 214 2731; x_wconf 81' lang='lat' dir='ltr'>ad</span> <span class='ocrx_word' id='word_1_529' title='bbox 225 2695 372 2730; x_wconf 88' lang='lat' dir='ltr'>Concilii</span> <span class='ocrx_word' id='word_1_530' title='bbox 387 2695 680 2736; x_wconf 82' lang='lat' dir='ltr'>interpretationem</span> <span class='ocrx_word' id='word_1_531' title='bbox 692 2718 702 2731; x_wconf 83' lang='lat'><strong><em>‚</em></strong></span> <span class='ocrx_word' id='word_1_532' title='bbox 721 2699 833 2728; x_wconf 78' lang='lat' dir='ltr'>c.Cum</span> <span class='ocrx_word' id='word_1_533' title='bbox 844 2697 970 2729; x_wconf 63' lang='lat' dir='ltr'>dilec‘lus</span> <span class='ocrx_word' id='word_1_534' title='bbox 990 2698 1025 2728; x_wconf 80' lang='lat' dir='ltr'>de</span> <span class='ocrx_word' id='word_1_535' title='bbox 1044 2699 1169 2739; x_wconf 55' lang='lat' dir='ltr'>conseret.</span> 
     </span>
     <span class='ocr_line' id='line_1_63' title="bbox 176 2737 1170 2782; baseline 0.001 -10"><span class='ocrx_word' id='word_1_536' title='bbox 176 2740 265 2782; x_wconf 77' lang='lat' dir='ltr'>gloss.</span> <span class='ocrx_word' id='word_1_537' title='bbox 279 2742 312 2771; x_wconf 85' lang='lat' dir='ltr'>in</span> <span class='ocrx_word' id='word_1_538' title='bbox 323 2750 347 2771; x_wconf 88' lang='lat' dir='ltr'>c.</span> <span class='ocrx_word' id='word_1_539' title='bbox 359 2741 501 2773; x_wconf 70' lang='lat' dir='ltr'>Ceterum</span> <span class='ocrx_word' id='word_1_540' title='bbox 514 2741 546 2769; x_wconf 73' lang='lat' dir='ltr'>i‘n</span> <span class='ocrx_word' id='word_1_541' title='bbox 559 2750 624 2769; x_wconf 85' lang='lat' dir='ltr'>vcr.</span> <span class='ocrx_word' id='word_1_542' title='bbox 638 2737 768 2771; x_wconf 54' lang='lat' dir='ltr'>Ambus</span> <span class='ocrx_word' id='word_1_543' title='bbox 778 2743 813 2770; x_wconf 81' lang='lat' dir='ltr'>de</span> <span class='ocrx_word' id='word_1_544' title='bbox 824 2737 920 2781; x_wconf 81' lang='lat' dir='ltr'>testib.</span> <span class='ocrx_word' id='word_1_545' title='bbox 931 2746 1027 2779; x_wconf 70' lang='lat' dir='ltr'>rogen.</span> <span class='ocrx_word' id='word_1_546' title='bbox 1038 2742 1124 2781; x_wconf 78' lang='lat' dir='ltr'>gloss.</span> <span class='ocrx_word' id='word_1_547' title='bbox 1136 2742 1170 2773; x_wconf 87' lang='lat' dir='ltr'>in</span> 
     </span>
     <span class='ocr_line' id='line_1_64' title="bbox 176 2781 1170 2826; baseline 0.002 -12"><span class='ocrx_word' id='word_1_548' title='bbox 176 2792 245 2826; x_wconf 70' lang='lat' dir='ltr'>cap.</span> <span class='ocrx_word' id='word_1_549' title='bbox 255 2783 409 2814; x_wconf 79' lang='lat' dir='ltr'>Nonnulli</span> <span class='ocrx_word' id='word_1_550' title='bbox 418 2784 453 2813; x_wconf 86' lang='lat' dir='ltr'>in</span> <span class='ocrx_word' id='word_1_551' title='bbox 463 2793 527 2813; x_wconf 86' lang='lat' dir='ltr'>ver.</span> <span class='ocrx_word' id='word_1_552' title='bbox 542 2781 635 2816; x_wconf 74' lang='lat' dir='ltr'>Ultra</span> <span class='ocrx_word' id='word_1_553' title='bbox 646 2781 724 2813; x_wconf 70' lang='lat' dir='ltr'>duas</span> <span class='ocrx_word' id='word_1_554' title='bbox 735 2782 771 2813; x_wconf 82' lang='lat' dir='ltr'>de</span> <span class='ocrx_word' id='word_1_555' title='bbox 781 2781 868 2823; x_wconf 82' lang='lat' dir='ltr'>rescr.</span> <span class='ocrx_word' id='word_1_556' title='bbox 888 2782 926 2814; x_wconf 86' lang='lat' dir='ltr'>Et</span> <span class='ocrx_word' id='word_1_557' title='bbox 951 2784 1030 2817; x_wconf 77' lang='lat' dir='ltr'>lianc</span> <span class='ocrx_word' id='word_1_558' title='bbox 1049 2783 1170 2816; x_wconf 83' lang='lat' dir='ltr'>senten-</span> 
     </span>
    </p>

    <p class='ocr_par' dir='ltr' id='par_1_11' title="bbox 112 2824 1170 3169">
     <span class='ocr_line' id='line_1_65' title="bbox 112 2824 1167 2869; baseline 0 -10"><span class='ocrx_word' id='word_1_559' title='bbox 112 2830 153 2869; x_wconf 79' lang='lat'>48</span> <span class='ocrx_word' id='word_1_560' title='bbox 177 2827 254 2859; x_wconf 77' lang='lat' dir='ltr'>tiam</span> <span class='ocrx_word' id='word_1_561' title='bbox 266 2825 411 2868; x_wconf 89' lang='lat' dir='ltr'>probavit</span> <span class='ocrx_word' id='word_1_562' title='bbox 429 2825 460 2856; x_wconf 85' lang='lat' dir='ltr'>S.</span> <span class='ocrx_word' id='word_1_563' title='bbox 471 2824 668 2865; x_wconf 77' lang='lat' dir='ltr'>Congregat.</span> <span class='ocrx_word' id='word_1_564' title='bbox 691 2824 788 2856; x_wconf 80' lang='lat' dir='ltr'>Porro</span> <span class='ocrx_word' id='word_1_565' title='bbox 800 2824 874 2857; x_wconf 79' lang='lat' dir='ltr'>cum</span> <span class='ocrx_word' id='word_1_566' title='bbox 895 2825 1061 2867; x_wconf 63' lang='lat' dir='ltr'>Episcopus</span> <span class='ocrx_word' id='word_1_567' title='bbox 1071 2827 1167 2859; x_wconf 85' lang='lat' dir='ltr'>Mon-</span> 
     </span>
     <span class='ocr_line' id='line_1_66' title="bbox 173 2868 1169 2911; baseline 0.001 -10"><span class='ocrx_word' id='word_1_568' title='bbox 173 2869 214 2901; x_wconf 83' lang='lat' dir='ltr'>tis</span> <span class='ocrx_word' id='word_1_569' title='bbox 226 2868 357 2911; x_wconf 75' lang='lat' dir='ltr'>Regalis</span> <span class='ocrx_word' id='word_1_570' title='bbox 367 2869 547 2909; x_wconf 76' lang='lat' dir='ltr'>publicasset</span> <span class='ocrx_word' id='word_1_571' title='bbox 559 2869 747 2900; x_wconf 89' lang='lat' dir='ltr'>concursum</span> <span class='ocrx_word' id='word_1_572' title='bbox 758 2891 768 2905; x_wconf 88' lang='lat'>,</span> <span class='ocrx_word' id='word_1_573' title='bbox 789 2871 821 2900; x_wconf 71' lang='grc' dir='ltr'>ὅ(</span> <span class='ocrx_word' id='word_1_574' title='bbox 834 2868 983 2901; x_wconf 75' lang='lat' dir='ltr'>statuisset</span> <span class='ocrx_word' id='word_1_575' title='bbox 995 2870 1169 2902; x_wconf 85' lang='lat' dir='ltr'>terminum</span> 
     </span>
     <span class='ocr_line' id='line_1_67' title="bbox 180 2911 1170 2953; baseline 0.001 -10"><span class='ocrx_word' id='word_1_576' title='bbox 180 2914 289 2953; x_wconf 77' lang='lat' dir='ltr'>decem</span> <span class='ocrx_word' id='word_1_577' title='bbox 300 2913 423 2944; x_wconf 83' lang='lat' dir='ltr'>dierum</span> <span class='ocrx_word' id='word_1_578' title='bbox 435 2911 803 2948; x_wconf 84' lang='lat' dir='ltr'>concurrentibus,intra</span> <span class='ocrx_word' id='word_1_579' title='bbox 813 2923 907 2953; x_wconf 80' lang='lat' dir='ltr'>quem</span> <span class='ocrx_word' id='word_1_580' title='bbox 927 2913 1098 2944; x_wconf 84' lang='lat' dir='ltr'>terminum</span> <span class='ocrx_word' id='word_1_581' title='bbox 1117 2915 1170 2945; x_wconf 85' lang='lat' dir='ltr'>lia-</span> 
     </span>
     <span class='ocr_line' id='line_1_68' title="bbox 181 2955 1168 2996; baseline 0.002 -10"><span class='ocrx_word' id='word_1_582' title='bbox 181 2955 266 2987; x_wconf 89' lang='lat' dir='ltr'>bitus</span> <span class='ocrx_word' id='word_1_583' title='bbox 276 2955 335 2987; x_wconf 82' lang='lat' dir='ltr'>fuit</span> <span class='ocrx_word' id='word_1_584' title='bbox 346 2956 516 2987; x_wconf 86' lang='lat' dir='ltr'>concursus</span> <span class='ocrx_word' id='word_1_585' title='bbox 532 2977 541 2991; x_wconf 86' lang='lat'>‚</span> <span class='ocrx_word' id='word_1_586' title='bbox 562 2955 787 2996; x_wconf 78' lang='lat' dir='ltr'>quaesitumque</span> <span class='ocrx_word' id='word_1_587' title='bbox 798 2956 871 2989; x_wconf 75' lang='lat' dir='ltr'>esset</span> <span class='ocrx_word' id='word_1_588' title='bbox 880 2978 890 2992; x_wconf 91' lang='lat'>,</span> <span class='ocrx_word' id='word_1_589' title='bbox 902 2966 941 2987; x_wconf 89' lang='lat' dir='ltr'>an</span> <span class='ocrx_word' id='word_1_590' title='bbox 953 2956 1112 2996; x_wconf 75' lang='lat' dir='ltr'>propterea</span> <span class='ocrx_word' id='word_1_591' title='bbox 1133 2957 1168 2988; x_wconf 88' lang='lat' dir='ltr'>sit</span> 
     </span>
     <span class='ocr_line' id='line_1_69' title="bbox 179 2997 1168 3035; baseline 0.002 -6"><span class='ocrx_word' id='word_1_592' title='bbox 179 2998 286 3029; x_wconf 82' lang='lat' dir='ltr'>nullus</span> <span class='ocrx_word' id='word_1_593' title='bbox 296 2998 467 3030; x_wconf 82' lang='lat' dir='ltr'>concursus</span> <span class='ocrx_word' id='word_1_594' title='bbox 483 2999 569 3029; x_wconf 84' lang='lat' dir='ltr'>intra</span> <span class='ocrx_word' id='word_1_595' title='bbox 578 2997 699 3030; x_wconf 57' lang='lat' dir='ltr'>dicium</span> <span class='ocrx_word' id='word_1_596' title='bbox 710 2999 881 3030; x_wconf 85' lang='lat' dir='ltr'>terminum</span> <span class='ocrx_word' id='word_1_597' title='bbox 906 2999 1033 3030; x_wconf 82' lang='lat' dir='ltr'>habitus</span> <span class='ocrx_word' id='word_1_598' title='bbox 1043 3021 1053 3035; x_wconf 89' lang='lat'>‚</span> <span class='ocrx_word' id='word_1_599' title='bbox 1075 3000 1126 3031; x_wconf 88' lang='lat' dir='ltr'>die</span> <span class='ocrx_word' id='word_1_600' title='bbox 1140 3012 1168 3031; x_wconf 85' lang='lat'>2.</span> 
     </span>
     <span class='ocr_line' id='line_1_70' title="bbox 173 3040 1168 3082; baseline 0.002 -10"><span class='ocrx_word' id='word_1_601' title='bbox 173 3041 304 3081; x_wconf 82' lang='lat' dir='ltr'>Augusti</span> <span class='ocrx_word' id='word_1_602' title='bbox 320 3044 408 3078; x_wconf 74' lang='lat'>1607.</span> <span class='ocrx_word' id='word_1_603' title='bbox 429 3041 459 3073; x_wconf 83' lang='lat' dir='ltr'>S.</span> <span class='ocrx_word' id='word_1_604' title='bbox 481 3040 729 3082; x_wconf 81' lang='lat' dir='ltr'>Congi·.censuit</span> <span class='ocrx_word' id='word_1_605' title='bbox 742 3052 874 3075; x_wconf 88' lang='lat' dir='ltr'>examen</span> <span class='ocrx_word' id='word_1_606' title='bbox 883 3041 999 3073; x_wconf 67' lang='lat' dir='ltr'>facium</span> <span class='ocrx_word' id='word_1_607' title='bbox 1013 3042 1098 3074; x_wconf 86' lang='lat' dir='ltr'>intra</span> <span class='ocrx_word' id='word_1_608' title='bbox 1108 3052 1168 3074; x_wconf 89' lang='lat' dir='ltr'>tei·-</span> 
     </span>
     <span class='ocr_line' id='line_1_71' title="bbox 182 3083 1170 3121; baseline -0.001 -4"><span class='ocrx_word' id='word_1_609' title='bbox 182 3084 309 3117; x_wconf 83' lang='lat' dir='ltr'>minum</span> <span class='ocrx_word' id='word_1_610' title='bbox 317 3083 476 3116; x_wconf 63' lang='lat' dir='ltr'>dictorum</span> <span class='ocrx_word' id='word_1_611' title='bbox 487 3085 597 3118; x_wconf 82' lang='lat' dir='ltr'>decem</span> <span class='ocrx_word' id='word_1_612' title='bbox 608 3088 624 3115; x_wconf 90' lang='lat' dir='ltr'>d</span> <span class='ocrx_word' id='word_1_613' title='bbox 632 3086 728 3116; x_wconf 76' lang='lat' dir='ltr'>ierom</span> <span class='ocrx_word' id='word_1_614' title='bbox 742 3095 807 3117; x_wconf 82' lang='lat' dir='ltr'>non</span> <span class='ocrx_word' id='word_1_615' title='bbox 818 3083 879 3117; x_wconf 85' lang='lat' dir='ltr'>esse</span> <span class='ocrx_word' id='word_1_616' title='bbox 891 3086 1014 3117; x_wconf 87' lang='lat' dir='ltr'>nullum</span> <span class='ocrx_word' id='word_1_617' title='bbox 1025 3107 1035 3121; x_wconf 88' lang='lat'>,</span> <span class='ocrx_word' id='word_1_618' title='bbox 1044 3084 1062 3116; x_wconf 90' lang='lat' dir='ltr'>si</span> <span class='ocrx_word' id='word_1_619' title='bbox 1076 3096 1170 3118; x_wconf 86' lang='lat' dir='ltr'>nemo</span> 
     </span>
     <span class='ocr_line' id='line_1_72' title="bbox 176 3126 1168 3169; baseline 0.003 -12"><span class='ocrx_word' id='word_1_620' title='bbox 176 3126 241 3169; x_wconf 78' lang='lat' dir='ltr'>post</span> <span class='ocrx_word' id='word_1_621' title='bbox 251 3136 382 3159; x_wconf 81' lang='lat' dir='ltr'>examen</span> <span class='ocrx_word' id='word_1_622' title='bbox 391 3128 579 3168; x_wconf 84' lang='lat' dir='ltr'>comparuit,</span> <span class='ocrx_word' id='word_1_623' title='bbox 589 3129 645 3169; x_wconf 84' lang='lat' dir='ltr'>qui</span> <span class='ocrx_word' id='word_1_624' title='bbox 657 3133 683 3159; x_wconf 84' lang='lat' dir='ltr'>le</span> <span class='ocrx_word' id='word_1_625' title='bbox 697 3128 797 3160; x_wconf 76' lang='lat' dir='ltr'>laesum</span> <span class='ocrx_word' id='word_1_626' title='bbox 808 3128 969 3169; x_wconf 76' lang='lat' dir='ltr'>propterea</span> <span class='ocrx_word' id='word_1_627' title='bbox 981 3131 1149 3169; x_wconf 82' lang='lat' dir='ltr'>praetendat</span> <span class='ocrx_word' id='word_1_628' title='bbox 1161 3152 1168 3159; x_wconf 93' lang='lat'><strong>.</strong></span> 
     </span>
    </p>

    <p class='ocr_par' dir='ltr' id='par_1_12' title="bbox 108 3168 1171 3427">
     <span class='ocr_line' id='line_1_73' title="bbox 108 3168 1169 3213; baseline 0.003 -11"><span class='ocrx_word' id='word_1_629' title='bbox 108 3181 150 3213; x_wconf 73' lang='lat'>49</span> <span class='ocrx_word' id='word_1_630' title='bbox 214 3168 334 3202; x_wconf 79' lang='lat' dir='ltr'>Rursus</span> <span class='ocrx_word' id='word_1_631' title='bbox 346 3179 475 3202; x_wconf 80' lang='lat' dir='ltr'>vacante</span> <span class='ocrx_word' id='word_1_632' title='bbox 487 3170 664 3203; x_wconf 74' lang='lat' dir='ltr'>parochiali</span> <span class='ocrx_word' id='word_1_633' title='bbox 684 3171 825 3205; x_wconf 75' lang='lat' dir='ltr'>Ecclesia</span> <span class='ocrx_word' id='word_1_634' title='bbox 833 3171 952 3204; x_wconf 73' lang='lat' dir='ltr'>Sanistae</span> <span class='ocrx_word' id='word_1_635' title='bbox 966 3171 1169 3211; x_wconf 75' lang='lat' dir='ltr'>Margliaritae</span> 
     </span>
     <span class='ocr_line' id='line_1_74' title="bbox 181 3211 1170 3255; baseline 0 -10"><span class='ocrx_word' id='word_1_636' title='bbox 181 3212 373 3246; x_wconf 68' lang='lat' dir='ltr'>Placentinae</span> <span class='ocrx_word' id='word_1_637' title='bbox 384 3211 558 3245; x_wconf 64' lang='lat' dir='ltr'>Provinciae</span> <span class='ocrx_word' id='word_1_638' title='bbox 569 3214 788 3251; x_wconf 72' lang='lat' dir='ltr'>Bononiensis,</span> <span class='ocrx_word' id='word_1_639' title='bbox 800 3215 905 3255; x_wconf 85' lang='lat' dir='ltr'>positis</span> <span class='ocrx_word' id='word_1_640' title='bbox 916 3213 1026 3246; x_wconf 69' lang='lat' dir='ltr'>edic‘kis</span> <span class='ocrx_word' id='word_1_641' title='bbox 1037 3225 1170 3247; x_wconf 86' lang='lat' dir='ltr'>concur-</span> 
     </span>
     <span class='ocr_line' id='line_1_75' title="bbox 177 3255 1171 3301; baseline 0.002 -13"><span class='ocrx_word' id='word_1_642' title='bbox 177 3256 225 3288; x_wconf 87' lang='lat' dir='ltr'>sus</span> <span class='ocrx_word' id='word_1_643' title='bbox 234 3257 343 3289; x_wconf 87' lang='lat' dir='ltr'>decem</span> <span class='ocrx_word' id='word_1_644' title='bbox 353 3255 488 3291; x_wconf 81' lang='lat' dir='ltr'>dierum,</span> <span class='ocrx_word' id='word_1_645' title='bbox 499 3257 531 3288; x_wconf 91' lang='lat' dir='ltr'>in</span> <span class='ocrx_word' id='word_1_646' title='bbox 543 3259 656 3290; x_wconf 90' lang='lat' dir='ltr'>ultima</span> <span class='ocrx_word' id='word_1_647' title='bbox 665 3257 728 3294; x_wconf 80' lang='lat' dir='ltr'>die,</span> <span class='ocrx_word' id='word_1_648' title='bbox 738 3256 849 3301; x_wconf 73' lang='lat' dir='ltr'>nempe</span> <span class='ocrx_word' id='word_1_649' title='bbox 861 3258 1064 3293; x_wconf 81' lang='lat' dir='ltr'>decinia‚duo</span> <span class='ocrx_word' id='word_1_650' title='bbox 1074 3268 1109 3289; x_wconf 85' lang='lat' dir='ltr'>ex</span> <span class='ocrx_word' id='word_1_651' title='bbox 1119 3261 1171 3290; x_wconf 86' lang='lat' dir='ltr'>de-</span> 
     </span>
     <span class='ocr_line' id='line_1_76' title="bbox 177 3297 1170 3341; baseline 0.001 -10"><span class='ocrx_word' id='word_1_652' title='bbox 177 3299 301 3340; x_wconf 81' lang='lat' dir='ltr'>scriptis</span> <span class='ocrx_word' id='word_1_653' title='bbox 312 3297 438 3330; x_wconf 78' lang='lat' dir='ltr'>fuerunt</span> <span class='ocrx_word' id='word_1_654' title='bbox 451 3299 636 3337; x_wconf 83' lang='lat' dir='ltr'>examinati,</span> <span class='ocrx_word' id='word_1_655' title='bbox 648 3301 703 3332; x_wconf 89' lang='lat' dir='ltr'>alii</span> <span class='ocrx_word' id='word_1_656' title='bbox 716 3300 790 3333; x_wconf 76' lang='lat' dir='ltr'>vero</span> <span class='ocrx_word' id='word_1_657' title='bbox 801 3313 910 3333; x_wconf 84' lang='lat' dir='ltr'>omnes</span> <span class='ocrx_word' id='word_1_658' title='bbox 923 3301 985 3341; x_wconf 88' lang='lat' dir='ltr'>post</span> <span class='ocrx_word' id='word_1_659' title='bbox 997 3301 1112 3341; x_wconf 82' lang='lat' dir='ltr'>lapsum</span> <span class='ocrx_word' id='word_1_660' title='bbox 1122 3301 1170 3332; x_wconf 88' lang='lat' dir='ltr'>di-</span> 
     </span>
     <span class='ocr_line' id='line_1_77' title="bbox 179 3341 1170 3386; baseline 0.002 -13"><span class='ocrx_word' id='word_1_661' title='bbox 179 3341 223 3374; x_wconf 71' lang='grc' dir='ltr'>έὶί</span> <span class='ocrx_word' id='word_1_662' title='bbox 234 3341 362 3373; x_wconf 81' lang='lat' dir='ltr'>termini</span> <span class='ocrx_word' id='word_1_663' title='bbox 374 3351 387 3376; x_wconf 85' lang='lat'>,·</span> <span class='ocrx_word' id='word_1_664' title='bbox 396 3342 428 3374; x_wconf 71' lang='grc' dir='ltr'>ὃ(</span> <span class='ocrx_word' id='word_1_665' title='bbox 437 3341 511 3372; x_wconf 81' lang='lat' dir='ltr'>curn</span> <span class='ocrx_word' id='word_1_666' title='bbox 521 3341 613 3374; x_wconf 70' lang='lat' dir='ltr'>fuerit</span> <span class='ocrx_word' id='word_1_667' title='bbox 625 3344 802 3385; x_wconf 65' lang='lat' dir='ltr'>quaesitum,</span> <span class='ocrx_word' id='word_1_668' title='bbox 814 3355 853 3376; x_wconf 84' lang='lat' dir='ltr'>an</span> <span class='ocrx_word' id='word_1_669' title='bbox 864 3344 1024 3386; x_wconf 74' lang='lat' dir='ltr'>propterea</span> <span class='ocrx_word' id='word_1_670' title='bbox 1034 3354 1170 3375; x_wconf 81' lang='lat' dir='ltr'>concur-</span> 
     </span>
     <span class='ocr_line' id='line_1_78' title="bbox 178 3384 1171 3427; baseline 0.001 -10"><span class='ocrx_word' id='word_1_671' title='bbox 178 3385 226 3417; x_wconf 90' lang='lat' dir='ltr'>sus</span> <span class='ocrx_word' id='word_1_672' title='bbox 238 3385 273 3416; x_wconf 84' lang='lat' dir='ltr'>sit</span> <span class='ocrx_word' id='word_1_673' title='bbox 283 3385 388 3416; x_wconf 87' lang='lat' dir='ltr'>nullus</span> <span class='ocrx_word' id='word_1_674' title='bbox 400 3406 410 3419; x_wconf 88' lang='lat'>‚</span> <span class='ocrx_word' id='word_1_675' title='bbox 420 3384 472 3416; x_wconf 90' lang='lat' dir='ltr'>die</span> <span class='ocrx_word' id='word_1_676' title='bbox 489 3394 514 3423; x_wconf 87' lang='lat'>3.</span> <span class='ocrx_word' id='word_1_677' title='bbox 526 3385 601 3425; x_wconf 78' lang='lat' dir='ltr'>Julii</span> <span class='ocrx_word' id='word_1_678' title='bbox 619 3392 709 3418; x_wconf 76' lang='lat'>1608.</span> <span class='ocrx_word' id='word_1_679' title='bbox 721 3387 897 3427; x_wconf 86' lang='lat' dir='ltr'>responsum</span> <span class='ocrx_word' id='word_1_680' title='bbox 910 3387 963 3423; x_wconf 86' lang='lat' dir='ltr'>est,</span> <span class='ocrx_word' id='word_1_681' title='bbox 974 3386 1096 3418; x_wconf 88' lang='lat' dir='ltr'>tametsi</span> <span class='ocrx_word' id='word_1_682' title='bbox 1106 3389 1171 3418; x_wconf 90' lang='lat' dir='ltr'>duo</span> 
     </span>
    </p>

    <p class='ocr_par' dir='ltr' id='par_1_13' title="bbox 15 3427 1171 3512">
     <span class='ocr_line' id='line_1_79' title="bbox 15 3427 1171 3485; baseline 0.002 -25"><span class='ocrx_word' id='word_1_683' title='bbox 15 3439 30 3485; x_wconf 52' lang='lat' dir='ltr'>&#39;fl</span> <span class='ocrx_word' id='word_1_684' title='bbox 177 3428 349 3462; x_wconf 78' lang='lat' dir='ltr'>examinati</span> <span class='ocrx_word' id='word_1_685' title='bbox 362 3427 419 3459; x_wconf 75' lang='lat' dir='ltr'>sint</span> <span class='ocrx_word' id='word_1_686' title='bbox 440 3429 574 3460; x_wconf 76' lang='lat' dir='ltr'>durante</span> <span class='ocrx_word' id='word_1_687' title='bbox 586 3429 727 3460; x_wconf 81' lang='lat' dir='ltr'>termino</span> <span class='ocrx_word' id='word_1_688' title='bbox 735 3452 746 3466; x_wconf 83' lang='lat'>‚</span> <span class='ocrx_word' id='word_1_689' title='bbox 766 3430 787 3461; x_wconf 85' lang='lat' dir='ltr'>si</span> <span class='ocrx_word' id='word_1_690' title='bbox 809 3441 914 3463; x_wconf 82' lang='lat' dir='ltr'>tamen</span> <span class='ocrx_word' id='word_1_691' title='bbox 926 3430 1042 3472; x_wconf 86' lang='lat' dir='ltr'>reliqui</span> <span class='ocrx_word' id='word_1_692' title='bbox 1060 3440 1171 3462; x_wconf 84' lang='lat' dir='ltr'>ornnes</span> 
     </span>
     <span class='ocr_line' id='line_1_80' title="bbox 260 3469 861 3512; baseline 0.003 -10"><span class='ocrx_word' id='word_1_693' title='bbox 260 3470 365 3512; x_wconf 74' lang='lat' dir='ltr'>Prosp.</span> <span class='ocrx_word' id='word_1_694' title='bbox 376 3472 403 3503; x_wconf 80' lang='lat' dir='ltr'><em>F</em></span> <span class='ocrx_word' id='word_1_695' title='bbox 409 3481 520 3510; x_wconf 76' lang='lat' dir='ltr'>agnan.</span> <span class='ocrx_word' id='word_1_696' title='bbox 529 3472 562 3503; x_wconf 88' lang='lat' dir='ltr'>in</span> <span class='ocrx_word' id='word_1_697' title='bbox 571 3473 597 3503; x_wconf 90' lang='lat' dir='ltr'>J.</span> <span class='ocrx_word' id='word_1_698' title='bbox 609 3469 695 3505; x_wconf 36' lang='lat' dir='ltr'>Libri</span> <span class='ocrx_word' id='word_1_699' title='bbox 706 3474 861 3507; x_wconf 74' lang='lat' dir='ltr'>Decretael.</span> 
     </span>
    </p>
   </div>
   <div class='ocr_carea' id='block_1_5' title="bbox 99 413 142 449">
    <p class='ocr_par' dir='ltr' id='par_1_14' title="bbox 99 413 142 449">
     <span class='ocr_line' id='line_1_81' title="bbox 99 413 142 449; baseline 0.023 -1"><span class='ocrx_word' id='word_1_700' title='bbox 99 413 142 449; x_wconf 81' lang='lat'>43</span> 
     </span>
    </p>
   </div>
   <div class='ocr_carea' id='block_1_6' title="bbox 104 1714 145 1747">
    <p class='ocr_par' dir='ltr' id='par_1_15' title="bbox 104 1714 145 1747">
     <span class='ocr_line' id='line_1_82' title="bbox 104 1714 145 1747; baseline -0.024 0"><span class='ocrx_word' id='word_1_701' title='bbox 104 1714 145 1747; x_wconf 80' lang='lat'>45</span> 
     </span>
    </p>
   </div>
   <div class='ocr_carea' id='block_1_7' title="bbox 15 3496 35 3664">
    <p class='ocr_par' dir='ltr' id='par_1_16' title="bbox 15 3496 35 3664">
     <span class='ocr_line' id='line_1_83' title="bbox 15 3496 35 3664; textangle 90"><span class='ocrx_word' id='word_1_702' title='bbox 15 3496 35 3664; x_wconf 42' lang='lat'>:22:43-</span> 
     </span>
    </p>
   </div>
   <div class='ocr_carea' id='block_1_8' title="bbox 2033 33 2134 78">
    <p class='ocr_par' dir='ltr' id='par_1_17' title="bbox 2033 33 2134 78">
     <span class='ocr_line' id='line_1_84' title="bbox 2033 33 2134 78; baseline 0.01 -2"><span class='ocrx_word' id='word_1_703' title='bbox 2033 33 2134 78; x_wconf 81' lang='lat'>437</span> 
     </span>
    </p>
   </div>
   <div class='ocr_carea' id='block_1_9' title="bbox 1192 94 2260 3470">
    <p class='ocr_par' dir='ltr' id='par_1_18' title="bbox 1192 94 2188 302">
     <span class='ocr_line' id='line_1_85' title="bbox 1193 94 2188 137; baseline 0 -9"><span class='ocrx_word' id='word_1_704' title='bbox 1193 96 1312 129; x_wconf 84' lang='lat' dir='ltr'>fuerint</span> <span class='ocrx_word' id='word_1_705' title='bbox 1333 100 1434 137; x_wconf 73' lang='lat' dir='ltr'>postea</span> <span class='ocrx_word' id='word_1_706' title='bbox 1445 96 1732 132; x_wconf 81' lang='lat' dir='ltr'>examinati‚itaut</span> <span class='ocrx_word' id='word_1_707' title='bbox 1752 94 1908 128; x_wconf 70' lang='lat' dir='ltr'>transac&#39;to</span> <span class='ocrx_word' id='word_1_708' title='bbox 1917 94 2092 128; x_wconf 78' lang='lat' dir='ltr'>constituto</span> <span class='ocrx_word' id='word_1_709' title='bbox 2111 106 2188 128; x_wconf 76' lang='lat' dir='ltr'>tcm-</span> 
     </span>
     <span class='ocr_line' id='line_1_86' title="bbox 1192 137 2186 181; baseline 0 -10"><span class='ocrx_word' id='word_1_710' title='bbox 1192 151 1265 181; x_wconf 86' lang='lat' dir='ltr'>pore</span> <span class='ocrx_word' id='word_1_711' title='bbox 1277 150 1350 173; x_wconf 83' lang='lat' dir='ltr'>ante</span> <span class='ocrx_word' id='word_1_712' title='bbox 1360 142 1645 172; x_wconf 79' lang='lat' dir='ltr'>renunciationem</span> <span class='ocrx_word' id='word_1_713' title='bbox 1656 140 1914 171; x_wconf 86' lang='lat' dir='ltr'>examinatorum</span> <span class='ocrx_word' id='word_1_714' title='bbox 1923 161 1933 176; x_wconf 83' lang='lat'>,</span> <span class='ocrx_word' id='word_1_715' title='bbox 1953 141 1985 170; x_wconf 89' lang='lat'>&amp;</span> <span class='ocrx_word' id='word_1_716' title='bbox 1997 137 2186 171; x_wconf 66' lang='lat' dir='ltr'>eleek&#39;ionem</span> 
     </span>
     <span class='ocr_line' id='line_1_87' title="bbox 1193 181 2180 225; baseline -0.002 -11"><span class='ocrx_word' id='word_1_717' title='bbox 1193 184 1452 225; x_wconf 66' lang='lat' dir='ltr'>Epffcopimullus</span> <span class='ocrx_word' id='word_1_718' title='bbox 1463 183 1647 215; x_wconf 83' lang='lat' dir='ltr'>remanserit</span> <span class='ocrx_word' id='word_1_719' title='bbox 1659 193 1724 215; x_wconf 92' lang='lat' dir='ltr'>non</span> <span class='ocrx_word' id='word_1_720' title='bbox 1735 183 1931 215; x_wconf 81' lang='lat' dir='ltr'>examinatus</span> <span class='ocrx_word' id='word_1_721' title='bbox 1942 192 1979 214; x_wconf 87' lang='lat' dir='ltr'>ex</span> <span class='ocrx_word' id='word_1_722' title='bbox 1996 181 2161 221; x_wconf 85' lang='lat' dir='ltr'>descriptis</span> <span class='ocrx_word' id='word_1_723' title='bbox 2170 205 2180 219; x_wconf 88' lang='lat'>‚</span> 
     </span>
     <span class='ocr_line' id='line_1_88' title="bbox 1193 225 2186 264; baseline 0 -6"><span class='ocrx_word' id='word_1_724' title='bbox 1193 226 1384 259; x_wconf 67' lang='lat' dir='ltr'>satisfactum</span> <span class='ocrx_word' id='word_1_725' title='bbox 1396 227 1454 259; x_wconf 78' lang='lat' dir='ltr'>effe</span> <span class='ocrx_word' id='word_1_726' title='bbox 1466 226 1573 258; x_wconf 80' lang='lat' dir='ltr'>sormae</span> <span class='ocrx_word' id='word_1_727' title='bbox 1583 225 1728 258; x_wconf 89' lang='lat' dir='ltr'>Concilii</span> <span class='ocrx_word' id='word_1_728' title='bbox 1739 248 1749 264; x_wconf 91' lang='lat'>,</span> <span class='ocrx_word' id='word_1_729' title='bbox 1770 228 1803 258; x_wconf 88' lang='lat'>&amp;</span> <span class='ocrx_word' id='word_1_730' title='bbox 1813 226 2002 259; x_wconf 89' lang='lat' dir='ltr'>concursum</span> <span class='ocrx_word' id='word_1_731' title='bbox 2013 235 2050 257; x_wconf 85' lang='lat' dir='ltr'>ex</span> <span class='ocrx_word' id='word_1_732' title='bbox 2062 225 2122 257; x_wconf 86' lang='lat' dir='ltr'>hoc</span> <span class='ocrx_word' id='word_1_733' title='bbox 2135 235 2186 258; x_wconf 88' lang='lat' dir='ltr'>ca-</span> 
     </span>
     <span class='ocr_line' id='line_1_89' title="bbox 1214 270 1560 302; baseline -0.006 0"><span class='ocrx_word' id='word_1_734' title='bbox 1214 271 1258 302; x_wconf 88' lang='lat' dir='ltr'>ite</span> <span class='ocrx_word' id='word_1_735' title='bbox 1269 281 1335 301; x_wconf 90' lang='lat' dir='ltr'>nori</span> <span class='ocrx_word' id='word_1_736' title='bbox 1347 270 1407 301; x_wconf 83' lang='lat' dir='ltr'>effe</span> <span class='ocrx_word' id='word_1_737' title='bbox 1419 270 1543 301; x_wconf 82' lang='lat' dir='ltr'>nullum</span> <span class='ocrx_word' id='word_1_738' title='bbox 1552 293 1560 301; x_wconf 92' lang='lat'><strong>.</strong></span> 
     </span>
    </p>

    <p class='ocr_par' dir='ltr' id='par_1_19' title="bbox 1193 311 2250 1219">
     <span class='ocr_line' id='line_1_90' title="bbox 1227 311 2250 354; baseline 0 -11"><span class='ocrx_word' id='word_1_739' title='bbox 1227 311 1366 354; x_wconf 75' lang='lat' dir='ltr'>‘Qiarto</span> <span class='ocrx_word' id='word_1_740' title='bbox 1376 312 1557 353; x_wconf 73' lang='lat' dir='ltr'>QUAERO</span> <span class='ocrx_word' id='word_1_741' title='bbox 1568 334 1578 349; x_wconf 92' lang='lat'>‚</span> <span class='ocrx_word' id='word_1_742' title='bbox 1607 323 1647 344; x_wconf 89' lang='lat' dir='ltr'>an</span> <span class='ocrx_word' id='word_1_743' title='bbox 1660 313 1693 345; x_wconf 92' lang='lat' dir='ltr'>in</span> <span class='ocrx_word' id='word_1_744' title='bbox 1705 314 1860 345; x_wconf 78' lang='lat' dir='ltr'>concursu</span> <span class='ocrx_word' id='word_1_745' title='bbox 1870 311 2064 345; x_wconf 78' lang='lat' dir='ltr'>Parocliialis</span> <span class='ocrx_word' id='word_1_746' title='bbox 2076 311 2186 343; x_wconf 51' lang='lat' dir='ltr'>Eccl&amp;</span> <span class='ocrx_word' id='word_1_747' title='bbox 2209 320 2250 352; x_wconf 80' lang='lat'>50</span> 
     </span>
     <span class='ocr_line' id='line_1_91' title="bbox 1193 355 2186 399; baseline 0 -13"><span class='ocrx_word' id='word_1_748' title='bbox 1193 355 1240 387; x_wconf 83' lang='lat' dir='ltr'>siae</span> <span class='ocrx_word' id='word_1_749' title='bbox 1251 355 1267 386; x_wconf 72' lang='lat' dir='ltr'>a</span> <span class='ocrx_word' id='word_1_750' title='bbox 1280 355 1500 397; x_wconf 82' lang='lat' dir='ltr'>reprobatione</span> <span class='ocrx_word' id='word_1_751' title='bbox 1521 356 1777 388; x_wconf 81' lang='lat' dir='ltr'>examinatorum</span> <span class='ocrx_word' id='word_1_752' title='bbox 1799 356 2007 399; x_wconf 87' lang='lat' dir='ltr'>Synodalium</span> <span class='ocrx_word' id='word_1_753' title='bbox 2028 357 2122 387; x_wconf 75' lang='lat' dir='ltr'>liceat</span> <span class='ocrx_word' id='word_1_754' title='bbox 2137 365 2186 396; x_wconf 89' lang='lat' dir='ltr'>ap-</span> 
     </span>
     <span class='ocr_line' id='line_1_92' title="bbox 1195 398 2186 439; baseline 0.001 -9"><span class='ocrx_word' id='word_1_755' title='bbox 1195 400 1307 439; x_wconf 82' lang='lat' dir='ltr'>pellare</span> <span class='ocrx_word' id='word_1_756' title='bbox 1320 421 1330 435; x_wconf 91' lang='lat'>‚</span> <span class='ocrx_word' id='word_1_757' title='bbox 1349 401 1380 430; x_wconf 84' lang='lat'>&amp;</span> <span class='ocrx_word' id='word_1_758' title='bbox 1393 400 1430 432; x_wconf 85' lang='lat' dir='ltr'>ad</span> <span class='ocrx_word' id='word_1_759' title='bbox 1442 409 1561 430; x_wconf 89' lang='lat' dir='ltr'>novum</span> <span class='ocrx_word' id='word_1_760' title='bbox 1572 410 1704 431; x_wconf 79' lang='lat' dir='ltr'>examen</span> <span class='ocrx_word' id='word_1_761' title='bbox 1725 410 1895 439; x_wconf 83' lang='lat' dir='ltr'>provocare</span> <span class='ocrx_word' id='word_1_762' title='bbox 1907 423 1914 432; x_wconf 93' lang='lat'>.</span> <span class='ocrx_word' id='word_1_763' title='bbox 1937 399 2007 430; x_wconf 87' lang='lat' dir='ltr'>Fuit</span> <span class='ocrx_word' id='word_1_764' title='bbox 2019 399 2035 430; x_wconf 70' lang='lat' dir='ltr'>a</span> <span class='ocrx_word' id='word_1_765' title='bbox 2049 398 2136 431; x_wconf 85' lang='lat' dir='ltr'>Rota</span> <span class='ocrx_word' id='word_1_766' title='bbox 2147 401 2186 431; x_wconf 82' lang='lat' dir='ltr'>ad</span> 
     </span>
     <span class='ocr_line' id='line_1_93' title="bbox 1194 441 2188 482; baseline 0.001 -9"><span class='ocrx_word' id='word_1_767' title='bbox 1194 443 1263 473; x_wconf 78' lang='lat' dir='ltr'>Sac.</span> <span class='ocrx_word' id='word_1_768' title='bbox 1274 441 1347 474; x_wconf 83' lang='lat' dir='ltr'>Con</span> <span class='ocrx_word' id='word_1_769' title='bbox 1350 451 1470 482; x_wconf 72' lang='lat' dir='ltr'>gregat.</span> <span class='ocrx_word' id='word_1_770' title='bbox 1481 441 1625 473; x_wconf 87' lang='lat' dir='ltr'>Concilii</span> <span class='ocrx_word' id='word_1_771' title='bbox 1639 442 1845 474; x_wconf 69' lang='lat' dir='ltr'>transmissum</span> <span class='ocrx_word' id='word_1_772' title='bbox 1856 444 1916 474; x_wconf 86' lang='lat' dir='ltr'>lioc</span> <span class='ocrx_word' id='word_1_773' title='bbox 1927 443 2060 474; x_wconf 88' lang='lat' dir='ltr'>dubium</span> <span class='ocrx_word' id='word_1_774' title='bbox 2072 465 2082 479; x_wconf 93' lang='lat'>‚</span> <span class='ocrx_word' id='word_1_775' title='bbox 2102 442 2188 474; x_wconf 84' lang='lat' dir='ltr'>vide-</span> 
     </span>
     <span class='ocr_line' id='line_1_94' title="bbox 1194 484 2186 527; baseline 0.002 -11"><span class='ocrx_word' id='word_1_776' title='bbox 1194 485 1272 517; x_wconf 90' lang='lat' dir='ltr'>licet</span> <span class='ocrx_word' id='word_1_777' title='bbox 1284 507 1294 521; x_wconf 89' lang='lat'>,</span> <span class='ocrx_word' id='word_1_778' title='bbox 1304 484 1521 525; x_wconf 74' lang='lat' dir='ltr'>Praesuppofira</span> <span class='ocrx_word' id='word_1_779' title='bbox 1531 485 1620 516; x_wconf 76' lang='lat' dir='ltr'>Bulla</span> <span class='ocrx_word' id='word_1_780' title='bbox 1631 484 1662 516; x_wconf 85' lang='lat' dir='ltr'>S.</span> <span class='ocrx_word' id='word_1_781' title='bbox 1675 484 1721 516; x_wconf 87' lang='lat' dir='ltr'>Pii</span> <span class='ocrx_word' id='word_1_782' title='bbox 1734 486 1771 517; x_wconf 92' lang='lat' dir='ltr'>V.</span> <span class='ocrx_word' id='word_1_783' title='bbox 1790 486 1875 526; x_wconf 88' lang='lat' dir='ltr'>super</span> <span class='ocrx_word' id='word_1_784' title='bbox 1886 485 2116 527; x_wconf 86' lang='lat' dir='ltr'>provisionibus</span> <span class='ocrx_word' id='word_1_785' title='bbox 2128 484 2186 518; x_wconf 86' lang='lat' dir='ltr'>Pa-</span> 
     </span>
     <span class='ocr_line' id='line_1_95' title="bbox 1194 527 2185 569; baseline 0 -10"><span class='ocrx_word' id='word_1_786' title='bbox 1194 528 1384 560; x_wconf 84' lang='lat' dir='ltr'>rocliialium</span> <span class='ocrx_word' id='word_1_787' title='bbox 1395 550 1405 564; x_wconf 87' lang='lat'>‚</span> <span class='ocrx_word' id='word_1_788' title='bbox 1416 529 1448 559; x_wconf 89' lang='lat'>&amp;</span> <span class='ocrx_word' id='word_1_789' title='bbox 1459 527 1544 568; x_wconf 79' lang='lat' dir='ltr'>quod</span> <span class='ocrx_word' id='word_1_790' title='bbox 1557 538 1689 559; x_wconf 82' lang='lat' dir='ltr'>vacante</span> <span class='ocrx_word' id='word_1_791' title='bbox 1701 528 1878 561; x_wconf 82' lang='lat' dir='ltr'>Parocliiali</span> <span class='ocrx_word' id='word_1_792' title='bbox 1890 529 2054 565; x_wconf 70' lang='lat' dir='ltr'>Firmanu,</span> <span class='ocrx_word' id='word_1_793' title='bbox 2073 531 2185 569; x_wconf 83' lang='lat' dir='ltr'>dequa</span> 
     </span>
     <span class='ocr_line' id='line_1_96' title="bbox 1195 570 2187 612; baseline 0.001 -9"><span class='ocrx_word' id='word_1_794' title='bbox 1195 572 1299 612; x_wconf 76' lang='lat' dir='ltr'>agitur</span> <span class='ocrx_word' id='word_1_795' title='bbox 1309 593 1319 607; x_wconf 90' lang='lat'>,</span> <span class='ocrx_word' id='word_1_796' title='bbox 1339 572 1371 604; x_wconf 70' lang='grc' dir='ltr'>ὃ(</span> <span class='ocrx_word' id='word_1_797' title='bbox 1380 571 1487 612; x_wconf 79' lang='lat' dir='ltr'>positis</span> <span class='ocrx_word' id='word_1_798' title='bbox 1501 572 1538 601; x_wconf 82' lang='lat' dir='ltr'>:ib</span> <span class='ocrx_word' id='word_1_799' title='bbox 1548 570 1726 602; x_wconf 77' lang='lat' dir='ltr'>Ordinatio</span> <span class='ocrx_word' id='word_1_800' title='bbox 1748 571 1859 603; x_wconf 66' lang='lat' dir='ltr'>edictis</span> <span class='ocrx_word' id='word_1_801' title='bbox 1871 594 1881 608; x_wconf 85' lang='lat'>‚</span> <span class='ocrx_word' id='word_1_802' title='bbox 1910 571 2066 604; x_wconf 84' lang='lat' dir='ltr'>Nicolaus</span> <span class='ocrx_word' id='word_1_803' title='bbox 2078 572 2187 604; x_wconf 80' lang='lat' dir='ltr'>Moie-</span> 
     </span>
     <span class='ocr_line' id='line_1_97' title="bbox 1195 612 2188 650; baseline 0.002 -5"><span class='ocrx_word' id='word_1_804' title='bbox 1195 625 1244 645; x_wconf 86' lang='lat' dir='ltr'>tus</span> <span class='ocrx_word' id='word_1_805' title='bbox 1255 637 1264 650; x_wconf 88' lang='lat'>,</span> <span class='ocrx_word' id='word_1_806' title='bbox 1280 616 1313 648; x_wconf 88' lang='lat'>&amp;</span> <span class='ocrx_word' id='word_1_807' title='bbox 1323 615 1487 646; x_wconf 85' lang='lat' dir='ltr'>Galeatius</span> <span class='ocrx_word' id='word_1_808' title='bbox 1500 613 1641 646; x_wconf 78' lang='lat' dir='ltr'>Reccliia</span> <span class='ocrx_word' id='word_1_809' title='bbox 1652 612 1770 645; x_wconf 85' lang='lat' dir='ltr'>fuerint</span> <span class='ocrx_word' id='word_1_810' title='bbox 1790 616 1827 645; x_wconf 86' lang='lat' dir='ltr'>ab</span> <span class='ocrx_word' id='word_1_811' title='bbox 1839 615 2116 647; x_wconf 83' lang='lat' dir='ltr'>Examinatoribus</span> <span class='ocrx_word' id='word_1_812' title='bbox 2132 617 2188 647; x_wconf 89' lang='lat' dir='ltr'>de-</span> 
     </span>
     <span class='ocr_line' id='line_1_98' title="bbox 1194 656 2188 700; baseline 0.002 -12"><span class='ocrx_word' id='word_1_813' title='bbox 1194 658 1310 698; x_wconf 81' lang='lat' dir='ltr'>putatis</span> <span class='ocrx_word' id='word_1_814' title='bbox 1322 657 1356 689; x_wconf 91' lang='lat' dir='ltr'>in</span> <span class='ocrx_word' id='word_1_815' title='bbox 1365 658 1494 700; x_wconf 82' lang='lat' dir='ltr'>Syriodo</span> <span class='ocrx_word' id='word_1_816' title='bbox 1507 656 1680 698; x_wconf 88' lang='lat' dir='ltr'>Episcopali</span> <span class='ocrx_word' id='word_1_817' title='bbox 1691 657 1864 690; x_wconf 80' lang='lat' dir='ltr'>examinati</span> <span class='ocrx_word' id='word_1_818' title='bbox 1876 680 1885 694; x_wconf 87' lang='lat'>‚</span> <span class='ocrx_word' id='word_1_819' title='bbox 1904 669 2040 699; x_wconf 87' lang='lat' dir='ltr'>quorum</span> <span class='ocrx_word' id='word_1_820' title='bbox 2050 667 2188 700; x_wconf 83' lang='lat' dir='ltr'>quatuor</span> 
     </span>
     <span class='ocr_line' id='line_1_99' title="bbox 1195 700 2186 743; baseline 0.001 -11"><span class='ocrx_word' id='word_1_821' title='bbox 1195 702 1406 741; x_wconf 86' lang='lat' dir='ltr'>approbarunt</span> <span class='ocrx_word' id='word_1_822' title='bbox 1420 700 1592 732; x_wconf 79' lang='lat' dir='ltr'>Nicolaum</span> <span class='ocrx_word' id='word_1_823' title='bbox 1604 722 1614 737; x_wconf 90' lang='lat'>‚</span> <span class='ocrx_word' id='word_1_824' title='bbox 1636 702 1667 732; x_wconf 64' lang='grc' dir='ltr'>ὃ(</span> <span class='ocrx_word' id='word_1_825' title='bbox 1678 701 1820 741; x_wconf 82' lang='lat' dir='ltr'>quinque</span> <span class='ocrx_word' id='word_1_826' title='bbox 1830 701 2034 736; x_wconf 81' lang='lat' dir='ltr'>Galcatium,·</span> <span class='ocrx_word' id='word_1_827' title='bbox 2055 705 2087 734; x_wconf 71' lang='grc' dir='ltr'>ὃς</span> <span class='ocrx_word' id='word_1_828' title='bbox 2098 701 2186 743; x_wconf 75' lang='lat' dir='ltr'>quod</span> 
     </span>
     <span class='ocr_line' id='line_1_100' title="bbox 1194 742 2188 786; baseline 0.001 -10"><span class='ocrx_word' id='word_1_829' title='bbox 1194 744 1384 776; x_wconf 86' lang='lat' dir='ltr'>Ordinarius</span> <span class='ocrx_word' id='word_1_830' title='bbox 1406 743 1524 776; x_wconf 73' lang='lat' dir='ltr'>diCtam</span> <span class='ocrx_word' id='word_1_831' title='bbox 1535 742 1752 775; x_wconf 73' lang='lat' dir='ltr'>parochialem</span> <span class='ocrx_word' id='word_1_832' title='bbox 1762 744 1912 776; x_wconf 77' lang='lat' dir='ltr'>Galeatio</span> <span class='ocrx_word' id='word_1_833' title='bbox 1922 745 2116 782; x_wconf 82' lang='lat' dir='ltr'>contulerit,</span> <span class='ocrx_word' id='word_1_834' title='bbox 2131 745 2188 786; x_wconf 87' lang='lat' dir='ltr'>qui</span> 
     </span>
     <span class='ocr_line' id='line_1_101' title="bbox 1195 786 2189 829; baseline 0.001 -10"><span class='ocrx_word' id='word_1_835' title='bbox 1195 788 1280 819; x_wconf 88' lang='lat' dir='ltr'>illius</span> <span class='ocrx_word' id='word_1_836' title='bbox 1290 787 1505 829; x_wconf 72' lang='lat' dir='ltr'>possessionem</span> <span class='ocrx_word' id='word_1_837' title='bbox 1515 789 1642 828; x_wconf 76' lang='lat' dir='ltr'>adeptus</span> <span class='ocrx_word' id='word_1_838' title='bbox 1653 786 1713 818; x_wconf 89' lang='lat' dir='ltr'>fuit</span> <span class='ocrx_word' id='word_1_839' title='bbox 1725 809 1736 824; x_wconf 87' lang='lat'>,</span> <span class='ocrx_word' id='word_1_840' title='bbox 1756 787 1965 828; x_wconf 78' lang='lat' dir='ltr'>appellatione</span> <span class='ocrx_word' id='word_1_841' title='bbox 1988 787 2071 820; x_wconf 84' lang='lat' dir='ltr'>infra</span> <span class='ocrx_word' id='word_1_842' title='bbox 2083 789 2189 829; x_wconf 77' lang='lat' dir='ltr'>legiti-</span> 
     </span>
     <span class='ocr_line' id='line_1_102' title="bbox 1194 830 2191 872; baseline 0.001 -10"><span class='ocrx_word' id='word_1_843' title='bbox 1194 842 1245 863; x_wconf 85' lang='lat' dir='ltr'>ma</span> <span class='ocrx_word' id='word_1_844' title='bbox 1257 841 1398 872; x_wconf 87' lang='lat' dir='ltr'>tempora</span> <span class='ocrx_word' id='word_1_845' title='bbox 1417 830 1550 863; x_wconf 83' lang='lat' dir='ltr'>Nicolai</span> <span class='ocrx_word' id='word_1_846' title='bbox 1571 832 1610 862; x_wconf 86' lang='lat' dir='ltr'>ab</span> <span class='ocrx_word' id='word_1_847' title='bbox 1631 831 1832 862; x_wconf 85' lang='lat' dir='ltr'>irrevocabili</span> <span class='ocrx_word' id='word_1_848' title='bbox 1851 831 1975 872; x_wconf 84' lang='lat' dir='ltr'>judicio</span> <span class='ocrx_word' id='word_1_849' title='bbox 1995 832 2191 863; x_wconf 83' lang='lat' dir='ltr'>examinato·</span> 
     </span>
     <span class='ocr_line' id='line_1_103' title="bbox 1195 873 2190 915; baseline 0 -10"><span class='ocrx_word' id='word_1_850' title='bbox 1195 884 1283 911; x_wconf 89' lang='lat' dir='ltr'>rum,</span> <span class='ocrx_word' id='word_1_851' title='bbox 1303 876 1335 907; x_wconf 69' lang='grc' dir='ltr'>δε</span> <span class='ocrx_word' id='word_1_852' title='bbox 1347 874 1361 905; x_wconf 63' lang='lat' dir='ltr'>Ji</span> <span class='ocrx_word' id='word_1_853' title='bbox 1374 874 1549 915; x_wconf 68' lang='lat' dir='ltr'>provisione</span> <span class='ocrx_word' id='word_1_854' title='bbox 1560 874 1729 906; x_wconf 79' lang='lat' dir='ltr'>Ordinarii</span> <span class='ocrx_word' id='word_1_855' title='bbox 1741 873 1925 914; x_wconf 87' lang='lat' dir='ltr'>interposita</span> <span class='ocrx_word' id='word_1_856' title='bbox 1945 884 2054 906; x_wconf 84' lang='lat' dir='ltr'>coram</span> <span class='ocrx_word' id='word_1_857' title='bbox 2065 874 2190 915; x_wconf 89' lang='lat' dir='ltr'>quibus-</span> 
     </span>
     <span class='ocr_line' id='line_1_104' title="bbox 1196 915 2191 957; baseline 0.002 -8"><span class='ocrx_word' id='word_1_858' title='bbox 1196 919 1266 949; x_wconf 86' lang='lat' dir='ltr'>dam</span> <span class='ocrx_word' id='word_1_859' title='bbox 1280 917 1458 951; x_wconf 77' lang='lat' dir='ltr'>Canonicis</span> <span class='ocrx_word' id='word_1_860' title='bbox 1468 917 1737 950; x_wconf 55' lang='lat' dir='ltr'>Macer-arentibus</span> <span class='ocrx_word' id='word_1_861' title='bbox 1750 928 1758 953; x_wconf 75' lang='lat'><em>3</em></span> <span class='ocrx_word' id='word_1_862' title='bbox 1769 919 1801 950; x_wconf 64' lang='grc' dir='ltr'>ὃς</span> <span class='ocrx_word' id='word_1_863' title='bbox 1813 915 1899 957; x_wconf 78' lang='lat' dir='ltr'>quod</span> <span class='ocrx_word' id='word_1_864' title='bbox 1910 919 1950 949; x_wconf 89' lang='lat' dir='ltr'>de</span> <span class='ocrx_word' id='word_1_865' title='bbox 1961 919 2113 949; x_wconf 83' lang='lat' dir='ltr'>mandato</span> <span class='ocrx_word' id='word_1_866' title='bbox 2124 916 2191 951; x_wconf 78' lang='lat' dir='ltr'>Do-</span> 
     </span>
     <span class='ocr_line' id='line_1_105' title="bbox 1195 958 2192 994; baseline -0.001 -1"><span class='ocrx_word' id='word_1_867' title='bbox 1195 961 1355 994; x_wconf 75' lang='lat' dir='ltr'>minorum</span> <span class='ocrx_word' id='word_1_868' title='bbox 1374 962 1457 993; x_wconf 87' lang='lat' dir='ltr'>idem</span> <span class='ocrx_word' id='word_1_869' title='bbox 1467 961 1631 992; x_wconf 80' lang='lat' dir='ltr'>Galearius</span> <span class='ocrx_word' id='word_1_870' title='bbox 1652 960 1747 993; x_wconf 83' lang='lat' dir='ltr'>fuerit</span> <span class='ocrx_word' id='word_1_871' title='bbox 1768 962 1807 992; x_wconf 83' lang='lat' dir='ltr'>ab</span> <span class='ocrx_word' id='word_1_872' title='bbox 1827 960 2104 992; x_wconf 77' lang='lat' dir='ltr'>Examinatoribus</span> <span class='ocrx_word' id='word_1_873' title='bbox 2126 958 2192 992; x_wconf 87' lang='lat' dir='ltr'>Ur-</span> 
     </span>
     <span class='ocr_line' id='line_1_106' title="bbox 1196 1003 2189 1045; baseline 0 -9"><span class='ocrx_word' id='word_1_874' title='bbox 1196 1004 1242 1036; x_wconf 89' lang='lat' dir='ltr'>bis</span> <span class='ocrx_word' id='word_1_875' title='bbox 1254 1027 1264 1040; x_wconf 82' lang='lat'>,</span> <span class='ocrx_word' id='word_1_876' title='bbox 1293 1015 1359 1036; x_wconf 88' lang='lat' dir='ltr'>non</span> <span class='ocrx_word' id='word_1_877' title='bbox 1379 1015 1485 1036; x_wconf 81' lang='lat' dir='ltr'>tamen</span> <span class='ocrx_word' id='word_1_878' title='bbox 1507 1004 1539 1034; x_wconf 88' lang='lat' dir='ltr'>iri</span> <span class='ocrx_word' id='word_1_879' title='bbox 1560 1004 1715 1035; x_wconf 86' lang='lat' dir='ltr'>concursu</span> <span class='ocrx_word' id='word_1_880' title='bbox 1735 1003 1933 1036; x_wconf 86' lang='lat' dir='ltr'>examinatus</span> <span class='ocrx_word' id='word_1_881' title='bbox 1947 1026 1958 1040; x_wconf 81' lang='lat'>,</span> <span class='ocrx_word' id='word_1_882' title='bbox 1986 1005 2019 1036; x_wconf 87' lang='lat'>&amp;</span> <span class='ocrx_word' id='word_1_883' title='bbox 2041 1004 2189 1045; x_wconf 76' lang='lat' dir='ltr'>approba-</span> 
     </span>
     <span class='ocr_line' id='line_1_107' title="bbox 1196 1046 2192 1088; baseline -0.001 -9"><span class='ocrx_word' id='word_1_884' title='bbox 1196 1058 1244 1079; x_wconf 87' lang='lat' dir='ltr'>tus</span> <span class='ocrx_word' id='word_1_885' title='bbox 1256 1061 1266 1077; x_wconf 85' lang='lat'><em>:</em></span> <span class='ocrx_word' id='word_1_886' title='bbox 1288 1058 1327 1080; x_wconf 81' lang='lat' dir='ltr'>an</span> <span class='ocrx_word' id='word_1_887' title='bbox 1347 1047 1441 1079; x_wconf 73' lang='lat' dir='ltr'>hodie</span> <span class='ocrx_word' id='word_1_888' title='bbox 1462 1046 1619 1079; x_wconf 84' lang='lat' dir='ltr'>Nicolaus</span> <span class='ocrx_word' id='word_1_889' title='bbox 1641 1046 1731 1088; x_wconf 80' lang='lat' dir='ltr'>poilit</span> <span class='ocrx_word' id='word_1_890' title='bbox 1755 1057 1926 1088; x_wconf 80' lang='lat' dir='ltr'>provocare</span> <span class='ocrx_word' id='word_1_891' title='bbox 1946 1047 2132 1079; x_wconf 76' lang='lat' dir='ltr'>Galeatium</span> <span class='ocrx_word' id='word_1_892' title='bbox 2152 1049 2192 1079; x_wconf 86' lang='lat' dir='ltr'>ad</span> 
     </span>
     <span class='ocr_line' id='line_1_108' title="bbox 1196 1090 2192 1132; baseline 0 -10"><span class='ocrx_word' id='word_1_893' title='bbox 1196 1102 1314 1122; x_wconf 78' lang='lat' dir='ltr'>novum</span> <span class='ocrx_word' id='word_1_894' title='bbox 1335 1102 1465 1123; x_wconf 82' lang='lat' dir='ltr'>examen</span> <span class='ocrx_word' id='word_1_895' title='bbox 1476 1113 1485 1126; x_wconf 90' lang='lat'>‚</span> <span class='ocrx_word' id='word_1_896' title='bbox 1507 1093 1538 1121; x_wconf 62' lang='grc' dir='ltr'>ὃς</span> <span class='ocrx_word' id='word_1_897' title='bbox 1560 1091 1692 1123; x_wconf 83' lang='lat' dir='ltr'>interim</span> <span class='ocrx_word' id='word_1_898' title='bbox 1712 1090 1746 1122; x_wconf 84' lang='lat' dir='ltr'>fit</span> <span class='ocrx_word' id='word_1_899' title='bbox 1768 1092 1982 1122; x_wconf 84' lang='lat' dir='ltr'>revocandum</span> <span class='ocrx_word' id='word_1_900' title='bbox 2002 1090 2192 1132; x_wconf 80' lang='lat' dir='ltr'>sequestrum</span> 
     </span>
     <span class='ocr_line' id='line_1_109' title="bbox 1196 1133 2195 1175; baseline 0.001 -10"><span class='ocrx_word' id='word_1_901' title='bbox 1196 1135 1369 1175; x_wconf 84' lang='lat' dir='ltr'>appositum</span> <span class='ocrx_word' id='word_1_902' title='bbox 1379 1139 1464 1175; x_wconf 80' lang='lat' dir='ltr'>super</span> <span class='ocrx_word' id='word_1_903' title='bbox 1477 1133 1754 1175; x_wconf 81' lang='lat' dir='ltr'>Parocliiali,quia</span> <span class='ocrx_word' id='word_1_904' title='bbox 1764 1134 1929 1166; x_wconf 81' lang='lat' dir='ltr'>Galeatius</span> <span class='ocrx_word' id='word_1_905' title='bbox 1941 1135 2067 1167; x_wconf 83' lang='lat' dir='ltr'>nolebat</span> <span class='ocrx_word' id='word_1_906' title='bbox 2079 1133 2107 1166; x_wconf 89' lang='lat' dir='ltr'>sc</span> <span class='ocrx_word' id='word_1_907' title='bbox 2119 1144 2195 1166; x_wconf 63' lang='lat' dir='ltr'>exa«</span> 
     </span>
     <span class='ocr_line' id='line_1_110' title="bbox 1196 1177 1462 1219; baseline -0.004 -10"><span class='ocrx_word' id='word_1_908' title='bbox 1196 1177 1277 1209; x_wconf 89' lang='lat' dir='ltr'>mini</span> <span class='ocrx_word' id='word_1_909' title='bbox 1289 1178 1442 1219; x_wconf 77' lang='lat' dir='ltr'>subjicere</span> <span class='ocrx_word' id='word_1_910' title='bbox 1455 1201 1462 1208; x_wconf 94' lang='lat'>.</span> 
     </span>
    </p>

    <p class='ocr_par' dir='ltr' id='par_1_20' title="bbox 1195 1219 2258 1739">
     <span class='ocr_line' id='line_1_111' title="bbox 1239 1219 2193 1261; baseline -0.001 -9"><span class='ocrx_word' id='word_1_911' title='bbox 1239 1220 1299 1252; x_wconf 72' lang='lat' dir='ltr'>l&#39;ro</span> <span class='ocrx_word' id='word_1_912' title='bbox 1319 1221 1476 1253; x_wconf 87' lang='lat' dir='ltr'>solutione</span> <span class='ocrx_word' id='word_1_913' title='bbox 1496 1220 1678 1261; x_wconf 76' lang='lat' dir='ltr'>quaeslionis</span> <span class='ocrx_word' id='word_1_914' title='bbox 1698 1219 1771 1261; x_wconf 25' lang='lat' dir='ltr'>sat-is</span> <span class='ocrx_word' id='word_1_915' title='bbox 1797 1221 1857 1252; x_wconf 84' lang='lat' dir='ltr'>erit</span> <span class='ocrx_word' id='word_1_916' title='bbox 1888 1220 2002 1254; x_wconf 82' lang='lat' dir='ltr'>referre</span> <span class='ocrx_word' id='word_1_917' title='bbox 2020 1220 2193 1252; x_wconf 83' lang='lat' dir='ltr'>discursum</span> 
     </span>
     <span class='ocr_line' id='line_1_112' title="bbox 1195 1263 2194 1307; baseline 0 -11"><span class='ocrx_word' id='word_1_918' title='bbox 1195 1275 1294 1296; x_wconf 81' lang='lat' dir='ltr'>manu</span> <span class='ocrx_word' id='word_1_919' title='bbox 1304 1263 1489 1299; x_wconf 81' lang='lat' dir='ltr'>Cardinalis</span> <span class='ocrx_word' id='word_1_920' title='bbox 1501 1263 1621 1296; x_wconf 83' lang='lat' dir='ltr'>Alciati</span> <span class='ocrx_word' id='word_1_921' title='bbox 1631 1274 1793 1295; x_wconf 82' lang='lat' dir='ltr'>exaratum</span> <span class='ocrx_word' id='word_1_922' title='bbox 1805 1286 1814 1300; x_wconf 81' lang='lat'>‚</span> <span class='ocrx_word' id='word_1_923' title='bbox 1824 1264 1881 1305; x_wconf 83' lang='lat' dir='ltr'>qui</span> <span class='ocrx_word' id='word_1_924' title='bbox 1891 1264 1932 1295; x_wconf 81' lang='lat' dir='ltr'>est</span> <span class='ocrx_word' id='word_1_925' title='bbox 1944 1264 2119 1307; x_wconf 81' lang='lat' dir='ltr'>hujusmodi</span> <span class='ocrx_word' id='word_1_926' title='bbox 2131 1286 2139 1300; x_wconf 87' lang='lat'>‚</span> <span class='ocrx_word' id='word_1_927' title='bbox 2149 1263 2194 1296; x_wconf 86' lang='lat' dir='ltr'>vi-</span> 
     </span>
     <span class='ocr_line' id='line_1_113' title="bbox 1196 1306 2191 1348; baseline 0 -9"><span class='ocrx_word' id='word_1_928' title='bbox 1196 1309 1335 1341; x_wconf 84' lang='lat' dir='ltr'>delicet:</span> <span class='ocrx_word' id='word_1_929' title='bbox 1358 1307 1444 1339; x_wconf 85' lang='lat' dir='ltr'>Tota</span> <span class='ocrx_word' id='word_1_930' title='bbox 1462 1306 1591 1348; x_wconf 69' lang='lat' dir='ltr'>quaestio</span> <span class='ocrx_word' id='word_1_931' title='bbox 1611 1307 1652 1338; x_wconf 84' lang='lat' dir='ltr'>est</span> <span class='ocrx_word' id='word_1_932' title='bbox 1664 1329 1675 1343; x_wconf 83' lang='lat'>,</span> <span class='ocrx_word' id='word_1_933' title='bbox 1703 1318 1742 1339; x_wconf 78' lang='lat' dir='ltr'>an</span> <span class='ocrx_word' id='word_1_934' title='bbox 1765 1317 1883 1338; x_wconf 89' lang='lat' dir='ltr'>novum</span> <span class='ocrx_word' id='word_1_935' title='bbox 1909 1318 2040 1339; x_wconf 81' lang='lat' dir='ltr'>examen</span> <span class='ocrx_word' id='word_1_936' title='bbox 2062 1307 2096 1339; x_wconf 87' lang='lat' dir='ltr'>sit</span> <span class='ocrx_word' id='word_1_937' title='bbox 2119 1317 2191 1339; x_wconf 89' lang='lat' dir='ltr'>cum</span> 
     </span>
     <span class='ocr_line' id='line_1_114' title="bbox 1197 1349 2192 1391; baseline -0.001 -8"><span class='ocrx_word' id='word_1_938' title='bbox 1197 1351 1352 1385; x_wconf 82' lang='lat' dir='ltr'>concursu</span> <span class='ocrx_word' id='word_1_939' title='bbox 1364 1350 1547 1383; x_wconf 84' lang='lat' dir='ltr'>faciendum</span> <span class='ocrx_word' id='word_1_940' title='bbox 1561 1373 1571 1387; x_wconf 86' lang='lat'><strong>‚</strong></span> <span class='ocrx_word' id='word_1_941' title='bbox 1591 1351 1637 1381; x_wconf 87' lang='lat' dir='ltr'>vel</span> <span class='ocrx_word' id='word_1_942' title='bbox 1651 1350 1736 1383; x_wconf 65' lang='lat' dir='ltr'>sine.</span> <span class='ocrx_word' id='word_1_943' title='bbox 1757 1350 1804 1382; x_wconf 82' lang='lat' dir='ltr'>Ita</span> <span class='ocrx_word' id='word_1_944' title='bbox 1821 1350 1955 1382; x_wconf 81' lang='lat' dir='ltr'>dubium</span> <span class='ocrx_word' id='word_1_945' title='bbox 1965 1349 2076 1387; x_wconf 60' lang='lat' dir='ltr'>Rome,</span> <span class='ocrx_word' id='word_1_946' title='bbox 2100 1360 2192 1391; x_wconf 87' lang='lat' dir='ltr'>prout</span> 
     </span>
     <span class='ocr_line' id='line_1_115' title="bbox 1196 1392 2191 1435; baseline -0.001 -9"><span class='ocrx_word' id='word_1_947' title='bbox 1196 1405 1329 1435; x_wconf 87' lang='lat' dir='ltr'>utraque</span> <span class='ocrx_word' id='word_1_948' title='bbox 1342 1405 1410 1435; x_wconf 84' lang='lat' dir='ltr'>pars</span> <span class='ocrx_word' id='word_1_949' title='bbox 1421 1394 1630 1426; x_wconf 86' lang='lat' dir='ltr'>concorditer</span> <span class='ocrx_word' id='word_1_950' title='bbox 1643 1392 1768 1429; x_wconf 78' lang='lat' dir='ltr'>attulit,</span> <span class='ocrx_word' id='word_1_951' title='bbox 1788 1395 1819 1425; x_wconf 67' lang='grc' dir='ltr'>ὃ(</span> <span class='ocrx_word' id='word_1_952' title='bbox 1830 1393 1912 1425; x_wconf 86' lang='lat' dir='ltr'>hunc</span> <span class='ocrx_word' id='word_1_953' title='bbox 1927 1398 2063 1427; x_wconf 87' lang='lat' dir='ltr'>tendunt</span> <span class='ocrx_word' id='word_1_954' title='bbox 2077 1395 2191 1433; x_wconf 74' lang='lat' dir='ltr'>allega-</span> 
     </span>
     <span class='ocr_line' id='line_1_116' title="bbox 1197 1435 2194 1478; baseline -0.002 -8"><span class='ocrx_word' id='word_1_955' title='bbox 1197 1440 1301 1470; x_wconf 84' lang='lat' dir='ltr'>tiones</span> <span class='ocrx_word' id='word_1_956' title='bbox 1313 1437 1475 1478; x_wconf 81' lang='lat' dir='ltr'>utriusque</span> <span class='ocrx_word' id='word_1_957' title='bbox 1485 1437 1592 1477; x_wconf 85' lang='lat' dir='ltr'>partis.</span> <span class='ocrx_word' id='word_1_958' title='bbox 1609 1436 1659 1468; x_wconf 86' lang='lat' dir='ltr'>An</span> <span class='ocrx_word' id='word_1_959' title='bbox 1679 1435 1754 1471; x_wconf 78' lang='lat' dir='ltr'>vcro</span> <span class='ocrx_word' id='word_1_960' title='bbox 1766 1437 1968 1477; x_wconf 85' lang='lat' dir='ltr'>potiierir,vel</span> <span class='ocrx_word' id='word_1_961' title='bbox 1979 1447 2043 1468; x_wconf 86' lang='lat' dir='ltr'>non</span> <span class='ocrx_word' id='word_1_962' title='bbox 2056 1437 2194 1478; x_wconf 86' lang='lat' dir='ltr'>potuerit</span> 
     </span>
     <span class='ocr_line' id='line_1_117' title="bbox 1198 1480 2194 1522; baseline -0.003 -8"><span class='ocrx_word' id='word_1_963' title='bbox 1198 1482 1349 1522; x_wconf 80' lang='lat' dir='ltr'>appellare</span> <span class='ocrx_word' id='word_1_964' title='bbox 1361 1504 1369 1517; x_wconf 88' lang='lat'>,</span> <span class='ocrx_word' id='word_1_965' title='bbox 1392 1491 1492 1522; x_wconf 86' lang='lat' dir='ltr'>neque</span> <span class='ocrx_word' id='word_1_966' title='bbox 1506 1480 1590 1512; x_wconf 76' lang='lat' dir='ltr'>Rota</span> <span class='ocrx_word' id='word_1_967' title='bbox 1601 1480 1743 1516; x_wconf 85' lang='lat' dir='ltr'>dubitat,</span> <span class='ocrx_word' id='word_1_968' title='bbox 1755 1490 1857 1521; x_wconf 84' lang='lat' dir='ltr'>neque</span> <span class='ocrx_word' id='word_1_969' title='bbox 1865 1480 2194 1522; x_wconf 83' lang='lat' dir='ltr'>partesprincipalitet·</span> 
     </span>
     <span class='ocr_line' id='line_1_118' title="bbox 1196 1522 2191 1565; baseline -0.003 -8"><span class='ocrx_word' id='word_1_970' title='bbox 1196 1534 1455 1560; x_wconf 85' lang='lat' dir='ltr'>controvertunt,</span> <span class='ocrx_word' id='word_1_971' title='bbox 1466 1523 1542 1555; x_wconf 76' lang='lat' dir='ltr'>licet</span> <span class='ocrx_word' id='word_1_972' title='bbox 1555 1523 1661 1565; x_wconf 85' lang='lat' dir='ltr'>aliqua</span> <span class='ocrx_word' id='word_1_973' title='bbox 1672 1524 1785 1564; x_wconf 75' lang='lat' dir='ltr'>alleget</span> <span class='ocrx_word' id='word_1_974' title='bbox 1796 1523 1961 1556; x_wconf 86' lang='lat' dir='ltr'>Galeatius</span> <span class='ocrx_word' id='word_1_975' title='bbox 1979 1526 2014 1556; x_wconf 83' lang='lat' dir='ltr'>ad</span> <span class='ocrx_word' id='word_1_976' title='bbox 2036 1522 2191 1555; x_wconf 77' lang='lat' dir='ltr'>subterfu-</span> 
     </span>
     <span class='ocr_line' id='line_1_119' title="bbox 1197 1566 2192 1609; baseline -0.002 -9"><span class='ocrx_word' id='word_1_977' title='bbox 1197 1569 1349 1609; x_wconf 83' lang='lat' dir='ltr'>giendum</span> <span class='ocrx_word' id='word_1_978' title='bbox 1360 1578 1491 1599; x_wconf 82' lang='lat' dir='ltr'>examen</span> <span class='ocrx_word' id='word_1_979' title='bbox 1504 1577 1556 1608; x_wconf 86' lang='lat' dir='ltr'>per</span> <span class='ocrx_word' id='word_1_980' title='bbox 1568 1566 1758 1598; x_wconf 87' lang='lat' dir='ltr'>concursum</span> <span class='ocrx_word' id='word_1_981' title='bbox 1771 1590 1778 1598; x_wconf 95' lang='lat'><strong><em>.</em></strong></span> <span class='ocrx_word' id='word_1_982' title='bbox 1800 1566 1857 1599; x_wconf 90' lang='lat' dir='ltr'>Sed</span> <span class='ocrx_word' id='word_1_983' title='bbox 1866 1566 1951 1608; x_wconf 79' lang='lat' dir='ltr'>quod</span> <span class='ocrx_word' id='word_1_984' title='bbox 1964 1567 2032 1608; x_wconf 83' lang='lat' dir='ltr'>jure</span> <span class='ocrx_word' id='word_1_985' title='bbox 2052 1566 2192 1608; x_wconf 87' lang='lat' dir='ltr'>potuerit</span> 
     </span>
     <span class='ocr_line' id='line_1_120' title="bbox 1199 1610 2195 1653; baseline -0.001 -10"><span class='ocrx_word' id='word_1_986' title='bbox 1199 1613 1363 1653; x_wconf 76' lang='lat' dir='ltr'>appellare,</span> <span class='ocrx_word' id='word_1_987' title='bbox 1375 1621 1472 1652; x_wconf 86' lang='lat' dir='ltr'>patet,</span> <span class='ocrx_word' id='word_1_988' title='bbox 1483 1611 1559 1651; x_wconf 81' lang='lat' dir='ltr'>quia</span> <span class='ocrx_word' id='word_1_989' title='bbox 1569 1610 1725 1642; x_wconf 86' lang='lat' dir='ltr'>Nicolaus</span> <span class='ocrx_word' id='word_1_990' title='bbox 1735 1610 1836 1641; x_wconf 89' lang='lat' dir='ltr'>voluit</span> <span class='ocrx_word' id='word_1_991' title='bbox 1851 1610 2026 1651; x_wconf 84' lang='lat' dir='ltr'>improbare</span> <span class='ocrx_word' id='word_1_992' title='bbox 2037 1610 2195 1653; x_wconf 86' lang='lat' dir='ltr'>judicium</span> 
     </span>
     <span class='ocr_line' id='line_1_121' title="bbox 1199 1653 2195 1695; baseline -0.002 -8"><span class='ocrx_word' id='word_1_993' title='bbox 1199 1655 1471 1690; x_wconf 74' lang='lat' dir='ltr'>examinatorum,</span> <span class='ocrx_word' id='word_1_994' title='bbox 1502 1664 1593 1695; x_wconf 84' lang='lat' dir='ltr'>prout</span> <span class='ocrx_word' id='word_1_995' title='bbox 1614 1654 1648 1685; x_wconf 87' lang='lat' dir='ltr'>in</span> <span class='ocrx_word' id='word_1_996' title='bbox 1669 1653 1879 1686; x_wconf 74' lang='lat' dir='ltr'>instrumento</span> <span class='ocrx_word' id='word_1_997' title='bbox 1899 1654 2119 1695; x_wconf 79' lang='lat' dir='ltr'>appellationis</span> <span class='ocrx_word' id='word_1_998' title='bbox 2131 1677 2142 1690; x_wconf 84' lang='lat'>‚</span> <span class='ocrx_word' id='word_1_999' title='bbox 2162 1655 2195 1686; x_wconf 77' lang='grc' dir='ltr'>δε</span> 
     </span>
     <span class='ocr_line' id='line_1_122' title="bbox 1199 1696 2258 1739; baseline -0.002 -8"><span class='ocrx_word' id='word_1_1000' title='bbox 1199 1709 1275 1731; x_wconf 87' lang='lat' dir='ltr'>tunc</span> <span class='ocrx_word' id='word_1_1001' title='bbox 1288 1700 1408 1731; x_wconf 79' lang='lat' dir='ltr'>clarum</span> <span class='ocrx_word' id='word_1_1002' title='bbox 1419 1720 1428 1734; x_wconf 86' lang='lat'>‚</span> <span class='ocrx_word' id='word_1_1003' title='bbox 1439 1697 1524 1738; x_wconf 83' lang='lat' dir='ltr'>quod</span> <span class='ocrx_word' id='word_1_1004' title='bbox 1534 1697 1637 1738; x_wconf 86' lang='lat' dir='ltr'>potuit</span> <span class='ocrx_word' id='word_1_1005' title='bbox 1650 1697 1802 1738; x_wconf 84' lang='lat' dir='ltr'>appellare</span> <span class='ocrx_word' id='word_1_1006' title='bbox 1813 1719 1822 1733; x_wconf 86' lang='lat'><strong>‚</strong></span> <span class='ocrx_word' id='word_1_1007' title='bbox 1840 1707 1877 1729; x_wconf 84' lang='lat' dir='ltr'>ex</span> <span class='ocrx_word' id='word_1_1008' title='bbox 1889 1698 1990 1732; x_wconf 84' lang='lat' dir='ltr'>verbis</span> <span class='ocrx_word' id='word_1_1009' title='bbox 2001 1698 2096 1729; x_wconf 82' lang='lat' dir='ltr'>claris</span> <span class='ocrx_word' id='word_1_1010' title='bbox 2107 1696 2194 1729; x_wconf 91' lang='lat' dir='ltr'>Con·</span> <span class='ocrx_word' id='word_1_1011' title='bbox 2217 1700 2258 1739; x_wconf 66' lang='lat'>521</span> 
     </span>
    </p>

    <p class='ocr_par' dir='ltr' id='par_1_21' title="bbox 1200 1739 2260 3428">
     <span class='ocr_line' id='line_1_123' title="bbox 1200 1739 2194 1784; baseline -0.002 -10"><span class='ocrx_word' id='word_1_1012' title='bbox 1200 1753 1214 1774; x_wconf 87' lang='lat' dir='ltr'>c</span> <span class='ocrx_word' id='word_1_1013' title='bbox 1223 1743 1268 1774; x_wconf 91' lang='lat' dir='ltr'>ilii</span> <span class='ocrx_word' id='word_1_1014' title='bbox 1280 1741 1309 1773; x_wconf 88' lang='lat' dir='ltr'>d.</span> <span class='ocrx_word' id='word_1_1015' title='bbox 1321 1753 1345 1774; x_wconf 86' lang='lat' dir='ltr'>c.</span> <span class='ocrx_word' id='word_1_1016' title='bbox 1356 1752 1363 1772; x_wconf 86' lang='lat'>1</span> <span class='ocrx_word' id='word_1_1017' title='bbox 1373 1740 1483 1781; x_wconf 63' lang='lat' dir='ltr'>&amp;verſs</span> <span class='ocrx_word' id='word_1_1018' title='bbox 1496 1743 1530 1772; x_wconf 80' lang='lat' dir='ltr'>ln</span> <span class='ocrx_word' id='word_1_1019' title='bbox 1542 1739 1870 1781; x_wconf 59' lang='lat' dir='ltr'>omnibussupradi‘ffls</span> <span class='ocrx_word' id='word_1_1020' title='bbox 1881 1740 1997 1784; x_wconf 75' lang='lat' dir='ltr'>cafibus</span> <span class='ocrx_word' id='word_1_1021' title='bbox 2006 1740 2092 1777; x_wconf 38' lang='lat' dir='ltr'>‚ibiff</span> <span class='ocrx_word' id='word_1_1022' title='bbox 2107 1743 2194 1773; x_wconf 80' lang='lat' dir='ltr'>Exa-</span> 
     </span>
     <span class='ocr_line' id='line_1_124' title="bbox 1201 1784 2194 1825; baseline -0.001 -8"><span class='ocrx_word' id='word_1_1023' title='bbox 1201 1789 1284 1817; x_wconf 75' lang='lat' dir='ltr'>mina</span> <span class='ocrx_word' id='word_1_1024' title='bbox 1292 1793 1388 1816; x_wconf 74' lang='lat' dir='ltr'>torum</span> <span class='ocrx_word' id='word_1_1025' title='bbox 1406 1785 1584 1816; x_wconf 55' lang='lat' dir='ltr'>relationem</span> <span class='ocrx_word' id='word_1_1026' title='bbox 1604 1785 1773 1825; x_wconf 77' lang='lat' dir='ltr'>appellatio</span> <span class='ocrx_word' id='word_1_1027' title='bbox 1783 1805 1793 1820; x_wconf 89' lang='lat'>,</span> <span class='ocrx_word' id='word_1_1028' title='bbox 1821 1785 1884 1816; x_wconf 62' lang='lat' dir='ltr'>&amp;a</span> <span class='ocrx_word' id='word_1_1029' title='bbox 1906 1784 1985 1816; x_wconf 90' lang='lat' dir='ltr'>Non</span> <span class='ocrx_word' id='word_1_1030' title='bbox 2006 1784 2148 1817; x_wconf 80' lang='lat' dir='ltr'>obstante</span> <span class='ocrx_word' id='word_1_1031' title='bbox 2168 1796 2194 1817; x_wconf 87' lang='lat' dir='ltr'>c.</span> 
     </span>
     <span class='ocr_line' id='line_1_125' title="bbox 1201 1826 2194 1870; baseline 0 -10"><span class='ocrx_word' id='word_1_1032' title='bbox 1201 1828 1381 1870; x_wconf 50' lang='lat' dir='ltr'>Constituti&amp;</span> <span class='ocrx_word' id='word_1_1033' title='bbox 1399 1827 1436 1859; x_wconf 86' lang='lat' dir='ltr'>de</span> <span class='ocrx_word' id='word_1_1034' title='bbox 1454 1839 1473 1858; x_wconf 84' lang='lat' dir='ltr'>a</span> <span class='ocrx_word' id='word_1_1035' title='bbox 1477 1837 1494 1868; x_wconf 80' lang='lat' dir='ltr'>p</span> <span class='ocrx_word' id='word_1_1036' title='bbox 1497 1828 1603 1868; x_wconf 70' lang='lat' dir='ltr'>pellat.</span> <span class='ocrx_word' id='word_1_1037' title='bbox 1633 1829 1718 1868; x_wconf 88' lang='lat' dir='ltr'>quod</span> <span class='ocrx_word' id='word_1_1038' title='bbox 1741 1826 1930 1860; x_wconf 89' lang='lat' dir='ltr'>Concilium</span> <span class='ocrx_word' id='word_1_1039' title='bbox 1952 1828 1985 1859; x_wconf 89' lang='lat' dir='ltr'>in</span> <span class='ocrx_word' id='word_1_1040' title='bbox 2006 1829 2065 1859; x_wconf 88' lang='lat' dir='ltr'>hoc</span> <span class='ocrx_word' id='word_1_1041' title='bbox 2087 1838 2194 1861; x_wconf 86' lang='lat' dir='ltr'>corre-</span> 
     </span>
     <span class='ocr_line' id='line_1_126' title="bbox 1201 1871 2195 1913; baseline -0.001 -9"><span class='ocrx_word' id='word_1_1042' title='bbox 1201 1874 1246 1904; x_wconf 70' lang='lat' dir='ltr'>xit</span> <span class='ocrx_word' id='word_1_1043' title='bbox 1259 1895 1268 1908; x_wconf 80' lang='lat'>,</span> <span class='ocrx_word' id='word_1_1044' title='bbox 1287 1873 1363 1913; x_wconf 82' lang='lat' dir='ltr'>quia</span> <span class='ocrx_word' id='word_1_1045' title='bbox 1388 1871 1489 1902; x_wconf 81' lang='lat' dir='ltr'>voluit</span> <span class='ocrx_word' id='word_1_1046' title='bbox 1512 1871 1612 1911; x_wconf 81' lang='lat' dir='ltr'>magis</span> <span class='ocrx_word' id='word_1_1047' title='bbox 1635 1871 1786 1903; x_wconf 87' lang='lat' dir='ltr'>idoneum</span> <span class='ocrx_word' id='word_1_1048' title='bbox 1797 1894 1804 1902; x_wconf 94' lang='lat'><strong><em>.</em></strong></span> <span class='ocrx_word' id='word_1_1049' title='bbox 1831 1871 1872 1903; x_wconf 85' lang='lat' dir='ltr'>Ar</span> <span class='ocrx_word' id='word_1_1050' title='bbox 1893 1872 1994 1903; x_wconf 89' lang='lat' dir='ltr'>voluit</span> <span class='ocrx_word' id='word_1_1051' title='bbox 2016 1872 2195 1912; x_wconf 86' lang='lat' dir='ltr'>improbare</span> 
     </span>
     <span class='ocr_line' id='line_1_127' title="bbox 1204 1913 2198 1958; baseline -0.002 -10"><span class='ocrx_word' id='word_1_1052' title='bbox 1204 1916 1356 1958; x_wconf 86' lang='lat' dir='ltr'>judicium</span> <span class='ocrx_word' id='word_1_1053' title='bbox 1368 1913 1529 1956; x_wconf 84' lang='lat' dir='ltr'>Episcopi.</span> <span class='ocrx_word' id='word_1_1054' title='bbox 1541 1913 1640 1957; x_wconf 81' lang='lat' dir='ltr'>Qiod</span> <span class='ocrx_word' id='word_1_1055' title='bbox 1653 1925 1737 1955; x_wconf 82' lang='lat' dir='ltr'>patet</span> <span class='ocrx_word' id='word_1_1056' title='bbox 1748 1925 1784 1946; x_wconf 86' lang='lat' dir='ltr'>ex</span> <span class='ocrx_word' id='word_1_1057' title='bbox 1796 1914 2004 1948; x_wconf 81' lang='lat' dir='ltr'>instrumento</span> <span class='ocrx_word' id='word_1_1058' title='bbox 2016 1915 2198 1956; x_wconf 82' lang='lat' dir='ltr'>appellatio-</span> 
     </span>
     <span class='ocr_line' id='line_1_128' title="bbox 1203 1957 2195 1999; baseline -0.001 -8"><span class='ocrx_word' id='word_1_1059' title='bbox 1203 1961 1252 1992; x_wconf 83' lang='lat' dir='ltr'>nis</span> <span class='ocrx_word' id='word_1_1060' title='bbox 1264 1982 1273 1995; x_wconf 92' lang='lat'>‚</span> <span class='ocrx_word' id='word_1_1061' title='bbox 1287 1960 1328 1991; x_wconf 91' lang='lat' dir='ltr'>ibi</span> <span class='ocrx_word' id='word_1_1062' title='bbox 1342 1983 1350 1996; x_wconf 94' lang='lat'>,</span> <span class='ocrx_word' id='word_1_1063' title='bbox 1371 1961 1420 1992; x_wconf 87' lang='lat' dir='ltr'>De</span> <span class='ocrx_word' id='word_1_1064' title='bbox 1429 1959 1512 1990; x_wconf 64' lang='lat' dir='ltr'>disin</span> <span class='ocrx_word' id='word_1_1065' title='bbox 1524 1959 1684 1991; x_wconf 67' lang='lat' dir='ltr'>collatione</span> <span class='ocrx_word' id='word_1_1066' title='bbox 1699 1969 1705 1986; x_wconf 90' lang='lat'>:</span> <span class='ocrx_word' id='word_1_1067' title='bbox 1727 1961 1759 1990; x_wconf 72' lang='grc' dir='ltr'>ὃ(</span> <span class='ocrx_word' id='word_1_1068' title='bbox 1779 1958 1824 1990; x_wconf 79' lang='lat' dir='ltr'>ita</span> <span class='ocrx_word' id='word_1_1069' title='bbox 1844 1957 1932 1990; x_wconf 84' lang='lat' dir='ltr'>Rota</span> <span class='ocrx_word' id='word_1_1070' title='bbox 1953 1958 2089 1994; x_wconf 82' lang='lat' dir='ltr'>fatetur,</span> <span class='ocrx_word' id='word_1_1071' title='bbox 2109 1958 2195 1999; x_wconf 62' lang='lat' dir='ltr'>quod</span> 
     </span>
     <span class='ocr_line' id='line_1_129' title="bbox 1203 2001 2197 2047; baseline -0.002 -13"><span class='ocrx_word' id='word_1_1072' title='bbox 1203 2003 1368 2044; x_wconf 77' lang='lat' dir='ltr'>appellavit</span> <span class='ocrx_word' id='word_1_1073' title='bbox 1395 2001 1412 2034; x_wconf 75' lang='grc' dir='ltr'>ὲ</span> <span class='ocrx_word' id='word_1_1074' title='bbox 1431 2001 1556 2047; x_wconf 90' lang='lat' dir='ltr'>judicio</span> <span class='ocrx_word' id='word_1_1075' title='bbox 1574 2001 1736 2045; x_wconf 87' lang='lat' dir='ltr'>Episcopi.</span> <span class='ocrx_word' id='word_1_1076' title='bbox 1760 2001 1799 2033; x_wconf 87' lang='lat' dir='ltr'>Et</span> <span class='ocrx_word' id='word_1_1077' title='bbox 1819 2012 1896 2033; x_wconf 91' lang='lat' dir='ltr'>tunc</span> <span class='ocrx_word' id='word_1_1078' title='bbox 1917 2001 2021 2043; x_wconf 86' lang='lat' dir='ltr'>potuit</span> <span class='ocrx_word' id='word_1_1079' title='bbox 2043 2003 2197 2042; x_wconf 82' lang='lat' dir='ltr'>appellare</span> 
     </span>
     <span class='ocr_line' id='line_1_130' title="bbox 1202 2045 2198 2087; baseline -0.001 -9"><span class='ocrx_word' id='word_1_1080' title='bbox 1202 2058 1266 2079; x_wconf 90' lang='lat' dir='ltr'>non</span> <span class='ocrx_word' id='word_1_1081' title='bbox 1280 2058 1315 2078; x_wconf 82' lang='lat' dir='ltr'>ex</span> <span class='ocrx_word' id='word_1_1082' title='bbox 1326 2046 1482 2078; x_wconf 85' lang='lat' dir='ltr'>Concilio</span> <span class='ocrx_word' id='word_1_1083' title='bbox 1493 2047 1594 2087; x_wconf 87' lang='lat' dir='ltr'>‚quod</span> <span class='ocrx_word' id='word_1_1084' title='bbox 1609 2046 1638 2077; x_wconf 85' lang='lat' dir='ltr'>id</span> <span class='ocrx_word' id='word_1_1085' title='bbox 1652 2056 1716 2076; x_wconf 90' lang='lat' dir='ltr'>non</span> <span class='ocrx_word' id='word_1_1086' title='bbox 1729 2045 1908 2085; x_wconf 72' lang='lat' dir='ltr'>permisill‘et</span> <span class='ocrx_word' id='word_1_1087' title='bbox 1921 2068 1931 2082; x_wconf 90' lang='lat'>‚</span> <span class='ocrx_word' id='word_1_1088' title='bbox 1951 2045 1998 2077; x_wconf 85' lang='lat' dir='ltr'>sed</span> <span class='ocrx_word' id='word_1_1089' title='bbox 2009 2056 2043 2076; x_wconf 76' lang='lat' dir='ltr'>ex</span> <span class='ocrx_word' id='word_1_1090' title='bbox 2060 2045 2146 2076; x_wconf 67' lang='lat' dir='ltr'>Bulla</span> <span class='ocrx_word' id='word_1_1091' title='bbox 2165 2045 2198 2077; x_wconf 65' lang='grc'>8,</span> 
     </span>
     <span class='ocr_line' id='line_1_131' title="bbox 1204 2088 2198 2130; baseline -0.002 -9"><span class='ocrx_word' id='word_1_1092' title='bbox 1204 2091 1249 2121; x_wconf 88' lang='lat' dir='ltr'>l’ii</span> <span class='ocrx_word' id='word_1_1093' title='bbox 1264 2090 1498 2130; x_wconf 78' lang='lat' dir='ltr'>V.vcrs.P0fflm</span> <span class='ocrx_word' id='word_1_1094' title='bbox 1510 2092 1535 2120; x_wconf 80' lang='lat' dir='ltr'>ii</span> <span class='ocrx_word' id='word_1_1095' title='bbox 1547 2093 1595 2127; x_wconf 51' lang='lat' dir='ltr'>qui*</span> <span class='ocrx_word' id='word_1_1096' title='bbox 1606 2088 1843 2130; x_wconf 61' lang='lat' dir='ltr'>rejcc‘lifucrint.</span> <span class='ocrx_word' id='word_1_1097' title='bbox 1856 2089 1893 2120; x_wconf 90' lang='lat' dir='ltr'>Et</span> <span class='ocrx_word' id='word_1_1098' title='bbox 1909 2089 1951 2120; x_wconf 80' lang='lat' dir='ltr'>ita</span> <span class='ocrx_word' id='word_1_1099' title='bbox 1965 2088 2133 2129; x_wconf 69' lang='lat' dir='ltr'>appellatio</span> <span class='ocrx_word' id='word_1_1100' title='bbox 2145 2092 2198 2119; x_wconf 86' lang='lat' dir='ltr'>ad-</span> 
     </span>
     <span class='ocr_line' id='line_1_132' title="bbox 1202 2131 2199 2175; baseline -0.002 -10"><span class='ocrx_word' id='word_1_1101' title='bbox 1202 2134 1291 2166; x_wconf 80' lang='lat' dir='ltr'>missa</span> <span class='ocrx_word' id='word_1_1102' title='bbox 1302 2133 1362 2165; x_wconf 72' lang='lat' dir='ltr'>fuit</span> <span class='ocrx_word' id='word_1_1103' title='bbox 1376 2156 1383 2168; x_wconf 90' lang='lat'>,</span> <span class='ocrx_word' id='word_1_1104' title='bbox 1403 2137 1434 2165; x_wconf 66' lang='grc' dir='ltr'>δέ</span> <span class='ocrx_word' id='word_1_1105' title='bbox 1453 2143 1505 2173; x_wconf 89' lang='lat' dir='ltr'>per</span> <span class='ocrx_word' id='word_1_1106' title='bbox 1523 2132 1713 2172; x_wconf 73' lang='lat' dir='ltr'>lignaturam</span> <span class='ocrx_word' id='word_1_1107' title='bbox 1734 2132 1895 2163; x_wconf 77' lang='lat' dir='ltr'>commissa</span> <span class='ocrx_word' id='word_1_1108' title='bbox 1919 2131 2010 2163; x_wconf 68' lang='lat' dir='ltr'>Rom·</span> <span class='ocrx_word' id='word_1_1109' title='bbox 2022 2155 2030 2168; x_wconf 87' lang='lat'>,</span> <span class='ocrx_word' id='word_1_1110' title='bbox 2047 2133 2083 2175; x_wconf 52' lang='grc' dir='ltr'>,δέ</span> <span class='ocrx_word' id='word_1_1111' title='bbox 2105 2134 2142 2163; x_wconf 66' lang='lat' dir='ltr'>ilc</span> <span class='ocrx_word' id='word_1_1112' title='bbox 2162 2143 2199 2163; x_wconf 78' lang='lat' dir='ltr'>ea</span> 
     </span>
     <span class='ocr_line' id='line_1_133' title="bbox 1205 2175 2198 2212; baseline -0.002 -4"><span class='ocrx_word' id='word_1_1113' title='bbox 1205 2177 1290 2208; x_wconf 79' lang='lat' dir='ltr'>Rota</span> <span class='ocrx_word' id='word_1_1114' title='bbox 1303 2187 1368 2208; x_wconf 90' lang='lat' dir='ltr'>non</span> <span class='ocrx_word' id='word_1_1115' title='bbox 1379 2177 1503 2207; x_wconf 81' lang='lat' dir='ltr'>dubitat</span> <span class='ocrx_word' id='word_1_1116' title='bbox 1515 2198 1525 2212; x_wconf 89' lang='lat'>,</span> <span class='ocrx_word' id='word_1_1117' title='bbox 1550 2175 1598 2207; x_wconf 89' lang='lat' dir='ltr'>sed</span> <span class='ocrx_word' id='word_1_1118' title='bbox 1611 2178 1648 2207; x_wconf 87' lang='lat' dir='ltr'>de</span> <span class='ocrx_word' id='word_1_1119' title='bbox 1660 2175 1815 2206; x_wconf 83' lang='lat' dir='ltr'>concursu</span> <span class='ocrx_word' id='word_1_1120' title='bbox 1827 2199 1837 2206; x_wconf 85' lang='grc'><strong>.</strong></span> <span class='ocrx_word' id='word_1_1121' title='bbox 1859 2175 1943 2206; x_wconf 76' lang='lat' dir='ltr'>Rota</span> <span class='ocrx_word' id='word_1_1122' title='bbox 1957 2187 2012 2206; x_wconf 72' lang='lat' dir='ltr'>nos</span> <span class='ocrx_word' id='word_1_1123' title='bbox 2036 2175 2198 2206; x_wconf 77' lang='lat' dir='ltr'>consuluit</span> 
     </span>
     <span class='ocr_line' id='line_1_134' title="bbox 1203 2218 2197 2261; baseline -0.001 -11"><span class='ocrx_word' id='word_1_1124' title='bbox 1203 2230 1327 2261; x_wconf 80' lang='lat' dir='ltr'>propter</span> <span class='ocrx_word' id='word_1_1125' title='bbox 1339 2219 1527 2250; x_wconf 87' lang='lat' dir='ltr'>concursum</span> <span class='ocrx_word' id='word_1_1126' title='bbox 1540 2242 1548 2249; x_wconf 91' lang='lat'><strong>.</strong></span> <span class='ocrx_word' id='word_1_1127' title='bbox 1573 2218 1645 2250; x_wconf 76' lang='lat' dir='ltr'>Ideo</span> <span class='ocrx_word' id='word_1_1128' title='bbox 1657 2218 1905 2259; x_wconf 87' lang='lat' dir='ltr'>respondendum</span> <span class='ocrx_word' id='word_1_1129' title='bbox 1918 2221 1954 2250; x_wconf 81' lang='lat' dir='ltr'>:id</span> <span class='ocrx_word' id='word_1_1130' title='bbox 1980 2220 2175 2259; x_wconf 80' lang='lat' dir='ltr'>interrogata</span> <span class='ocrx_word' id='word_1_1131' title='bbox 2188 2242 2197 2248; x_wconf 84' lang='lat'>.</span> 
     </span>
     <span class='ocr_line' id='line_1_135' title="bbox 1204 2261 2198 2304; baseline -0.002 -10"><span class='ocrx_word' id='word_1_1132' title='bbox 1204 2264 1303 2304; x_wconf 75' lang='lat' dir='ltr'>Igitur</span> <span class='ocrx_word' id='word_1_1133' title='bbox 1315 2264 1572 2294; x_wconf 85' lang='lat' dir='ltr'>concludendum</span> <span class='ocrx_word' id='word_1_1134' title='bbox 1583 2265 1684 2302; x_wconf 74' lang='lat' dir='ltr'>‚quod</span> <span class='ocrx_word' id='word_1_1135' title='bbox 1698 2261 1854 2293; x_wconf 79' lang='lat' dir='ltr'>Nicolaus</span> <span class='ocrx_word' id='word_1_1136' title='bbox 1865 2262 1967 2301; x_wconf 77' lang='lat' dir='ltr'>potuit</span> <span class='ocrx_word' id='word_1_1137' title='bbox 1981 2262 2133 2302; x_wconf 81' lang='lat' dir='ltr'>appellare</span> <span class='ocrx_word' id='word_1_1138' title='bbox 2144 2284 2153 2298; x_wconf 91' lang='lat'>,</span> <span class='ocrx_word' id='word_1_1139' title='bbox 2165 2263 2198 2293; x_wconf 74' lang='grc' dir='ltr'>δε</span> 
     </span>
     <span class='ocr_line' id='line_1_136' title="bbox 1202 2304 2195 2350; baseline -0.003 -12"><span class='ocrx_word' id='word_1_1140' title='bbox 1202 2319 1218 2338; x_wconf 75' lang='lat' dir='ltr'>a</span> <span class='ocrx_word' id='word_1_1141' title='bbox 1230 2307 1352 2350; x_wconf 82' lang='lat' dir='ltr'>judicio</span> <span class='ocrx_word' id='word_1_1142' title='bbox 1365 2306 1641 2340; x_wconf 71' lang='lat' dir='ltr'>examinatorum,</span> <span class='ocrx_word' id='word_1_1143' title='bbox 1662 2306 1693 2336; x_wconf 83' lang='lat'><strong>&amp;</strong></span> <span class='ocrx_word' id='word_1_1144' title='bbox 1705 2304 1721 2336; x_wconf 70' lang='lat' dir='ltr'>a</span> <span class='ocrx_word' id='word_1_1145' title='bbox 1732 2305 1856 2346; x_wconf 78' lang='lat' dir='ltr'>judicio</span> <span class='ocrx_word' id='word_1_1146' title='bbox 1868 2305 2009 2345; x_wconf 73' lang='lat' dir='ltr'>Episcopi</span> <span class='ocrx_word' id='word_1_1147' title='bbox 2021 2328 2030 2341; x_wconf 61' lang='lat'><strong>7</strong></span> <span class='ocrx_word' id='word_1_1148' title='bbox 2041 2315 2132 2345; x_wconf 89' lang='lat' dir='ltr'>prout</span> <span class='ocrx_word' id='word_1_1149' title='bbox 2145 2316 2195 2346; x_wconf 80' lang='lat' dir='ltr'>ap-</span> 
     </span>
     <span class='ocr_line' id='line_1_137' title="bbox 1203 2348 2198 2392; baseline -0.001 -11"><span class='ocrx_word' id='word_1_1150' title='bbox 1203 2350 1331 2392; x_wconf 67' lang='lat' dir='ltr'>pellavit</span> <span class='ocrx_word' id='word_1_1151' title='bbox 1344 2373 1351 2380; x_wconf 96' lang='lat'>.</span> <span class='ocrx_word' id='word_1_1152' title='bbox 1374 2348 1497 2381; x_wconf 77' lang='lat' dir='ltr'>Etcum</span> <span class='ocrx_word' id='word_1_1153' title='bbox 1513 2350 1551 2380; x_wconf 82' lang='lat' dir='ltr'>ab</span> <span class='ocrx_word' id='word_1_1154' title='bbox 1562 2348 1927 2389; x_wconf 65' lang='lat' dir='ltr'>Epii‘copoappeil.ivei·ic</span> <span class='ocrx_word' id='word_1_1155' title='bbox 1939 2370 1947 2384; x_wconf 80' lang='grc'><strong>,</strong></span> <span class='ocrx_word' id='word_1_1156' title='bbox 1961 2349 2057 2384; x_wconf 74' lang='lat' dir='ltr'>intrat</span> <span class='ocrx_word' id='word_1_1157' title='bbox 2068 2348 2156 2379; x_wconf 85' lang='lat' dir='ltr'>Bulla</span> <span class='ocrx_word' id='word_1_1158' title='bbox 2166 2348 2198 2380; x_wconf 82' lang='lat' dir='ltr'>S.</span> 
     </span>
     <span class='ocr_line' id='line_1_138' title="bbox 1205 2389 2199 2434; baseline -0.003 -9"><span class='ocrx_word' id='word_1_1159' title='bbox 1205 2393 1253 2425; x_wconf 84' lang='lat' dir='ltr'>Pii</span> <span class='ocrx_word' id='word_1_1160' title='bbox 1264 2393 1304 2425; x_wconf 91' lang='lat' dir='ltr'>V.</span> <span class='ocrx_word' id='word_1_1161' title='bbox 1316 2404 1383 2434; x_wconf 73' lang='lat' dir='ltr'>qua:</span> <span class='ocrx_word' id='word_1_1162' title='bbox 1395 2393 1461 2424; x_wconf 81' lang='lat' dir='ltr'>vult</span> <span class='ocrx_word' id='word_1_1163' title='bbox 1474 2403 1606 2424; x_wconf 84' lang='lat' dir='ltr'>examen</span> <span class='ocrx_word' id='word_1_1164' title='bbox 1617 2391 1866 2432; x_wconf 82' lang='lat' dir='ltr'>perconcui·suiii</span> <span class='ocrx_word' id='word_1_1165' title='bbox 1885 2389 2013 2424; x_wconf 63' lang='lat' dir='ltr'>,Solum</span> <span class='ocrx_word' id='word_1_1166' title='bbox 2027 2393 2062 2424; x_wconf 76' lang='lat' dir='ltr'>ad</span> <span class='ocrx_word' id='word_1_1167' title='bbox 2077 2391 2199 2423; x_wconf 83' lang='lat' dir='ltr'>Bullam</span> 
     </span>
     <span class='ocr_line' id='line_1_139' title="bbox 1205 2434 2200 2478; baseline -0.004 -9"><span class='ocrx_word' id='word_1_1168' title='bbox 1205 2437 1407 2478; x_wconf 86' lang='lat' dir='ltr'>respondetur</span> <span class='ocrx_word' id='word_1_1169' title='bbox 1418 2459 1427 2472; x_wconf 83' lang='lat'>‚</span> <span class='ocrx_word' id='word_1_1170' title='bbox 1445 2436 1531 2477; x_wconf 77' lang='lat' dir='ltr'>quod</span> <span class='ocrx_word' id='word_1_1171' title='bbox 1541 2435 1632 2466; x_wconf 79' lang='lat' dir='ltr'>liabet</span> <span class='ocrx_word' id='word_1_1172' title='bbox 1654 2436 1758 2466; x_wconf 88' lang='lat' dir='ltr'>locum</span> <span class='ocrx_word' id='word_1_1173' title='bbox 1770 2457 1778 2470; x_wconf 94' lang='lat'>‚</span> <span class='ocrx_word' id='word_1_1174' title='bbox 1799 2436 1928 2474; x_wconf 82' lang='lat' dir='ltr'>quando</span> <span class='ocrx_word' id='word_1_1175' title='bbox 1953 2434 2117 2476; x_wconf 81' lang='lat' dir='ltr'>Episcopus</span> <span class='ocrx_word' id='word_1_1176' title='bbox 2139 2434 2200 2466; x_wconf 81' lang='lat' dir='ltr'>mi-</span> 
     </span>
     <span class='ocr_line' id='line_1_140' title="bbox 1206 2477 2200 2519; baseline -0.004 -7"><span class='ocrx_word' id='word_1_1177' title='bbox 1206 2482 1264 2512; x_wconf 85' lang='lat' dir='ltr'>nus</span> <span class='ocrx_word' id='word_1_1178' title='bbox 1275 2480 1410 2512; x_wconf 81' lang='lat' dir='ltr'>habilem</span> <span class='ocrx_word' id='word_1_1179' title='bbox 1424 2478 1605 2519; x_wconf 77' lang='lat' dir='ltr'>posthabitis</span> <span class='ocrx_word' id='word_1_1180' title='bbox 1617 2478 1716 2518; x_wconf 80' lang='lat' dir='ltr'>magis</span> <span class='ocrx_word' id='word_1_1181' title='bbox 1728 2478 1850 2509; x_wconf 80' lang='lat' dir='ltr'>idoneis</span> <span class='ocrx_word' id='word_1_1182' title='bbox 1862 2477 1992 2517; x_wconf 84' lang='lat' dir='ltr'>elegerit</span> <span class='ocrx_word' id='word_1_1183' title='bbox 2004 2501 2012 2508; x_wconf 91' lang='lat'><em>.</em></span> <span class='ocrx_word' id='word_1_1184' title='bbox 2024 2477 2080 2509; x_wconf 78' lang='lat' dir='ltr'>Sed</span> <span class='ocrx_word' id='word_1_1185' title='bbox 2094 2479 2126 2512; x_wconf 82' lang='lat' dir='ltr'>in</span> <span class='ocrx_word' id='word_1_1186' title='bbox 2143 2477 2200 2516; x_wconf 75' lang='lat' dir='ltr'>isto</span> 
     </span>
     <span class='ocr_line' id='line_1_141' title="bbox 1205 2520 2199 2563; baseline -0.004 -8"><span class='ocrx_word' id='word_1_1187' title='bbox 1205 2523 1276 2555; x_wconf 84' lang='lat' dir='ltr'>casu</span> <span class='ocrx_word' id='word_1_1188' title='bbox 1289 2523 1413 2554; x_wconf 85' lang='lat' dir='ltr'>viderur</span> <span class='ocrx_word' id='word_1_1189' title='bbox 1424 2521 1600 2562; x_wconf 77' lang='lat' dir='ltr'>&#39;Episcopus</span> <span class='ocrx_word' id='word_1_1190' title='bbox 1620 2520 1744 2560; x_wconf 77' lang='lat' dir='ltr'>elegisse</span> <span class='ocrx_word' id='word_1_1191' title='bbox 1764 2520 1865 2560; x_wconf 72' lang='lat' dir='ltr'>magis</span> <span class='ocrx_word' id='word_1_1192' title='bbox 1887 2520 2037 2552; x_wconf 73' lang='lat' dir='ltr'>idoneum</span> <span class='ocrx_word' id='word_1_1193' title='bbox 2049 2543 2060 2556; x_wconf 69' lang='lat'>⁷</span> <span class='ocrx_word' id='word_1_1194' title='bbox 2077 2531 2112 2552; x_wconf 78' lang='lat' dir='ltr'>ex</span> <span class='ocrx_word' id='word_1_1195' title='bbox 2133 2531 2199 2563; x_wconf 83' lang='lat' dir='ltr'>quo</span> 
     </span>
     <span class='ocr_line' id='line_1_142' title="bbox 1206 2563 2198 2607; baseline -0.003 -8"><span class='ocrx_word' id='word_1_1196' title='bbox 1206 2567 1302 2607; x_wconf 77' lang='lat' dir='ltr'>elegit</span> <span class='ocrx_word' id='word_1_1197' title='bbox 1313 2577 1396 2602; x_wconf 86' lang='lat' dir='ltr'>euin,</span> <span class='ocrx_word' id='word_1_1198' title='bbox 1405 2565 1566 2606; x_wconf 71' lang='lat' dir='ltr'>quiquinq</span> <span class='ocrx_word' id='word_1_1199' title='bbox 1575 2575 1664 2597; x_wconf 70' lang='lat' dir='ltr'>:vota</span> <span class='ocrx_word' id='word_1_1200' title='bbox 1672 2563 1996 2604; x_wconf 76' lang='lat' dir='ltr'>liabebat,postliabito</span> <span class='ocrx_word' id='word_1_1201' title='bbox 2007 2574 2100 2605; x_wconf 64' lang='lat' dir='ltr'>quu</span> <span class='ocrx_word' id='word_1_1202' title='bbox 2107 2564 2119 2595; x_wconf 84' lang='lat' dir='ltr'>i·</span> <span class='ocrx_word' id='word_1_1203' title='bbox 2128 2574 2198 2596; x_wconf 86' lang='lat' dir='ltr'>tan-</span> 
     </span>
     <span class='ocr_line' id='line_1_143' title="bbox 1207 2606 2260 2650; baseline -0.003 -8"><span class='ocrx_word' id='word_1_1204' title='bbox 1207 2611 1276 2642; x_wconf 74' lang='lat' dir='ltr'>ti&#39;im</span> <span class='ocrx_word' id='word_1_1205' title='bbox 1285 2619 1421 2650; x_wconf 82' lang='lat' dir='ltr'>quatuor</span> <span class='ocrx_word' id='word_1_1206' title='bbox 1434 2608 1552 2639; x_wconf 84' lang='lat' dir='ltr'>habuit.</span> <span class='ocrx_word' id='word_1_1207' title='bbox 1562 2608 1620 2639; x_wconf 85' lang='lat' dir='ltr'>Sed</span> <span class='ocrx_word' id='word_1_1208' title='bbox 1633 2610 1669 2638; x_wconf 81' lang='lat' dir='ltr'>ad</span> <span class='ocrx_word' id='word_1_1209' title='bbox 1683 2608 1740 2638; x_wconf 87' lang='lat' dir='ltr'>lioc</span> <span class='ocrx_word' id='word_1_1210' title='bbox 1754 2607 1968 2647; x_wconf 84' lang='lat' dir='ltr'>respondetur,</span> <span class='ocrx_word' id='word_1_1211' title='bbox 1978 2606 2065 2647; x_wconf 77' lang='lat' dir='ltr'>quod</span> <span class='ocrx_word' id='word_1_1212' title='bbox 2078 2608 2149 2648; x_wconf 72' lang='lat' dir='ltr'>quis</span> <span class='ocrx_word' id='word_1_1213' title='bbox 2161 2607 2200 2639; x_wconf 67' lang='lat' dir='ltr'>siti</span> <span class='ocrx_word' id='word_1_1214' title='bbox 2220 2616 2260 2647; x_wconf 74' lang='lat'>52.</span> 
     </span>
     <span class='ocr_line' id='line_1_144' title="bbox 1207 2650 2201 2692; baseline -0.002 -7"><span class='ocrx_word' id='word_1_1215' title='bbox 1207 2653 1307 2692; x_wconf 70' lang='lat' dir='ltr'>magis</span> <span class='ocrx_word' id='word_1_1216' title='bbox 1322 2653 1452 2684; x_wconf 87' lang='lat' dir='ltr'>idoneus</span> <span class='ocrx_word' id='word_1_1217' title='bbox 1465 2673 1474 2687; x_wconf 86' lang='lat'>‚</span> <span class='ocrx_word' id='word_1_1218' title='bbox 1485 2653 1531 2683; x_wconf 92' lang='lat' dir='ltr'>vel</span> <span class='ocrx_word' id='word_1_1219' title='bbox 1546 2661 1611 2682; x_wconf 90' lang='lat' dir='ltr'>non</span> <span class='ocrx_word' id='word_1_1220' title='bbox 1625 2673 1634 2687; x_wconf 91' lang='lat'>,</span> <span class='ocrx_word' id='word_1_1221' title='bbox 1646 2661 1711 2682; x_wconf 88' lang='lat' dir='ltr'>non</span> <span class='ocrx_word' id='word_1_1222' title='bbox 1720 2651 1862 2691; x_wconf 83' lang='lat' dir='ltr'>judicant</span> <span class='ocrx_word' id='word_1_1223' title='bbox 1874 2651 2105 2682; x_wconf 78' lang='lat' dir='ltr'>examinatores</span> <span class='ocrx_word' id='word_1_1224' title='bbox 2116 2673 2126 2687; x_wconf 86' lang='lat'>,</span> <span class='ocrx_word' id='word_1_1225' title='bbox 2149 2650 2201 2684; x_wconf 80' lang='lat' dir='ltr'>sed</span> 
     </span>
     <span class='ocr_line' id='line_1_145' title="bbox 1207 2692 2201 2736; baseline -0.002 -9"><span class='ocrx_word' id='word_1_1226' title='bbox 1207 2698 1288 2728; x_wconf 82' lang='lat' dir='ltr'>solus</span> <span class='ocrx_word' id='word_1_1227' title='bbox 1299 2694 1463 2736; x_wconf 86' lang='lat' dir='ltr'>Episcopus</span> <span class='ocrx_word' id='word_1_1228' title='bbox 1474 2716 1484 2730; x_wconf 87' lang='lat'>,</span> <span class='ocrx_word' id='word_1_1229' title='bbox 1495 2705 1528 2725; x_wconf 89' lang='lat' dir='ltr'>iit</span> <span class='ocrx_word' id='word_1_1230' title='bbox 1540 2694 1567 2726; x_wconf 89' lang='lat' dir='ltr'>sc</span> <span class='ocrx_word' id='word_1_1231' title='bbox 1580 2695 1694 2725; x_wconf 84' lang='lat' dir='ltr'>babent</span> <span class='ocrx_word' id='word_1_1232' title='bbox 1706 2695 1803 2732; x_wconf 74' lang='lat' dir='ltr'>verba</span> <span class='ocrx_word' id='word_1_1233' title='bbox 1810 2695 1895 2725; x_wconf 78' lang='lat' dir='ltr'>clara</span> <span class='ocrx_word' id='word_1_1234' title='bbox 1905 2692 2201 2732; x_wconf 73' lang='lat' dir='ltr'>Conciliid.c.,18.‚</span> 
     </span>
     <span class='ocr_line' id='line_1_146' title="bbox 1207 2735 2202 2781; baseline -0.002 -10"><span class='ocrx_word' id='word_1_1235' title='bbox 1207 2739 1288 2779; x_wconf 81' lang='lat' dir='ltr'>vers.</span> <span class='ocrx_word' id='word_1_1236' title='bbox 1301 2739 1436 2774; x_wconf 54' lang='lat' dir='ltr'>Permissa,</span> <span class='ocrx_word' id='word_1_1237' title='bbox 1449 2738 1513 2774; x_wconf 86' lang='lat' dir='ltr'>ibi,</span> <span class='ocrx_word' id='word_1_1238' title='bbox 1526 2738 1680 2781; x_wconf 60' lang='lat' dir='ltr'>Qgiotquot</span> <span class='ocrx_word' id='word_1_1239' title='bbox 1691 2737 1730 2768; x_wconf 83' lang='lat' dir='ltr'>ab</span> <span class='ocrx_word' id='word_1_1240' title='bbox 1741 2736 1788 2769; x_wconf 79' lang='lat' dir='ltr'>his</span> <span class='ocrx_word' id='word_1_1241' title='bbox 1799 2737 1899 2769; x_wconf 74' lang='lat' dir='ltr'>idonei</span> <span class='ocrx_word' id='word_1_1242' title='bbox 1911 2760 1919 2768; x_wconf 93' lang='lat'><strong><em>.</em></strong></span> <span class='ocrx_word' id='word_1_1243' title='bbox 1941 2735 2149 2769; x_wconf 86' lang='lat' dir='ltr'>Ponderanda</span> <span class='ocrx_word' id='word_1_1244' title='bbox 2158 2737 2202 2769; x_wconf 83' lang='lat' dir='ltr'>est</span> 
     </span>
     <span class='ocr_line' id='line_1_147' title="bbox 1207 2780 2201 2828; baseline -0.003 -13"><span class='ocrx_word' id='word_1_1245' title='bbox 1207 2782 1501 2818; x_wconf 61' lang='lat' dir='ltr'>dicliodatoneimon</span> <span class='ocrx_word' id='word_1_1246' title='bbox 1512 2781 1707 2821; x_wconf 66' lang='lat' dir='ltr'>dicitunagis</span> <span class='ocrx_word' id='word_1_1247' title='bbox 1720 2780 1946 2828; x_wconf 66' lang='lat' dir='ltr'>idonei21ic9ue</span> <span class='ocrx_word' id='word_1_1248' title='bbox 1959 2783 1996 2812; x_wconf 83' lang='lat' dir='ltr'>ad</span> <span class='ocrx_word' id='word_1_1249' title='bbox 2008 2791 2061 2812; x_wconf 88' lang='lat' dir='ltr'>eos</span> <span class='ocrx_word' id='word_1_1250' title='bbox 2073 2780 2201 2815; x_wconf 68' lang='lat' dir='ltr'>tantum</span> 
     </span>
     <span class='ocr_line' id='line_1_148' title="bbox 1208 2823 2202 2866; baseline -0.001 -9"><span class='ocrx_word' id='word_1_1251' title='bbox 1208 2825 1321 2866; x_wconf 56' lang='lat' dir='ltr'>specht</span> <span class='ocrx_word' id='word_1_1252' title='bbox 1333 2825 1476 2865; x_wconf 83' lang='lat' dir='ltr'>judicare</span> <span class='ocrx_word' id='word_1_1253' title='bbox 1488 2825 1620 2856; x_wconf 83' lang='lat' dir='ltr'>idoneos</span> <span class='ocrx_word' id='word_1_1254' title='bbox 1631 2846 1640 2860; x_wconf 86' lang='lat'>,</span> <span class='ocrx_word' id='word_1_1255' title='bbox 1661 2826 1692 2856; x_wconf 69' lang='grc' dir='ltr'>ὅ(</span> <span class='ocrx_word' id='word_1_1256' title='bbox 1708 2834 1837 2855; x_wconf 79' lang='lat' dir='ltr'>eatenus</span> <span class='ocrx_word' id='word_1_1257' title='bbox 1850 2830 1960 2855; x_wconf 84' lang='lat' dir='ltr'>eorum</span> <span class='ocrx_word' id='word_1_1258' title='bbox 1971 2823 2117 2865; x_wconf 78' lang='lat' dir='ltr'>suffragia</span> <span class='ocrx_word' id='word_1_1259' title='bbox 2137 2823 2202 2865; x_wconf 88' lang='lat' dir='ltr'>spe-</span> 
     </span>
     <span class='ocr_line' id='line_1_149' title="bbox 1207 2865 2199 2909; baseline -0.002 -9"><span class='ocrx_word' id='word_1_1260' title='bbox 1207 2869 1320 2901; x_wconf 57' lang='lat' dir='ltr'>cstanda</span> <span class='ocrx_word' id='word_1_1261' title='bbox 1328 2868 1398 2899; x_wconf 86' lang='lat' dir='ltr'>sunt</span> <span class='ocrx_word' id='word_1_1262' title='bbox 1409 2890 1419 2904; x_wconf 89' lang='lat'>‚</span> <span class='ocrx_word' id='word_1_1263' title='bbox 1428 2877 1585 2909; x_wconf 87' lang='lat' dir='ltr'>quatenus</span> <span class='ocrx_word' id='word_1_1264' title='bbox 1595 2865 1904 2907; x_wconf 60' lang='lat' dir='ltr'>demonstrfflpoffit</span> <span class='ocrx_word' id='word_1_1265' title='bbox 1915 2867 2072 2900; x_wconf 86' lang='lat' dir='ltr'>idoneitas</span> <span class='ocrx_word' id='word_1_1266' title='bbox 2083 2867 2199 2899; x_wconf 84' lang='lat' dir='ltr'>multo-</span> 
     </span>
     <span class='ocr_line' id='line_1_150' title="bbox 1209 2909 2199 2955; baseline -0.002 -12"><span class='ocrx_word' id='word_1_1267' title='bbox 1209 2923 1278 2943; x_wconf 84' lang='lat' dir='ltr'>rum</span> <span class='ocrx_word' id='word_1_1268' title='bbox 1289 2935 1297 2942; x_wconf 91' lang='lat'><strong><em>.</em></strong></span> <span class='ocrx_word' id='word_1_1269' title='bbox 1311 2910 1349 2944; x_wconf 88' lang='lat' dir='ltr'>Et</span> <span class='ocrx_word' id='word_1_1270' title='bbox 1360 2911 1405 2942; x_wconf 87' lang='lat' dir='ltr'>ita</span> <span class='ocrx_word' id='word_1_1271' title='bbox 1416 2910 1492 2943; x_wconf 76' lang='lat' dir='ltr'>licet</span> <span class='ocrx_word' id='word_1_1272' title='bbox 1504 2910 1669 2944; x_wconf 79' lang='lat' dir='ltr'>Calcatius</span> <span class='ocrx_word' id='word_1_1273' title='bbox 1680 2911 1790 2955; x_wconf 65' lang='lat' dir='ltr'>liabqat</span> <span class='ocrx_word' id='word_1_1274' title='bbox 1801 2910 1944 2952; x_wconf 84' lang='lat' dir='ltr'>quinque</span> <span class='ocrx_word' id='word_1_1275' title='bbox 1957 2920 2043 2946; x_wconf 84' lang='lat' dir='ltr'>vota,</span> <span class='ocrx_word' id='word_1_1276' title='bbox 2055 2912 2086 2945; x_wconf 59' lang='grc' dir='ltr'>ὃς</span> <span class='ocrx_word' id='word_1_1277' title='bbox 2097 2909 2199 2941; x_wconf 83' lang='lat' dir='ltr'>Nico-</span> 
     </span>
     <span class='ocr_line' id='line_1_151' title="bbox 1209 2952 2196 2996; baseline -0.003 -10"><span class='ocrx_word' id='word_1_1278' title='bbox 1209 2957 1273 2986; x_wconf 78' lang='lat' dir='ltr'>laus</span> <span class='ocrx_word' id='word_1_1279' title='bbox 1284 2963 1421 2996; x_wconf 83' lang='lat' dir='ltr'>quatuor</span> <span class='ocrx_word' id='word_1_1280' title='bbox 1432 2964 1444 2990; x_wconf 89' lang='lat'>‚·</span> <span class='ocrx_word' id='word_1_1281' title='bbox 1456 2964 1562 2986; x_wconf 87' lang='lat' dir='ltr'>tamen</span> <span class='ocrx_word' id='word_1_1282' title='bbox 1574 2964 1638 2985; x_wconf 90' lang='lat' dir='ltr'>non</span> <span class='ocrx_word' id='word_1_1283' title='bbox 1649 2952 1746 2992; x_wconf 68' lang='lat' dir='ltr'>potest</span> <span class='ocrx_word' id='word_1_1284' title='bbox 1758 2953 1886 2994; x_wconf 84' lang='lat' dir='ltr'>negari,</span> <span class='ocrx_word' id='word_1_1285' title='bbox 1904 2953 1983 2995; x_wconf 82' lang='lat' dir='ltr'>quin</span> <span class='ocrx_word' id='word_1_1286' title='bbox 1994 2956 2026 2985; x_wconf 66' lang='grc' dir='ltr'>ὃ(</span> <span class='ocrx_word' id='word_1_1287' title='bbox 2039 2953 2196 2986; x_wconf 86' lang='lat' dir='ltr'>Nicolaus</span> 
     </span>
     <span class='ocr_line' id='line_1_152' title="bbox 1208 2996 2199 3038; baseline -0.003 -9"><span class='ocrx_word' id='word_1_1288' title='bbox 1208 2999 1339 3029; x_wconf 81' lang='lat' dir='ltr'>idoneus</span> <span class='ocrx_word' id='word_1_1289' title='bbox 1350 3007 1509 3038; x_wconf 87' lang='lat' dir='ltr'>reputatus</span> <span class='ocrx_word' id='word_1_1290' title='bbox 1523 2997 1557 3028; x_wconf 83' lang='lat' dir='ltr'>sit</span> <span class='ocrx_word' id='word_1_1291' title='bbox 1570 2998 1607 3027; x_wconf 82' lang='lat' dir='ltr'>ab</span> <span class='ocrx_word' id='word_1_1292' title='bbox 1619 2996 1900 3033; x_wconf 71' lang='lat' dir='ltr'>examinatoribus,</span> <span class='ocrx_word' id='word_1_1293' title='bbox 1909 2996 1984 3038; x_wconf 86' lang='lat' dir='ltr'>quia</span> <span class='ocrx_word' id='word_1_1294' title='bbox 1995 2998 2087 3029; x_wconf 83' lang='lat' dir='ltr'>liabet</span> <span class='ocrx_word' id='word_1_1295' title='bbox 2099 2996 2199 3038; x_wconf 72' lang='lat' dir='ltr'>majo-</span> 
     </span>
     <span class='ocr_line' id='line_1_153' title="bbox 1209 3038 2200 3081; baseline -0.002 -9"><span class='ocrx_word' id='word_1_1296' title='bbox 1209 3052 1272 3073; x_wconf 76' lang='lat' dir='ltr'>rem</span> <span class='ocrx_word' id='word_1_1297' title='bbox 1285 3051 1404 3081; x_wconf 83' lang='lat' dir='ltr'>partein</span> <span class='ocrx_word' id='word_1_1298' title='bbox 1417 3051 1565 3072; x_wconf 84' lang='lat' dir='ltr'>votorum</span> <span class='ocrx_word' id='word_1_1299' title='bbox 1576 3040 1696 3071; x_wconf 64' lang='lat' dir='ltr'>scincet</span> <span class='ocrx_word' id='word_1_1300' title='bbox 1713 3049 1851 3081; x_wconf 87' lang='lat' dir='ltr'>quatuor</span> <span class='ocrx_word' id='word_1_1301' title='bbox 1860 3050 1896 3072; x_wconf 80' lang='lat' dir='ltr'>ex</span> <span class='ocrx_word' id='word_1_1302' title='bbox 1916 3041 1964 3072; x_wconf 75' lang='lat' dir='ltr'>sex</span> <span class='ocrx_word' id='word_1_1303' title='bbox 1986 3040 2069 3071; x_wconf 79' lang='lat' dir='ltr'>votis</span> <span class='ocrx_word' id='word_1_1304' title='bbox 2082 3062 2089 3068; x_wconf 90' lang='lat'><strong>.</strong></span> <span class='ocrx_word' id='word_1_1305' title='bbox 2111 3038 2200 3079; x_wconf 65' lang='lat' dir='ltr'>Qus</span> 
     </span>
     <span class='ocr_line' id='line_1_154' title="bbox 1209 3082 2200 3124; baseline -0.004 -9"><span class='ocrx_word' id='word_1_1306' title='bbox 1209 3095 1314 3116; x_wconf 82' lang='lat' dir='ltr'>autem</span> <span class='ocrx_word' id='word_1_1307' title='bbox 1326 3084 1426 3124; x_wconf 76' lang='lat' dir='ltr'>inagis</span> <span class='ocrx_word' id='word_1_1308' title='bbox 1437 3084 1568 3115; x_wconf 82' lang='lat' dir='ltr'>idoneus</span> <span class='ocrx_word' id='word_1_1309' title='bbox 1579 3083 1694 3118; x_wconf 66' lang='lat' dir='ltr'>simion</span> <span class='ocrx_word' id='word_1_1310' title='bbox 1706 3082 1818 3124; x_wconf 57' lang='lat' dir='ltr'>spectat</span> <span class='ocrx_word' id='word_1_1311' title='bbox 1827 3083 1885 3115; x_wconf 68' lang='lat' dir='ltr'>hoc</span> <span class='ocrx_word' id='word_1_1312' title='bbox 1898 3085 1934 3115; x_wconf 81' lang='lat' dir='ltr'>ad</span> <span class='ocrx_word' id='word_1_1313' title='bbox 1948 3083 2200 3117; x_wconf 74' lang='lat' dir='ltr'>Exainiiiatoi·c5‚</span> 
     </span>
     <span class='ocr_line' id='line_1_155' title="bbox 1208 3124 2199 3168; baseline -0.003 -9"><span class='ocrx_word' id='word_1_1314' title='bbox 1208 3128 1256 3160; x_wconf 87' lang='lat' dir='ltr'>sed</span> <span class='ocrx_word' id='word_1_1315' title='bbox 1267 3130 1304 3159; x_wconf 77' lang='lat' dir='ltr'>ad</span> <span class='ocrx_word' id='word_1_1316' title='bbox 1315 3127 1510 3168; x_wconf 84' lang='lat' dir='ltr'>Episcopum,</span> <span class='ocrx_word' id='word_1_1317' title='bbox 1521 3125 1717 3166; x_wconf 67' lang='lat' dir='ltr'>d.c.18..vers2</span> <span class='ocrx_word' id='word_1_1318' title='bbox 1729 3128 1784 3158; x_wconf 78' lang='lat' dir='ltr'>Ex</span> <span class='ocrx_word' id='word_1_1319' title='bbox 1796 3125 1844 3158; x_wconf 81' lang='lat' dir='ltr'>his</span> <span class='ocrx_word' id='word_1_1320' title='bbox 1854 3149 1864 3163; x_wconf 88' lang='lat'><strong>‚</strong></span> <span class='ocrx_word' id='word_1_1321' title='bbox 1875 3137 1930 3164; x_wconf 61' lang='grc' dir='ltr'>(με</span> <span class='ocrx_word' id='word_1_1322' title='bbox 1942 3124 2104 3167; x_wconf 77' lang='lat' dir='ltr'>Episcopus</span> <span class='ocrx_word' id='word_1_1323' title='bbox 2115 3134 2199 3162; x_wconf 75' lang='lat' dir='ltr'>quem</span> 
     </span>
     <span class='ocr_line' id='line_1_156' title="bbox 1209 3168 2202 3211; baseline -0.001 -9"><span class='ocrx_word' id='word_1_1324' title='bbox 1209 3174 1307 3210; x_wconf 67' lang='lat' dir='ltr'>magis</span> <span class='ocrx_word' id='word_1_1325' title='bbox 1317 3169 1454 3200; x_wconf 69' lang='lat' dir='ltr'>idoneum</span> <span class='ocrx_word' id='word_1_1326' title='bbox 1464 3193 1472 3200; x_wconf 89' lang='lat'><strong>.</strong></span> <span class='ocrx_word' id='word_1_1327' title='bbox 1484 3170 1613 3210; x_wconf 85' lang='lat' dir='ltr'>Sicque,</span> <span class='ocrx_word' id='word_1_1328' title='bbox 1625 3179 1665 3202; x_wconf 81' lang='lat' dir='ltr'>an</span> <span class='ocrx_word' id='word_1_1329' title='bbox 1674 3170 1776 3211; x_wconf 83' lang='lat' dir='ltr'>magis</span> <span class='ocrx_word' id='word_1_1330' title='bbox 1788 3169 1921 3202; x_wconf 87' lang='lat' dir='ltr'>idoneus</span> <span class='ocrx_word' id='word_1_1331' title='bbox 1932 3192 1942 3205; x_wconf 88' lang='lat'>‚</span> <span class='ocrx_word' id='word_1_1332' title='bbox 1952 3169 2046 3200; x_wconf 83' lang='lat' dir='ltr'>solius</span> <span class='ocrx_word' id='word_1_1333' title='bbox 2057 3168 2202 3209; x_wconf 80' lang='lat' dir='ltr'>Episcopi.</span> 
     </span>
     <span class='ocr_line' id='line_1_157' title="bbox 1208 3210 2202 3254; baseline -0.005 -9"><span class='ocrx_word' id='word_1_1334' title='bbox 1208 3214 1315 3245; x_wconf 86' lang='lat' dir='ltr'>videre</span> <span class='ocrx_word' id='word_1_1335' title='bbox 1326 3212 1367 3244; x_wconf 88' lang='lat' dir='ltr'>est</span> <span class='ocrx_word' id='word_1_1336' title='bbox 1376 3234 1386 3248; x_wconf 89' lang='lat'>‚</span> <span class='ocrx_word' id='word_1_1337' title='bbox 1408 3223 1463 3244; x_wconf 88' lang='lat' dir='ltr'>nec</span> <span class='ocrx_word' id='word_1_1338' title='bbox 1477 3213 1578 3254; x_wconf 72' lang='lat' dir='ltr'>major</span> <span class='ocrx_word' id='word_1_1339' title='bbox 1591 3212 1747 3245; x_wconf 84' lang='lat' dir='ltr'>idoneitas</span> <span class='ocrx_word' id='word_1_1340' title='bbox 1759 3214 1846 3254; x_wconf 82' lang='lat' dir='ltr'>argui</span> <span class='ocrx_word' id='word_1_1341' title='bbox 1861 3212 1958 3253; x_wconf 84' lang='lat' dir='ltr'>potest</span> <span class='ocrx_word' id='word_1_1342' title='bbox 1969 3221 2005 3243; x_wconf 82' lang='lat' dir='ltr'>ex</span> <span class='ocrx_word' id='word_1_1343' title='bbox 2020 3210 2202 3251; x_wconf 75' lang='lat' dir='ltr'>majorinu.</span> 
     </span>
     <span class='ocr_line' id='line_1_158' title="bbox 1210 3253 2201 3296; baseline -0.002 -8"><span class='ocrx_word' id='word_1_1344' title='bbox 1210 3267 1298 3289; x_wconf 86' lang='lat' dir='ltr'>mero</span> <span class='ocrx_word' id='word_1_1345' title='bbox 1309 3254 1526 3296; x_wconf 62' lang='lat' dir='ltr'>suffragiorum</span> <span class='ocrx_word' id='word_1_1346' title='bbox 1538 3255 1810 3292; x_wconf 80' lang='lat' dir='ltr'>Examinatoruin,</span> <span class='ocrx_word' id='word_1_1347' title='bbox 1823 3266 1896 3287; x_wconf 85' lang='lat' dir='ltr'>cum</span> <span class='ocrx_word' id='word_1_1348' title='bbox 1909 3258 1945 3286; x_wconf 82' lang='lat' dir='ltr'>ad</span> <span class='ocrx_word' id='word_1_1349' title='bbox 1957 3265 2009 3286; x_wconf 83' lang='lat' dir='ltr'>eos</span> <span class='ocrx_word' id='word_1_1350' title='bbox 2021 3253 2050 3285; x_wconf 87' lang='lat' dir='ltr'>id</span> <span class='ocrx_word' id='word_1_1351' title='bbox 2063 3264 2128 3285; x_wconf 87' lang='lat' dir='ltr'>non</span> <span class='ocrx_word' id='word_1_1352' title='bbox 2138 3253 2201 3295; x_wconf 76' lang='lat' dir='ltr'>spe-</span> 
     </span>
     <span class='ocr_line' id='line_1_159' title="bbox 1210 3296 2202 3341; baseline -0.003 -10"><span class='ocrx_word' id='word_1_1353' title='bbox 1210 3300 1273 3331; x_wconf 63' lang='lat' dir='ltr'>c&#39;ker</span> <span class='ocrx_word' id='word_1_1354' title='bbox 1284 3322 1291 3330; x_wconf 96' lang='lat'>.</span> <span class='ocrx_word' id='word_1_1355' title='bbox 1306 3297 1406 3329; x_wconf 78' lang='lat' dir='ltr'>Unde</span> <span class='ocrx_word' id='word_1_1356' title='bbox 1418 3296 1492 3330; x_wconf 78' lang='lat' dir='ltr'>cum</span> <span class='ocrx_word' id='word_1_1357' title='bbox 1510 3298 1678 3340; x_wconf 83' lang='lat' dir='ltr'>Episcopus</span> <span class='ocrx_word' id='word_1_1358' title='bbox 1689 3299 1877 3341; x_wconf 80' lang='lat' dir='ltr'>judicaverit</span> <span class='ocrx_word' id='word_1_1359' title='bbox 1889 3321 1897 3334; x_wconf 92' lang='lat'>‚</span> <span class='ocrx_word' id='word_1_1360' title='bbox 1914 3297 1973 3338; x_wconf 87' lang='lat' dir='ltr'>ipse</span> <span class='ocrx_word' id='word_1_1361' title='bbox 1984 3319 1993 3333; x_wconf 82' lang='lat'>,</span> <span class='ocrx_word' id='word_1_1362' title='bbox 2003 3299 2058 3338; x_wconf 84' lang='lat' dir='ltr'>qui</span> <span class='ocrx_word' id='word_1_1363' title='bbox 2070 3297 2108 3330; x_wconf 81' lang='lat' dir='ltr'>ab</span> <span class='ocrx_word' id='word_1_1364' title='bbox 2119 3296 2202 3338; x_wconf 84' lang='lat' dir='ltr'>Epis-</span> 
     </span>
     <span class='ocr_line' id='line_1_160' title="bbox 1210 3340 2204 3388; baseline -0.002 -14"><span class='ocrx_word' id='word_1_1365' title='bbox 1210 3353 1291 3383; x_wconf 90' lang='lat' dir='ltr'>copo</span> <span class='ocrx_word' id='word_1_1366' title='bbox 1302 3341 1432 3382; x_wconf 67' lang='lat' dir='ltr'>rejechis</span> <span class='ocrx_word' id='word_1_1367' title='bbox 1443 3341 1484 3373; x_wconf 79' lang='lat' dir='ltr'>est</span> <span class='ocrx_word' id='word_1_1368' title='bbox 1494 3352 1657 3383; x_wconf 84' lang='lat' dir='ltr'>tamquam</span> <span class='ocrx_word' id='word_1_1369' title='bbox 1667 3342 1772 3373; x_wconf 79' lang='lat' dir='ltr'>minus</span> <span class='ocrx_word' id='word_1_1370' title='bbox 1785 3340 2028 3380; x_wconf 78' lang='lat' dir='ltr'>idoneus,potest</span> <span class='ocrx_word' id='word_1_1371' title='bbox 2038 3340 2204 3388; x_wconf 61' lang='lat' dir='ltr'>appellare,</span> 
     </span>
     <span class='ocr_line' id='line_1_161' title="bbox 1209 3384 2113 3428; baseline -0.001 -13"><span class='ocrx_word' id='word_1_1372' title='bbox 1209 3387 1343 3428; x_wconf 81' lang='lat' dir='ltr'>&amp;judex</span> <span class='ocrx_word' id='word_1_1373' title='bbox 1355 3385 1573 3425; x_wconf 82' lang='lat' dir='ltr'>appellationis</span> <span class='ocrx_word' id='word_1_1374' title='bbox 1585 3386 1695 3417; x_wconf 72' lang='lat' dir='ltr'>definit</span> <span class='ocrx_word' id='word_1_1375' title='bbox 1707 3385 1776 3425; x_wconf 78' lang='lat' dir='ltr'>quis</span> <span class='ocrx_word' id='word_1_1376' title='bbox 1788 3384 1822 3414; x_wconf 76' lang='lat' dir='ltr'>sir</span> <span class='ocrx_word' id='word_1_1377' title='bbox 1837 3384 1936 3424; x_wconf 83' lang='lat' dir='ltr'>magis</span> <span class='ocrx_word' id='word_1_1378' title='bbox 1961 3384 2095 3415; x_wconf 81' lang='lat' dir='ltr'>idoneus</span> <span class='ocrx_word' id='word_1_1379' title='bbox 2106 3407 2113 3414; x_wconf 90' lang='lat'>.</span> 
     </span>
    </p>

    <p class='ocr_par' dir='ltr' id='par_1_22' title="bbox 1251 3426 2224 3470">
     <span class='ocr_line' id='line_1_162' title="bbox 1251 3426 2224 3470; baseline -0.002 -11"><span class='ocrx_word' id='word_1_1380' title='bbox 1251 3427 1355 3460; x_wconf 82' lang='lat' dir='ltr'>Causa</span> <span class='ocrx_word' id='word_1_1381' title='bbox 1365 3428 1400 3459; x_wconf 79' lang='lat' dir='ltr'>in</span> <span class='ocrx_word' id='word_1_1382' title='bbox 1411 3427 1708 3470; x_wconf 58' lang='lat' dir='ltr'>&amp;Congregatione</span> <span class='ocrx_word' id='word_1_1383' title='bbox 1721 3427 1767 3459; x_wconf 85' lang='lat' dir='ltr'>bis</span> <span class='ocrx_word' id='word_1_1384' title='bbox 1779 3426 1939 3467; x_wconf 74' lang='lat' dir='ltr'>proposita</span> <span class='ocrx_word' id='word_1_1385' title='bbox 1950 3449 1960 3464; x_wconf 83' lang='lat'>,</span> <span class='ocrx_word' id='word_1_1386' title='bbox 1977 3437 2050 3458; x_wconf 77' lang='lat' dir='ltr'>cum</span> <span class='ocrx_word' id='word_1_1387' title='bbox 2063 3427 2224 3460; x_wconf 63' lang='lat' dir='ltr'>delitare-</span> 
     </span>
    </p>
   </div>
   <div class='ocr_carea' id='block_1_10' title="bbox 1789 3439 2284 3510">
    <p class='ocr_par' dir='ltr' id='par_1_23' title="bbox 1789 3439 2284 3510">
     <span class='ocr_line' id='line_1_163' title="bbox 2249 3439 2284 3469; baseline 0.086 -3"><span class='ocrx_word' id='word_1_1388' title='bbox 2249 3439 2284 3469; x_wconf 76' lang='lat'>53</span> 
     </span>
     <span class='ocr_line' id='line_1_164' title="bbox 1789 3469 2158 3510; baseline -0.005 -9"><span class='ocrx_word' id='word_1_1389' title='bbox 1789 3469 1812 3501; x_wconf 83' lang='lat' dir='ltr'>E</span> <span class='ocrx_word' id='word_1_1390' title='bbox 1834 3481 1849 3501; x_wconf 91' lang='lat' dir='ltr'>c</span> <span class='ocrx_word' id='word_1_1391' title='bbox 1898 3480 1913 3510; x_wconf 83' lang='lat'><em>3</em></span> <span class='ocrx_word' id='word_1_1392' title='bbox 2087 3479 2158 3504; x_wconf 81' lang='lat' dir='ltr'>tur.</span> 
     </span>
    </p>
   </div>
  </div>
 </body>
</html>
