2397 3664
711 9 795 65 De
829 7 1218 81 temptordinat-
1240 12 1292 62 c.
1309 7 1390 62 Ex
1415 11 1623 64 tenore.
1732 14 1744 64 ἶ.

165 130 171 134 .
201 114 220 145 5
230 128 232 130 .
241 107 310 150 Nee
319 114 481 149 requiritur
486 114 671 156 dispensatio
680 116 712 146 E
713 117 746 155 pi
742 113 793 154 sco
794 116 827 164 pi·
839 136 847 144 .
1083 152 1088 158 .

198 151 218 179 ⁶
236 152 341 183 Fallit
349 177 358 190 ‚
371 156 405 197 st
412 160 524 189 crimen
542 156 693 198 impediat
711 157 803 199 officii
823 157 1025 188 executionem
1046 160 1144 183 etiam

280 195 342 236 post
350 201 506 238 peractam
515 203 726 242 poenitentiam
734 222 744 236 ,
764 202 836 237 quia
845 208 915 230 tunc
923 208 980 230 non
1005 197 1075 229 licet
1079 193 1148 238 fine

281 246 400 277 peccato
407 243 566 284 ascendere
575 266 585 280 ,
602 252 656 275 aut
665 245 707 274 mi
709 241 840 284 nistrare
850 264 857 273 .

195 286 216 315 7
236 280 282 311 Et
292 285 417 326 quaefint
425 285 567 327 ejusmodi
586 288 717 318 crimina
729 308 736 315 .
777 285 780 287 ’

196 322 217 352 8
239 324 403 367 Episcopus
411 327 445 360 ob
454 332 567 361 crimen
576 330 719 361 occultum
726 350 736 364 ,
748 328 1010 365 quantumcumque
1017 333 1143 358 enorme,

280 378 336 400 non
343 370 436 412 potest
445 371 552 409 dejure
561 373 706 403 communi
722 369 903 402 interdicere
906 366 1000 410 subdi
1002 378 1034 399 to
1041 365 1143 407 ascen-

274 408 344 449 fiam
353 416 395 445 ad
405 413 540 446 Ordines
551 440 558 445 .

191 460 212 486 9
235 452 373 498 Etiamst
381 459 494 488 crimen
499 457 544 498 fit
553 457 639 493 tale,
659 466 690 488 ut
698 456 761 497 post
769 456 924 497 peractam
934 454 1144 496 poenitentiam

280 497 428 537 impediat
438 499 554 530 ordinis
561 502 764 531 executionem
776 525 785 532 .

235 538 282 568 Et
291 540 362 576 quid
369 540 432 582 pest
441 543 558 574 Concil.
571 543 664 574 Trid.
675 555 704 574 n.
721 553 766 574 12-

174 585 213 609 10
230 581 374 613 Vindiz‘tae
383 587 465 615 ratio
475 584 566 627 cessat
574 588 607 617 in
618 586 740 618 occultis
749 587 782 616 in
792 580 969 616 criminibus
978 604 985 612 .

231 623 363 656 Peccata
373 628 507 660 latentia
511 627 614 669 solum
622 631 721 660 Deum
731 627 841 660 habent
848 627 973 658 ultorem
982 646 993 660 ‚
1015 621 1058 655 ibi
1060 620 1089 653 d·

172 671 185 693 1
193 671 206 695 1
226 665 400 700 Intellectus
410 669 495 709 hujus
505 683 529 703 c.
540 674 573 703 ὃς
583 682 649 712 cap.
662 673 708 703 Ad
721 681 809 703 aures
820 670 902 701 infra
923 669 991 700 eod.

233 709 352 742 Clerico
369 725 428 744 non
447 715 568 746 arelato
576 718 694 746 ratione
704 715 789 747 tituli
810 724 851 744 an
859 712 942 754 poffit
949 710 983 742 ob
997 708 1141 741 occultum

274 756 388 787 crimen
397 756 549 796 prohiberi
557 756 694 798 ascensus
701 756 742 789 ad
752 755 888 789 Ordines
898 777 909 792 ,
917 752 994 786 ibid.

166 799 178 822 1
185 801 202 821 2
223 793 254 823 Ε
253 795 386 837 piscopsts
395 811 434 830 ex
445 802 580 832 Concilio
592 800 776 832 Tridentino
785 797 878 841 potest
888 796 921 830 ob
931 800 1042 830 crimen
1049 793 1141 826 occul-

272 848 336 871 tum
344 843 627 881 extrajudicialiter
636 843 790 885 prohibere
793 839 917 883 subdito
927 837 1078 881 ascensum
1098 835 1141 867 ad

262 880 371 922 sacros
381 885 510 924 ordines,
519 898 637 926 eumque
639 885 822 928 suspendere
832 885 851 917 a*
854 883 1001 927 susceptis
1012 882 1141 914 Ordini-

273 923 499 966 bus‚gradibus
508 953 518 966 ,
533 929 570 963 6²⁴
581 928 782 970 dignitatibus
791 953 799 960 .
1087 968 1092 972 ⁴

165 973 200 1005 13
225 968 389 1010 Episcopus
407 983 448 1003 an
454 974 538 1014 poffit
558 985 598 1004 ex
617 974 707 1013 causa
725 973 841 1005 occulta
857 967 1140 1015 extrajudicialitcr

270 1014 450 1046 interdicere
459 1019 484 1047 S
486 1014 555 1048 ubdi
558 1028 646 1048 acono
655 1015 807 1057 ascensum
817 1013 858 1046 ad
870 1013 1003 1046 Ordines
1025 1012 1140 1042 Dmcof-

264 1065 362 1139 Zatus
371 1080 381 1094 ,
403 1056 440 1090 ἅ·
458 1057 693 1105 Presbyterntus
703 1082 713 1096 ,
735 1058 773 1092 (9·
790 1068 901 1090 numer.
909 1055 992 1097 seqq.
1009 1053 1095 1094 usque
1106 1056 1138 1084 in

295 1111 360 1130 nem
370 1114 401 1133 m

161 1149 200 1178 14
219 1140 357 1174 Plurnlis
365 1143 464 1175 oratio
472 1145 596 1177 duorum
600 1146 716 1185 fizltem
726 1143 895 1184 concurfiim
904 1142 1032 1179 requirit
1045 1164 1052 1172 .

162 1190 197 1221 ¹5
219 1183 316 1224 51²¹st
317 1196 435 1225 oporum
446 1188 619 1230 precipuum
629 1200 734 1220 munus
745 1186 787 1229 est
807 1185 988 1219 subditorum
999 1185 1083 1216 vitia
1093 1194 1138 1214 re-

267 1226 411 1267 darguere
418 1253 426 1261 .

162 1271 201 1301 16
220 1268 366 1303 Prooemii
374 1275 456 1305 ratio
465 1273 778 1316 praesumiturfitmlis,
796 1272 833 1306 (θ’
842 1273 959 1312 regulae
969 1280 1064 1302 totam
1075 1268 1138 1310 dis—

263 1315 448 1357 posttionem‚
459 1329 581 1358 eamque
590 1317 731 1350 extendit
741 1321 836 1348 etiam
845 1315 889 1348 ad
899 1315 985 1355 cafics
994 1326 1051 1345 non
1061 1324 1137 1345 com-

272 1358 429 1399 prehensos
438 1385 445 1391 .

162 1407 199 1437 17
219 1400 334 1432 Clerici
344 1403 507 1444 praesertim
518 1408 553 1436 in
559 1404 662 1444 sacris
675 1402 827 1445 constituti
837 1402 938 1435 minin
956 1410 1079 1442 capaces
1090 1411 1135 1431 re-

263 1448 355 1484 perti,
363 1446 475 1488 possunt
485 1446 525 1480 ab
535 1450 565 1480 E
567 1447 682 1489 pifiopo
686 1446 832 1488 suspendi
843 1447 880 1479 ab
890 1448 1065 1477 executione
1076 1446 1135 1476 Or-

270 1488 373 1519 dinum
386 1513 394 1521 .
982 1512 987 1516 ,
1056 1511 1059 1513 ,

159 1530 198 1559 18
221 1530 330 1562 Diilio
339 1555 349 1568 ,
374 1532 545 1566 Praesertim
557 1557 566 1571 ,
584 1536 657 1571 quid
667 1537 806 1574 importet
817 1557 824 1563 .

158 1580 195 1608 19
219 1572 384 1616 Episcopus
393 1576 484 1618 potest
493 1577 527 1609 ob
537 1579 679 1609 occultum
691 1581 803 1608 crimen
808 1572 986 1617 suspendere
996 1573 1060 1611 jam
1069 1582 1134 1613 pro-

265 1627 377 1649 motum
387 1618 430 1650 ad
434 1620 540 1660 sacros
560 1621 711 1656 Ordines,
730 1631 766 1651 ne
784 1617 936 1659 ministret
947 1640 957 1654 ‚
979 1616 1134 1657 etiamsub

263 1669 350 1700 poena
360 1666 680 1696 excommunicationis
690 1687 697 1694 .

154 1711 195 1733 20
217 1704 578 1747 Promovendusfhciliiis
589 1706 750 1747 impeditur
760 1729 770 1743 ,
789 1704 876 1744 qua'm
895 1703 1059 1742 deiiciatur
1066 1714 1133 1747 pro-

260 1757 356 1778 motus
364 1771 372 1777 .

152 1798 167 1818 2
178 1798 189 1820 1
213 1789 383 1831 sllimstrnt
393 1792 426 1821 in
431 1791 576 1833 fhsceptis
588 1816 597 1828 ,
618 1791 715 1831 quiab
725 1804 779 1824 uno
791 1791 910 1824 Ordine
929 1790 1015 1822 fitero
1032 1790 1075 1823 ad
1093 1803 1132 1823 a-

259 1833 334 1865 lium
344 1833 480 1874 afiendit
490 1859 498 1866 .
1051 1844 1053 1859 ³

96 1927 108 1950 1
133 1918 345 1990 EXtenore.
367 1918 567 1954 Criminosus
577 1923 723 1954 occultus
734 1921 860 1953 moneri
873 1920 990 1962 potest,
1011 1931 1050 1952 ne
1061 1932 1130 1962 pro-

208 1972 373 1995 moveatur
383 1965 419 1994 ad
432 1963 572 1996 Ordines
584 1988 593 2001 ,
614 1966 660 1997 sed
675 1965 833 2005 prohiberi
845 1975 909 1995 non
921 1965 1011 1995 debet
1026 1988 1032 1995 .
1054 1965 1127 1996 Hoc

134 2004 235 2035 dicit.
258 2004 451 2038 Communis
462 2008 595 2039 divisio·
616 2008 813 2040 Secundaibi
826 2030 836 2044 ,
856 2006 987 2039 Verum.

94 2057 112 2077 2
156 2046 246 2079 Nora
256 2049 370 2089 primo,
382 2050 585 2082 criminosum
597 2054 780 2086 occultum,
802 2051 1013 2092 poenitenria,
1036 2050 1131 2081 velil-

142 2090 203 2124 lius
225 2101 310 2132 parte
331 2093 472 2134 peraeta,
503 2095 587 2134 posse
609 2094 642 2126 in
672 2094 818 2135 susceptis
839 2094 1016 2124 Ordinibus
1035 2094 1131 2124 mini-

135 2133 246 2170 strare,
270 2135 390 2167 etiamsi
411 2137 533 2169 crimen
555 2137 590 2168 sit
611 2138 837 2177 degradatione
856 2137 1010 2175 dignum,
1032 2147 1129 2177 utper

98 2185 113 2215 3
136 2175 222 2208 Butr.
233 2189 312 2211 num.
332 2189 377 2217 ις.
396 2178 535 2212 Cam-in
546 2180 676 2220 secundo
695 2179 794 2211 notab.
816 2180 854 2210 Et
875 2179 958 2210 clare
979 2181 1128 2220 probatur

133 2229 170 2252 ex
191 2220 297 2253 littera
325 2222 389 2253 ibi:
411 2222 569 2259 Suadeas,
599 2234 629 2253 ut
652 2225 769 2256 Ordine
782 2222 915 2263 suscepto
936 2232 1057 2252 utatur.
1090 2223 1127 2254 Et

133 2265 219 2303 quod
231 2263 350 2296 distum
362 2264 402 2296 est
413 2267 450 2296 de
462 2267 650 2306 paenitentia
663 2268 782 2307 peracta
795 2289 804 2301 ‚
827 2267 969 2305 intellige
979 2270 1014 2296 tie
1026 2267 1128 2297 conii<

130 2305 200 2341 1³05
222 2317 286 2338 non
305 2308 390 2339 enim
411 2320 519 2349 peccat
540 2311 730 2341 celebrando
741 2310 837 2341 etiam
850 2308 1042 2340 stmnn‘aeta
1053 2320 1129 2341 con-

132 2347 266 2395 sessione
279 2362 286 2386 ⁵,
309 2351 355 2383 sed
367 2353 485 2383 bonum
496 2353 537 2384 est
550 2353 729 2384 consultum
742 2376 751 2389 ‚
773 2363 807 2385 ut
827 2353 911 2392 prius
923 2363 978 2392 pro
990 2362 1074 2393 parte
1087 2354 1129 2384 sa-

130 2391 291 2429 tisfaciar,
311 2404 345 2425 ut
356 2394 530 2427 formaliter
542 2397 643 2437 inquit
659 2398 826 2428 Innocent.
847 2396 897 2426 luc
914 2406 993 2426 num.
1010 2406 1033 2427 1.
1051 2395 1126 2436 vcrsss

137 2437 180 2464 Et
199 2434 279 2466 idem
299 2436 427 2468 dicimus
449 2438 524 2476 quod
543 2451 600 2470 non
619 2449 740 2480 peccat,
769 2450 843 2471 cum
870 2449 935 2479 quo
957 2439 1010 2470 alii
1046 2449 1127 2470 tran-

88 2488 110 2518 4
131 2478 218 2508 scunt
239 2501 246 2509 .
278 2479 336 2510 Sed
358 2491 397 2510 an
427 2481 482 2521 qui
511 2483 572 2513 tale
603 2482 724 2513 crimen
755 2483 930 2518 commisit,
962 2483 1126 2514 ascendere

133 2520 224 2561 possit
247 2524 283 2553 ad
307 2522 476 2562 superiores
487 2522 644 2556 Ordines:
668 2524 821 2556 Doctores
832 2536 897 2557 non
909 2527 1125 2556 conveniunt.

132 2563 276 2604 QtidJm
289 2566 413 2604 opinati
432 2566 500 2598 sunt
513 2567 576 2607 post
587 2570 720 2599 mortale
739 2578 921 2608 peccatum,
941 2571 1023 2607 quod
1037 2572 1127 2610 depo—

133 2607 281 2639 sitionem
313 2610 436 2640 inducit
457 2632 467 2646 ,
499 2611 596 2641 etiam
627 2610 690 2650 post
721 2610 875 2650 pernetam
905 2612 1126 2651 poenitentiam

130 2660 190 2683 nec
206 2651 301 2682 licere
313 2651 611 2693 Ordincssuscipere
623 2676 632 2688 ,
653 2653 755 2684 necin
775 2653 920 2694 susceptis
931 2655 1124 2686 ministrare.

129 2693 167 2726 Et
178 2694 237 2725 hoc
250 2695 284 2726 in
301 2695 404 2734 rigore
417 2695 476 2727 fuit
488 2696 586 2736 Hugo
599 2708 604 2726 :
618 2696 665 2728 sed
677 2697 743 2738 ejus
753 2696 864 2736 opinio
874 2697 1009 2736 expresse
1023 2708 1127 2737 repro—

130 2737 221 2768 batur
230 2739 263 2768 in
272 2749 296 2769 c.
319 2739 397 2780 Nifi
417 2739 484 2771 cum
497 2740 634 2780 pridem,
657 2743 683 2775 ξ.
706 2743 831 2779 Propter
849 2742 1062 2779 conscientiam
1074 2740 1126 2781 su-

130 2781 187 2820 prii
205 2783 242 2811 de
265 2791 380 2813 renunt.
402 2782 789 2814 secundt'lmHostien.hlc
810 2793 888 2813 num.
914 2794 940 2813 2.
963 2782 1000 2813 Er
1020 2786 1126 2823 quoad

130 2822 269 2855 Ordines
282 2825 343 2865 jam
356 2824 507 2866 susceptos
519 2848 528 2862 ‚
551 2825 656 2865 aperte*
666 2827 762 2858 etiam
773 2826 955 2865 reprobatur
967 2826 1014 2856 hic
1030 2827 1126 2857 iniis-

132 2867 204 2896 dem
228 2868 346 2899 verbis:
368 2869 527 2905 Suadeas,
558 2879 590 2899 ut
605 2869 724 2900 Ordine
737 2867 1001 2908 fiisccptoutatur.
1023 2869 1061 2900 Et
1077 2870 1126 2900 di-

132 2908 604 2948 citglosslhic.inver.Utatur,
626 2923 719 2952 quam
739 2913 907 2943 Innocent.
928 2911 1070 2943 Hollien.
1092 2915 1125 2944 ὃς

134 2962 245 2982 omnes
264 2953 453 2994 sequuntur,
474 2958 553 2987 hanc
572 2955 660 2988 fuisse
680 2956 815 2995 rigidam
826 2955 1030 2995 opinionem:
1051 2956 1126 2995 quia

130 3004 179 3025 res
190 2994 265 3034 pene
279 3006 390 3028 contra
401 3008 547 3030 naturam
557 2999 599 3030 est
609 3022 618 3035 ,
640 3009 674 3030 ut
684 2999 755 3040 quis
768 2998 802 3029 fit
813 2997 875 3029 sme
886 3007 1017 3038 peccato
1027 3019 1036 3033 ,
1056 3006 1123 3038 cap-

134 3037 232 3069 Πηιηη
246 3060 255 3073 ,
279 3041 306 3075 ς’.
319 3041 408 3071 Hunc
420 3051 520 3072 autem
534 3052 582 3081 25.
592 3041 722 3082 disti-nis.
745 3042 802 3073 Sed
814 3042 905 3073 Alan.
924 3042 956 3071 δι’.
967 3039 1122 3072 Tancred.

133 3090 325 3117 tenuerunt,
345 3083 465 3114 crimen
487 3085 584 3116 etiam
604 3096 749 3120 enorme,
771 3085 838 3116 fifit
850 3085 1012 3114 occultum
1025 3106 1035 3119 ,
1056 3094 1122 3115 non

132 3123 282 3163 impedire
295 3146 304 3160 ‚
313 3127 482 3164 quominus
494 3127 561 3159 aCta
571 3129 760 3168 poenitentia
771 3128 861 3167 possit
872 3127 942 3167 quis
952 3125 1058 3157 officio
1069 3131 1122 3157 luo
1142 3150 1145 3154 .

132 3167 179 3199 uri
191 3188 200 3202 ‚
220 3168 252 3197 ὃε
265 3169 301 3198 ad
313 3169 445 3209 majores
456 3169 594 3203 Ordines
606 3172 744 3203 ascendel
753 3182 784 3202 e.
798 3171 836 3202 Er
848 3170 929 3201 dicit
941 3169 1122 3201 Tancredus

128 3209 183 3241 hos
196 3209 496 3243 antractuslublaros
515 3214 573 3245 esse
592 3225 643 3254 per
666 3214 867 3246 Decretalem
887 3213 1031 3243 ultimam
1042 3212 1123 3243 inst-«i

130 3255 199 3284 eod,
217 3254 269 3284 ubi
282 3254 322 3284 est
333 3255 522 3293 expressum,
542 3257 730 3288 criminoso<
750 3258 915 3292 occultos,
935 3265 1042 3296 praeter
1053 3265 1121 3286 reos

129 3294 319 3333 homicidii,
340 3297 637 3337 postpoenitenriam
660 3301 692 3331 in
715 3301 859 3341 susceptis
872 3299 1066 3334 ministrare,
1088 3301 1120 3329 ὃ(

130 3340 166 3369 ad
180 3338 348 3379 superiores
360 3341 552 3380 promoveri.
567 3342 605 3373 Et
628 3343 707 3374 hanc
729 3344 914 3383 opinionem
926 3342 1061 3382 sequitur
1077 3345 1119 3382 gl.

129 3380 221 3413 hiem
232 3381 330 3427 eodem
353 3394 416 3413 ver.
435 3383 550 3416 Utatur
560 3405 570 3421 ‚
598 3387 630 3416 ἃ
640 3386 806 3417 Innocent.
818 3398 846 3416 n.
864 3396 887 3417 1.
899 3384 978 3424 vers}
990 3386 1027 3416 Si
1036 3395 1119 3415 enor-

88 3431 102 3461 5
125 3433 171 3455 me
181 3446 190 3460 ‚
212 3431 249 3456 <ff
260 3427 402 3457 occultum
415 3448 425 3462 ,
438 3426 547 3458 dicens
556 3449 566 3463 ,
586 3429 681 3459 talem
692 3429 872 3468 promoveri
883 3429 963 3469 posse
975 3427 1037 3459 sine
1049 3438 1120 3468 pec-

208 3467 312 3509 I’rosp.
333 3471 468 3509 annan.
489 3472 524 3502 in
541 3471 567 3513 ζ.
588 3469 661 3503 Lib·
678 3473 835 3504 Decretal.

1190 116 1264 138 cato
1273 129 1284 144 ‚
1294 117 1345 149 pet
1354 119 1383 140 c.
1396 119 1424 139 ι.
1433 108 1518 149 infra'
1528 108 1564 139 de
1574 104 1681 149 Apost.
1692 103 1730 138 ὦ·
1739 103 1769 137 d.
1780 115 1805 137 c.
1810 104 1869 147 fin.
1879 101 1965 148 infre&
1974 106 2036 138 eod.
2057 117 2117 139 nec
2128 115 2179 140 ne*-

1189 150 1350 182 ceffatiarn
1360 151 1418 183 esse
1438 151 1701 191 dispensationem
1710 148 1877 181 Ordinatii
1886 171 1897 186 ,
1919 150 1969 181 sed
1981 149 2118 182 sufficere
2127 150 2182 183 Sa-

1189 194 1327 225 cerdotis
1338 194 1570 225 absolutionem
1580 204 1617 225 ex
1628 192 1776 233 potestate
1787 193 1936 229 clavium,
1948 194 2098 233 atgth'li·
2108 196 2159 232 qui
2168 216 2180 231 ,

1188 239 1280 273 6.11.1.
1291 237 1435 277 quamvis
1444 237 1610 268 meritoria
1621 236 1657 269 fit
1667 236 1841 271 humilitas,
1854 237 1873 268 fi
1887 235 2038 268 abstineat
2050 259 2058 267 .
2070 237 2118 268 Ita
2130 237 2182 268 In-

1188 288 1261 310 noc.
1272 280 1326 311 cui
1337 280 1477 311 scribunt
1489 279 1577 311 Host.
1589 291 1617 311 n.
1630 291 1657 310 2.
1670 281 1748 319 vers.
1768 280 1911 311 Notavit
1929 288 2029 310 autem
2039 277 2087 310 hic
2096 301 2106 316 ‚
2127 279 2179 320 Jo.

1187 322 1286 352 Andr.
1297 331 1357 360 n.7.
1369 321 1449 363 verfi
1460 325 1505 354 Et
1513 331 1621 362 putant
1631 324 1818 353 Innocentius
1827 344 1838 359 ‚
1858 321 1954 354 Catd.
1963 321 2176 363 n.1-.vers.Op-

1184 373 1257 404 pono
1266 364 1474 405 adsecundum
1485 387 1495 402 ,
1506 366 1642 397 Anchar.
1653 375 1732 396 num.
1746 376 1773 396 2.
1799 365 1832 396 in
1844 375 1945 406 pruna
1954 365 2151 406 oppositione
2163 387 2173 401 ‚

1185 408 1218 439 &
1239 407 1294 439 alii
1304 409 1517 440 communiter
1526 431 1534 439 .
1557 408 1647 439 fallit
1658 416 1763 439 tamen
1772 409 1832 440 hoc
1843 407 2015 440 secundum
2024 408 2134 440 Innoc.
2145 419 2173 440 n.

1188 460 1214 482 1.
1226 451 1306 490 verfi
1325 452 1354 482 E
1357 460 1371 481 t
1380 449 1511 491 haeesunt
1521 461 1597 482 vera
1607 473 1617 486 ‚
1637 452 1670 481 &
1679 459 1790 482 omnes
1801 453 1955 493 praealleg.
1977 452 1997 482 fi
2007 452 2130 489 crimen
2139 451 2177 483 fit
2195 454 2215 483 6

1184 493 1264 529 talc,
1284 502 1317 524 ut
1329 493 1392 534 post
1403 493 1557 534 peractam
1569 493 1792 534 peonitentiam
1804 495 1952 535 impediat
1960 494 2056 526 officii
2067 504 2178 526 execu-

1183 536 1348 567 cutionem
1360 537 1465 577 ,aquia
1473 546 1550 567 tunc
1560 558 1570 572 ,
1581 536 1724 577 quamvis
1735 536 1892 576 prohiberi
1903 548 1969 569 non
1980 537 2070 578 poffit
2082 538 2117 569 in
2127 537 2176 569 su-

1182 578 1294 618 sceptis
1305 579 1482 612 ministrare
1492 602 1502 615 ,
1523 580 1570 610 vel
1582 581 1619 611 ad
1632 579 1802 619 superiores
1813 580 1975 612 ascendere
1985 603 1995 617 ‚
2014 581 2091 621 quia
2100 581 2177 618 deli-

1183 621 1267 653 ctum
1279 623 1443 654 occultum
1453 622 1656 658 est,ut·statim
1666 622 1771 653 dicam
1781 624 1814 653 in
1824 633 1854 653 2.
1866 632 1925 654 not.
1936 633 2042 655 tamen
2053 632 2174 664 peccat,

1181 664 1242 697 five
1254 665 1407 697 ministret
1416 688 1426 702 ,
1439 666 1497 697 sive
1509 674 1730 706 promoveatur
1740 687 1750 701 ‚
1762 667 1942 706 arg.e.Erga
1954 666 2170 707 fimoniacosfl.

1181 718 1208 746 q.
1216 718 1241 739 1.
1253 714 1290 740 ΕΤ
1299 718 1363 749 cap.
1375 708 1558 746 Manum,
1568 706 1653 749 infrd
1664 707 1700 739 de
1703 708 1814 751 fimon.
1824 709 1854 740 &
1866 708 1908 740 est
1917 710 2087 749 expressum
2097 712 2130 741 in
2140 708 2172 741 d.
2193 718 2213 747 7

1181 762 1206 783 c.
1208 750 1268 793 fin.
1277 751 1362 794 infra*
1371 750 1432 783 eod.
1453 752 1518 789 ibi,
1540 755 1652 785 Preter
1667 762 1732 782 reos
1749 749 1926 783 homicidii.
1954 751 2037 793 Qre
2061 762 2167 785 autem.

1182 794 1241 826 smt
1253 795 1406 836 ejusmodi
1417 793 1656 836 crimina‚plene
1669 803 1799 826 notatur
1810 805 1862 835 per
1874 794 1983 826 DD.in
1993 795 2069 826 cdvi
2087 808 2097 828 i
2108 795 2177 828 ciam

1180 837 1298 878 pridem
1309 861 1318 875 ‚
1341 845 1368 876 ς.
1381 842 1509 879 Propter
1518 837 1731 878 conscientiam
1740 860 1749 873 ‚
1770 839 1802 869 δι’
1813 837 1858 869 ibi
1866 837 1933 869 dixi
1941 859 1952 874 ,
1973 837 2010 869 de
2022 836 2178 870 renunt.&

1180 874 1336 924 in'c.Atst
1344 883 1460 914 Clerici
1474 905 1483 918 ‚
1504 884 1531 919 §.
1543 883 1593 914 De
1606 880 1783 912 Adulteriis
1793 903 1802 917 ‚
1824 881 1879 912 ubi
1890 881 1925 912 in
1935 880 2034 922 specie
2045 881 2130 912 Butr.
2143 879 2180 911 de

1179 923 1270 961 judic.
1292 925 1402 965 Itaque
1413 935 1447 956 ut
1458 925 1570 956 dicunt
1581 926 1622 965 gl.
1635 926 1667 956 ὃς
1679 925 1791 955 Innoc.
1811 924 1956 965 quamvis
1977 922 2102 955 facilius
2115 923 2178 955 im-

1181 968 1323 1007 pediatur
1333 970 1565 1009 promovendus
1574 990 1584 1004 ,
1594 969 1689 1009 quum
1698 967 1868 1007 dejiciatur
1878 977 2052 1008 promotus3
2065 977 2173 998 tamen

1178 1014 1281 1051 quoad
1297 1012 1355 1042 hoc
1368 1022 1432 1043 non
1444 1011 1645 1043 constituitur
1661 1009 1840 1042 differentia
1852 1010 2170 1051 interprornotum&

1179 1057 1429 1094 promovendum
1441 1065 1452 1090 ;
1464 1065 1537 1086 nam
1549 1054 1569 1085 si
1583 1054 1704 1086 crimen
1716 1064 1782 1084 non
1794 1054 1943 1094 impediat
1954 1053 2089 1084 Ordinis
2100 1063 2170 1084 exe-

1179 1099 1344 1129 cutionem
1361 1098 1424 1138 post
1434 1098 1656 1138 poenitentiam
1676 1096 1830 1138 peractam
1843 1119 1852 1133 ‚
1871 1096 1950 1128 licet
1970 1096 2005 1128 sit
2025 1106 2176 1132 enorme,

1178 1139 1353 1172 dummodo
1363 1151 1469 1172 tamen
1481 1141 1515 1172 sit
1525 1142 1688 1172 occultum
1701 1163 1711 1176 ‚
1731 1140 1829 1183 potest
1838 1140 1909 1181 quis
1921 1139 1984 1171 fine
1996 1148 2129 1180 peccato
2139 1139 2176 1170 in

1179 1183 1324 1224 susceptis
1336 1183 1513 1216 Ordinibus
1525 1183 1700 1215 ministrare
1709 1205 1719 1219 ,
1732 1185 1763 1215 &
1776 1185 1812 1214 ad
1825 1183 1961 1224 majores
1972 1182 2173 1223 promoveri,

1180 1226 1303 1259 licetur
1313 1230 1490 1259 monendus
1501 1250 1510 1264 ‚
1521 1237 1556 1260 ut
1570 1226 1724 1258 abstineat
1736 1226 1752 1256 ὰ
1774 1226 1978 1266 suscipiendis
1991 1248 2001 1262 ‚
2021 1236 2055 1257 ut
2067 1224 2130 1262 hic,
2141 1227 2176 1257 &

1178 1270 1274 1302 faciat
1286 1270 1389 1302 aetum
1400 1271 1612 1306 meritorium,
1623 1270 1643 1301 sl
1655 1269 1785 1300 Praelato
1794 1270 1853 1300 hoc
1865 1267 2007 1300 suadenti
2019 1279 2055 1300 ex
2070 1269 2172 1299 hurni-

1178 1314 1268 1345 litate
1278 1315 1484 1354 obtemperet,
1497 1314 1610 1345 secund
1616 1313 1669 1344 um
1680 1313 1791 1343 Innoc.
1802 1323 1832 1344 n.
1840 1322 1866 1343 1.
1877 1311 1957 1351 vers.
1973 1314 2047 1342 Item
2057 1323 2113 1342 non
2125 1311 2175 1343 hoc

1177 1357 1242 1388 ideo
1252 1360 1394 1397 precipit.
1407 1358 1440 1388 Si
1451 1356 1526 1389 vero
1536 1356 1687 1397 impediat
1699 1355 1834 1386 Ordinis
1846 1355 2067 1386 executionem
2082 1377 2090 1389 ,
2111 1365 2171 1385 nec

1177 1400 1273 1440 potest
1286 1400 1461 1432 ministrare
1473 1423 1482 1437 ,
1504 1410 1561 1431 nec
1573 1399 1752 1440 promovet-i
1763 1398 1827 1430 fine
1839 1406 1972 1439 peccato
1982 1419 1992 1434 ‚
2013 1396 2090 1428 licct
2101 1407 2171 1437 pro-

1176 1444 1278 1475 hiberi
1289 1454 1354 1475 non
1366 1443 1456 1483 poffit
1467 1465 1477 1480 ‚
1488 1454 1522 1474 ut
1533 1453 1605 1474 mox
1615 1443 1743 1474 dicetur
1759 1466 1767 1473 .
2159 1451 2161 1453 ’

1217 1486 1365 1518 Secundo
1377 1497 1454 1518 nota
1464 1509 1474 1523 ,
1486 1486 1670 1527 Episcopum
1680 1508 1690 1522 ,
1700 1486 1756 1527 qui
1766 1496 1818 1527 per
1829 1484 2056 1518 confessionem
2066 1485 2173 1518 crimi-
2193 1487 2213 1516 8

1176 1529 1304 1565 nofi,vel
1316 1530 1390 1561 alias
1401 1531 1542 1574 eutrajud
1550 1529 1683 1564 icialiter
1694 1530 1784 1561 novit
1795 1530 1918 1562 crimen
1927 1539 2174 1571 quantumcum-

1175 1584 1235 1614 que
1248 1584 1389 1609 enorme,
1402 1583 1467 1604 non
1478 1573 1559 1614 posse
1572 1573 1618 1604 illi
1630 1572 1769 1604 absolute
1782 1573 1985 1608 interdicere,
1998 1583 2037 1604 ne
2049 1583 2176 1613 promo-

1176 1626 1286 1648 veatur
1297 1619 1335 1648 ad
1345 1616 1485 1648 Ordines
1496 1639 1505 1652 ,
1530 1618 1550 1647 11
1563 1617 1685 1647 crimen
1699 1616 1734 1646 stt
1745 1617 1908 1648 occultum
1922 1627 1930 1652 ⁴,
1942 1614 1992 1646 hic
2004 1617 2088 1648 enirn
2100 1617 2178 1658 deli-

1174 1658 1260 1692 <stum
1271 1669 1337 1691 erat
1351 1670 1479 1691 enorme
1491 1659 1662 1690 secundum
1673 1660 1841 1691 Innocent.
1854 1662 1887 1690 in
1900 1661 2028 1701 princip.
2049 1661 2082 1691 δι’
2091 1669 2175 1700 patet

1175 1713 1209 1735 ex
1223 1704 1324 1735 verbis
1336 1713 1440 1735 textus
1449 1726 1458 1739 ,
1469 1704 1524 1734 ibi:
1536 1702 1626 1734 Adeo
1641 1702 1781 1740 deliquit,
1792 1703 1860 1746 utfi
1869 1711 2023 1743 peccatum
2034 1702 2095 1741 ejus
2106 1702 2176 1744 esset

1173 1745 1320 1787 publicum
1331 1745 1552 1785 degradaretur
1571 1745 1610 1778 ab
1629 1746 1750 1778 Ordine
1758 1768 1768 1783 ,
1787 1756 1870 1784 quem
1883 1744 2014 1786 suscepit
2023 1765 2032 1772 π
2055 1746 2173 1787 Hujus-

1175 1791 1262 1822 modi
1273 1790 1359 1821 enim
1371 1801 1463 1830 poena
1475 1800 1540 1820 non
1553 1789 1713 1829 infligitur
1722 1789 1780 1821 nisi
1792 1788 1930 1821 Clericis
1941 1789 2114 1820 enormiter
2123 1791 2174 1821 de

1174 1833 1390 1874 linquentibus
1401 1833 1434 1864 in
1446 1833 1564 1865 casibus
1577 1832 1611 1864 in
1621 1833 1688 1875 jure
1701 1833 1843 1874 expressis
1855 1855 1864 1869 ,
1887 1842 1919 1864 ut
1928 1835 1961 1864 in
1972 1843 1997 1864 c.
2008 1831 2173 1875 Adjnlsa-

1173 1879 1285 1907 riorum
1296 1899 1304 1912 ‚
1323 1877 1359 1907 de
1369 1879 1454 1908 crim.
1463 1876 1559 1918 fl‘lst'
1582 1887 1606 1907 c.
1619 1875 1676 1907 Ad
1686 1875 1865 1908 abolendam
1877 1899 1887 1913 ,
1903 1874 1940 1906 de
1952 1875 2047 1906 heret.
2066 1887 2090 1907 c.
2102 1877 2173 1907 Na—

1173 1922 1292 1955 vimus,
1302 1918 1543 1962 dc·verb.stgnif
1555 1921 1585 1951 &-
1597 1918 1686 1959 pleni¹
1700 1930 1829 1951 notatur
1837 1922 1869 1950 in
1880 1931 1905 1951 c.
1917 1917 1997 1951 Cum
2007 1929 2064 1949 non
2073 1917 2112 1951 nb
2123 1919 2171 1950 ho-

1172 1966 1253 1994 mine
1263 1985 1272 1998 ‚
1284 1966 1320 1994 de
1332 1962 1423 2001 judic.
1438 1966 1475 1994 <J
1485 1966 1517 1993 in
1527 1974 1551 1994 c.
1566 1975 1593 1994 a.
1606 1961 1642 1993 de
1651 1971 1726 2002 poen.
1740 1962 1794 1994 lib.
1807 1966 1836 1993 6.
1857 1962 1896 1994 Et
1907 1961 2057 1993 delictum
2078 1962 2170 1993 inno—

1173 2007 1234 2037 tuit
1246 2006 1395 2048 Episcopo
1406 2017 1458 2046 per
1468 2005 1696 2037 confessionem
1707 2006 1751 2037 rei
1763 2029 1772 2042 ,
1785 2016 1819 2037 ut
1830 2014 1920 2037 notat
1931 2003 1980 2036 hic
1992 2005 2080 2045 gloss.
2091 2004 2170 2047 infi-

1168 2052 1326 2088 guratione
1336 2048 1435 2087 casus,
1445 2048 1541 2091 infin.
1554 2049 1590 2080 Et
1601 2047 1683 2080 forte
1698 2050 1730 2080 in
1744 2048 1814 2080 foro
1825 2048 2040 2090 poenitentiali
2051 2071 2061 2085 ,
2072 2059 2107 2080 ut
2119 2049 2167 2080 in-

1172 2094 1242 2123 nuit
1259 2093 1433 2129 litte1·a,ibi,
1446 2095 1663 2124 Patlitentiiim
1677 2095 1704 2123 ei
1715 2092 1893 2131 condignam
1901 2095 2040 2133 imponas
2050 2115 2057 2122 .
2070 2092 2109 2123 Et
2120 2102 2167 2123 ta·

1170 2147 1243 2167 men
1255 2137 1375 2167 decidit
1391 2145 1513 2167 textum
1525 2136 1622 2167 talem
1639 2134 1719 2176 posse
1730 2136 1860 2176 quidem
1880 2135 2097 2172 commoneri,
2117 2135 2167 2167 sed

1171 2190 1236 2210 non
1249 2179 1406 2219 prohiberi
1419 2201 1428 2215 ,
1439 2180 1611 2219 quominus
1624 2188 1847 2219 promoveatur
1858 2203 1866 2211 .
1877 2177 2040 2220 Qlinimo
2051 2179 2110 2210 hoc
2121 2178 2171 2211 ha-
2191 2191 2211 2218 9

1171 2223 1221 2253 bet
1235 2221 1474 2258 locum,etiamli
1486 2222 1608 2254 crimen
1621 2221 1655 2252 stt
1669 2223 1778 2258 micuit
1791 2223 1941 2263 impediat
1953 2221 2087 2253 Ordinis
2095 2232 2167 2254 exe-

1169 2267 1334 2296 curionem
1347 2266 1409 2306 post
1421 2265 1575 2306 peractam
1587 2265 1810 2306 poenitentiarn
1822 2290 1829 2296 .
1850 2265 1935 2296 Nam
1944 2265 1998 2296 etsi
2011 2265 2166 2307 ejusmodi

1169 2309 1303 2340 crimine
1317 2310 1456 2340 irretitus
1469 2320 1532 2339 non
1551 2309 1641 2349 possit
1655 2308 1716 2340 sinc
1736 2318 1866 2349 peccato
1887 2308 2061 2339 ministrare
2073 2330 2082 2343 ‚
2111 2318 2165 2340 aut

1169 2353 1359 2392 promoveri,
1371 2363 1403 2383 ur,
1416 2352 1534 2383 <lictum
1546 2351 1587 2383 est
1599 2351 1683 2392 supro.
1694 2361 1754 2382 nm.
1768 2361 1873 2383 tamen
1886 2353 1922 2382 ab
1935 2351 2086 2391 Episcopo
2095 2361 2164 2391 pro-

1170 2396 1215 2426 hil
1225 2396 1268 2427 eri
1282 2407 1346 2426 uon
1360 2395 1455 2436 potest
1469 2418 1477 2430 ,
1502 2405 1574 2426 cum
1586 2404 1749 2435 peccatum
1761 2398 1827 2437 ejus
1837 2395 2002 2425 occultum
2015 2394 2050 2425 sir
2062 2416 2071 2429 ,
2084 2404 2118 2425 ur
2130 2396 2164 2426 in

1168 2448 1233 2479 cap.
1251 2441 1303 2469 Ex
1315 2451 1366 2469 1:1ae
1377 2461 1386 2475 ,
1404 2437 1642 2480 inf'rcidefitnon.
1654 2440 1687 2468 ὃ(
1699 2448 1765 2477 arg.
1786 2449 1810 2468 c.
1823 2440 1860 2469 Si
1872 2446 1990 2468 tantum
2001 2459 2011 2472 ,
2033 2441 2061 2467 6.
2075 2446 2120 2473 qu.
2134 2449 2162 2468 z.

1169 2482 1207 2512 Et
1218 2482 1276 2512 hoc
1289 2492 1376 2513 tenet
1388 2483 1498 2512 Innoc.
1509 2481 1559 2512 hic
1571 2482 1762 2520 n.1.vers.Et
1770 2477 1902 2519 haecsunt
1913 2491 1986 2511 vera
1998 2502 2007 2515 ,
2020 2480 2165 2512 Hostien.

1168 2525 1626 2565 J0.Antl.&.1;iip1·ae21lleg.‚ti.
1637 2523 1735 2554 Ratio
1747 2522 1788 2554 est
1798 2546 1806 2559 ‚
1816 2523 1892 2564 quia
1902 2533 1975 2554 cum
1986 2523 2107 2554 crimen
2119 2524 2162 2555 se-

1167 2579 1290 2599 cretum
1303 2569 1349 2604 lit,
1362 2567 1548 2607 probatione
1559 2567 1782 2602 cessante,vind
1790 2567 1848 2606 ἱεὶς
1860 2566 1943 2597 ratio
1953 2566 2163 2606 conquiescit,

1167 2623 1191 2643 c.
1203 2611 1381 2649 Christiana
1392 2633 1400 2646 ‚
1423 2621 1470 2650 32.
1483 2620 1509 2647 q.
1525 2619 1551 2648 5.
1563 2609 1649 2640 Nam
1661 2610 1851 2641 secretorum
1862 2609 1941 2640 solus
1954 2609 2038 2640 Deus
2049 2610 2141 2650 judex
2153 2633 2163 2646 ,

1169 2659 1200 2686 ὅ(
1211 2665 1360 2689 εοειηωκ
1374 2654 1427 2688 est,
1438 2665 1461 2684 c.
1473 2652 1689 2693 Erubescant.3
1699 2651 1837 2693 :.d{st.6“⁴
1849 2651 2161 2693 c.Consulutsti,3.q.5.

1168 2699 1315 2729 Latentm
1330 2697 1425 2734 igitur
1439 2706 1566 2736 peccata
1577 2696 1676 2727 solum
1688 2695 1792 2726 Deum
1803 2697 1917 2726 habent
1929 2696 2084 2732 ultorem,
2096 2696 2159 2734 weg.

1157 2742 1339 2783 jusjurandi
1354 2763 1361 2775 ‚
1373 2743 1408 2771 C.
1419 2752 1455 2771 ue
1466 2740 1586 2777 jurejur.
1598 2741 1629 2770 &
1642 2750 1698 2770 not
1710 2739 1749 2779 gl,
1769 2739 1920 2779 praealleg.
1939 2736 1989 2770 hic
2000 2740 2032 2770 in
2041 2750 2105 2771 ver.
2117 2739 2161 2772 U·—

1168 2794 1253 2815 t:.¹tt‹r
1263 2807 1272 2820 ,
1293 2782 1328 2815 (J
1339 2786 1371 2814 in
1382 2795 1446 2814 ver.
1459 2784 1616 2814 Occultum
1628 2806 1635 2813 .

1211 2827 1348 2867 Oppono
1360 2837 1395 2857 ex
1407 2837 1420 2857 c
1466 2849 1472 2856 .
1486 2829 1578 2857 Prox.
1590 2824 1675 2864 infra'
1694 2824 1755 2857 eod.
1777 2825 1832 2856 ubi
1853 2834 1939 2865 patet
1958 2825 2163 2858 criminosum
2186 2836 2198 2858 1
2208 2837 2219 2858 1

1167 2872 1330 2913 occultum
1343 2836 1498 2910 prohifferi
1510 2869 1601 2909 poise,
1614 2880 1651 2900 ne
1661 2879 1882 2909 promoveatur
1893 2870 1928 2899 nd
1941 2867 2092 2905 Ordines,
2103 2880 2157 2901 cu-

1168 2915 1212 2954 jus
1223 2913 1419 2944 contrarium
1431 2911 1479 2943 hic
1491 2913 1650 2943 deciditur
1662 2936 1668 2942 .
1687 2913 1783 2942 Glorl'.
1797 2912 1850 2942 fin.
1862 2915 1892 2944 ὃ(
1904 2911 1992 2942 Host.
2005 2911 2053 2943 hic
2066 2924 2095 2944 n.
2110 2922 2158 2953 13.

1165 2956 1316 2987 &lun-oc.
1328 2957 1360 2986 in
1372 2955 1503 2995 ταμίη,
1514 2958 1546 2986 in
1558 2958 1653 2995 princ.
1672 2957 1726 2986 dat
1746 2956 1861 2986 multas
1882 2955 2052 2987 solutiones
2063 2979 2070 2987 .
2094 2955 2158 2986 Pri-

1164 3010 1215 3029 ma
1226 2998 1341 3029 solutio
1353 2998 1393 3029 est
1406 3021 1415 3033 ,
1428 2999 1511 3038 quod
1525 2997 1574 3028 hic
1601 3007 1703 3028 textus
1713 3001 1861 3038 procedat
1883 2998 1914 3029 in
1926 2997 2057 3030 Clerico
2067 3021 2077 3035 ‚
2099 2998 2156 3038 qui

1164 3043 1256 3072 habet
1270 3042 1318 3083 jus
1329 3042 1454 3081 petendi
1466 3041 1603 3072 Ordines
1615 3042 1739 3072 ratione
1751 3042 1838 3072 tituli
1849 3051 1962 3082 ,quem
1975 3043 2086 3077 habet,
2107 3041 2154 3071 vel

1163 3085 1345 3124 dignitatis.
1361 3083 1457 3115 Unde
1470 3085 1533 3115 siue
1544 3083 1636 3115 causa
1646 3085 1803 3124 prohiberi
1816 3095 1881 3116 non
1890 3085 1987 3125 potest
1999 3107 2008 3120 ,
2021 3093 2152 3124 argwnp.

1163 3127 1311 3158 Proterea'
1322 3149 1331 3162 ,
1350 3126 1504 3166 ilsecondo
1517 3150 1525 3163 ,
1544 3126 1628 3167 infra'
1638 3126 1812 3167 desponfitl.
1836 3127 1956 3159 Textus
1967 3127 2084 3158 veroin
2096 3125 2154 3157 d.c.

1163 3172 1259 3201 Prox.
1276 3170 1387 3201 habeat
1400 3171 1503 3201 locum
1516 3171 1549 3201 in
1560 3169 1690 3201 Clerico
1700 3181 1763 3201 non
1777 3171 1944 3202 intitulato
1956 3192 1965 3206 ,
1985 3169 2038 3210 qui
2047 3171 2094 3211 jus
2106 3180 2155 3209 pe-

1162 3213 1250 3244 tendi
1262 3223 1326 3243 non
1340 3213 1433 3244 habet
1443 3237 1450 3243 .
1471 3213 1509 3244 Et
1521 3213 1556 3244 in
1571 3214 1626 3244 hac
1638 3213 1795 3245 solutione
1807 3214 1917 3244 residet
1935 3214 1976 3252 gl.
1999 3215 2072 3242 dum
2084 3222 2154 3242 eam

1161 3257 1252 3296 ponit
1264 3256 1364 3287 tertio
1374 3257 1445 3286 loco
1457 3277 1465 3291 ,
1477 3266 1528 3296 per
1541 3256 1595 3288 illa
1606 3257 1699 3288 verba
1709 3279 1717 3292 ,
1729 3258 1783 3287 Vel
1791 3258 1900 3287 melius
1912 3278 1918 3284 .
1932 3255 1969 3286 lit
1981 3255 2063 3285 idem
2076 3253 2152 3286 facit

1161 3299 1248 3330 Host.
1262 3311 1290 3329 n.
1307 3309 1353 3339 13.
1366 3302 1439 3338 vers.
1451 3300 1504 3330 Vel
1514 3300 1640 3335 melitis,
1654 3300 1807 3339 adjiciens
1823 3301 1901 3330 hanc
1914 3296 2102 3328 solutionem
2116 3295 2153 3328 ab

1160 3342 1307 3373 omnibus
1327 3344 1541 3373 communiter
1561 3344 1797 3374 commendari.
1830 3342 1867 3372 Et
1888 3340 1947 3371 fuit
1976 3339 2153 3371 intellec‘kus

1160 3385 1359 3426 Raymun-ad
1379 3387 1462 3416 hunc
1484 3395 1606 3417 textum
1619 3409 1628 3422 ‚
1655 3397 1748 3426 quem
1761 3384 1898 3425 sequitur
1909 3383 2025 3414 Silvell.
2045 3386 2078 3414 in
2093 3395 2152 3414 ver.

1159 3429 1244 3460 Ordo
1255 3450 1264 3464 a
1279 3437 1367 3469 349.
1380 3429 1413 3460 &
1423 3439 1459 3460 ex
1470 3428 1700 3462 recentioribus
1712 3427 1886 3500 ThZSmch.
1898 3429 1930 3458 in
1941 3426 2032 3459 tratt.
2040 3427 2076 3475 de
2087 3437 2150 3456 mn-

1832 3479 1846 3510 3
2022 3479 2104 3500 Isim.

2189 2491 2227 2514 10
