2397 3664
225 102 320 150 ³34

169 172 296 206 nardus,
306 169 389 210 quod
402 177 524 210 propter
536 163 741 207 pestilentiam
755 161 845 194 aei-is,
860 160 936 190 licut
947 167 1070 198 propter
1081 159 1160 206 peri:

172 213 278 244 culum
292 213 404 244 mortis
415 234 424 248 ‚
444 212 534 243 debet
549 206 673 239 admitti
686 204 801 239 cessim
822 204 907 243 quod
920 202 960 232 est
974 211 1095 237 verum,
1106 202 1161 232 ubi

170 254 212 285 est
231 266 376 296 perpetua
395 252 567 294 pestilentia
579 273 588 286 ‚
609 250 655 280 vel
672 249 768 286 longo
779 255 918 285 tempore
936 246 1105 291 duratura,
1127 254 1162 275 ut

169 297 202 329 in
217 297 404 336 Sinmaefia,
417 298 447 327 &
459 293 653 326 Comaccliia
666 314 672 321 .
684 289 775 332 Qiid
786 289 974 320 dicendum?
987 297 1088 334 magis
1101 287 1162 327 pla-

171 350 223 373 cet
247 331 345 382 prima
365 339 474 379 opinio
496 335 686 368 Hosticufis,
705 332 783 373 quia
803 340 943 371 tempore
967 330 1076 377 pestis,
1097 339 1163 377 non

178 383 308 416 Prstlato
321 381 446 414 tantum
458 403 466 415 ,
488 380 535 411 sed
548 377 737 419 generaliter
749 375 924 416 periculum
946 374 1094 411 omni-bus
1105 383 1164 403 im-

172 428 273 459 minet
288 439 297 462 ;
320 429 350 457 ὃ(
366 424 436 455 ideo
449 422 523 454 cum
538 421 733 453 subditorum
753 419 832 450 salus
850 418 955 457 exigat
966 417 1099 458 persona:
1111 414 1165 447 Pa-

172 471 259 502 storis
292 468 484 509 proescritiam
495 487 504 501 ,
526 475 591 496 non
613 465 705 496 debet
728 461 831 493 Pastor
853 460 1055 502 personaliter
1075 459 1164 491 suum

173 522 296 550 ercet-m
307 512 441 542 deserete
452 532 461 543 ,
481 518 582 549 neque
594 516 716 548 propter
729 505 856 545 aliquod
869 507 1072 535 commodum
1084 512 1163 534 tem-

171 546 277 595 porale
288 576 297 589 ‚
321 564 422 594 neque
433 552 531 584 etiam
543 560 666 592 propter
677 549 804 589 aliquod
817 547 975 588 personale
986 546 1164 588 periculum

170 597 339 629 imminens
351 620 359 631 ,
373 596 446 628 cum
457 596 557 627 bonus
570 594 673 626 Pastor
685 593 824 624 animam
838 591 922 622 stiam
934 600 1048 631 ponere
1061 599 1165 620 tenea-

170 650 221 671 tur
234 650 287 681 pro
299 641 411 671 ovibus
423 638 502 670 suis:
520 647 623 670 textus
635 636 674 667 cst
690 636 722 666 in
732 636 972 677 c.AdverJ1tas.
990 634 1087 669 §.l-loc
1096 641 1164 663 tunc

163 682 352 723 servandum
364 706 373 719 ,
395 692 453 720 7.q.
463 692 487 713 1.
498 683 529 712 ἃ
541 683 634 712 docet
646 678 839 710 D.Tli0m.in
854 688 915 707 2.2.
927 677 1163 714 q.185.art.5.in

171 737 248 767 corp.
260 729 292 758 &
305 727 350 758 ita
361 726 527 766 Episcopus
538 735 575 756 ex
587 722 678 755 causa
695 721 874 762 pestilentia:
887 730 952 751 non
965 719 1060 766 potest
1072 720 1163 764 cede-

172 781 204 801 re
216 793 224 805 ,
251 768 315 801 imo
328 780 384 801 nec
398 771 433 800 ad
456 778 576 808 tempus
596 766 712 801 abesse,
733 764 805 795 cum
826 773 971 794 teneatur
983 772 1015 793 in
1026 762 1164 793 Ecclesia

173 813 224 844 sua
235 813 370 844 omnino
385 813 514 844 residere
526 833 535 847 ‚
557 821 589 841 ut
604 821 634 841 re
648 805 884 847 diligentissime
898 805 1077 837 examinata
1087 804 1167 835 olim

174 854 565 893 cmimir-§.congregatio
575 852 717 883 Concilii
728 861 744 880 a
755 850 908 881 §.carolo
920 849 1097 879 Bori'omaeo
1109 848 1167 878 Ar-

177 900 376 940 cliiepiscopo
390 891 621 929 Mediolanensi
633 894 776 926 consulta
788 915 797 929 ‚
819 894 909 934 cujus
930 891 1117 922 sententiam
1130 891 1167 921 ad

173 942 202 973 se
214 944 344 974 relatam
357 940 538 982 approbavit
553 938 646 969 sanct
659 935 927 975 memfiregorim
939 935 1063 965 X111.ut
1075 933 1165 975 plene

159 1016 161 1019 ,
175 985 398 1016 adnotavimus
408 986 440 1014 in
451 982 565 1014 d.c.ult.
575 981 595 1012 a'
605 989 705 1021 nu.37.
717 982 748 1010 ὃς
761 979 927 1020 pra-'sertim
936 983 1019 1017 7146.
1032 978 1117 1019 fasque
1127 977 1168 1008 ad

172 1036 256 1066 7252.
268 1027 304 1058 dc
315 1024 550 1067 Cler.noe1rcsid.

216 1072 258 1101 At
271 1069 346 1101 vero
357 1067 474 1101 cumin
488 1070 560 1099 loco
571 1078 635 1098 non
649 1066 734 1107 viget
745 1065 897 1106 epidimia
908 1088 918 1101 ,
939 1064 990 1095 seu
1004 1063 1091 1104 pestis
1102 1062 1166 1094 for-

172 1114 263 1144 malis
274 1135 283 1149 ,
296 1114 328 1144 &
343 1123 421 1144 aeris
432 1111 569 1152 qualitas
588 1121 651 1141 uon
664 1110 854 1149 generaliter
863 1108 1010 1140 omnibus
1021 1129 1030 1143 ,
1052 1107 1099 1138 sed
1113 1106 1168 1147 ipsi

171 1155 303 1187 Praelato
313 1178 322 1192 ‚
343 1157 375 1187 ὃ(
387 1156 454 1194 ejus
466 1153 682 1194 complexioni
695 1153 869 1193 specialiter
881 1152 921 1183 est
936 1151 1075 1187 infensa,
1089 1150 1168 1181 adeo

173 1208 286 1231 utnon
306 1199 397 1238 possit
424 1199 468 1230 ibi
481 1197 612 1229 residere
625 1197 686 1227 sine
707 1195 936 1227 metumottis:
956 1205 995 1226 co
1013 1194 1168 1225 cal'ucuin

174 1242 349 1282 periculum
370 1252 435 1272 non
455 1241 621 1272 immineat
646 1239 793 1270 omnibus
811 1238 1022 1279 generaliter,
1043 1236 1168 1268 sed³soli

176 1285 340 1325 Episcopo,
352 1287 383 1316 δε
398 1285 572 1316 animarum
585 1283 662 1314 salus
672 1292 742 1314 tuta
755 1283 813 1313 esse
827 1282 917 1323 poss'it
929 1292 980 1321 pei·
990 1281 1085 1312 alium
1099 1279 1169 1320 Pre-

177 1330 275 1367 latum
287 1350 297 1364 ‚
318 1328 369 1359 cui
382 1327 458 1358 coeli
471 1327 606 1367 qualitas
617 1336 683 1357 non
695 1326 731 1357 sit
744 1326 868 1358 adversa
879 1348 888 1361 ,
908 1327 938 1356 &
950 1324 1004 1365 qui
1017 1323 1107 1365 possit
1120 1323 1166 1354 ibi

173 1370 279 1402 secure
295 1372 410 1402 morari
424 1371 563 1410 :ntique
583 1380 619 1400 ex
639 1370 695 1400 liae
708 1368 799 1400 causa
820 1369 914 1409 potesl
928 1368 1093 1409 Episcopus
1106 1366 1166 1398 ces-

175 1415 292 1446 sionem
304 1424 426 1455 perere,
450 1414 526 1445 &in
540 1414 598 1444 lioc
609 1413 680 1444 casu
701 1412 796 1452 potest
809 1412 945 1452 intelligi
967 1411 1025 1452 ipse
1038 1420 1140 1442 textus
1151 1433 1159 1441 .

569 72 978 145 Prospfagnan.
1011 73 1062 126 iu
1080 69 1303 128 Primum
1333 69 1541 124 Librum
1555 68 1819 123 Decretas.

1203 168 1330 199 petrium
1342 179 1352 193 ‚
1372 166 1426 188 aut
1446 166 1498 196 per
1519 157 1650 197 longum
1660 163 1800 197 tempus3
1820 157 1858 187 de
1878 156 1935 188 hac
1946 159 2031 191 enim
2041 159 2191 201 intempe-

1202 199 1247 232 rie
1263 199 1487 239 intelligendus
1497 198 1540 230 est
1551 198 1670 230 isaia&
1685 200 1797 230 nonde
1807 197 1932 230 formali
1943 201 2134 240 pestilentia,
2156 212 2191 234 ut

1202 245 1367 275 oflendunt
1379 243 1521 283 exempla
1530 240 1784 282 Signigallien&
1794 240 2004 275 comachien.
2014 243 2108 277 Secus
2118 245 2194 277 vero

1205 287 1225 317 si
1238 287 1312 318 ess'ct
1324 283 1433 326 parum
1444 287 1594 317 duratura
1603 307 1613 320 ‚
1622 286 1698 325 quia
1709 294 1785 316 tunc
1797 294 1862 316 non
1871 285 1945 316 esset
1955 286 2033 328 justa
2041 287 2117 319 caus
2115 299 2132 319 a
2142 291 2194 321 ad-

1204 329 1355 361 mittendi
1379 328 1548 360 cessionem
1559 350 1570 365 ‚
1590 329 1638 360 sed
1654 326 1754 360 solum
1773 329 1868 360 dandi
1889 327 2052 360 licentiam
2063 339 2128 362 non
2149 340 2194 363 re-

1206 372 1324 415 sidendi
1336 373 1372 403 ad
1384 372 1506 411 aliquot
1526 371 1646 403 menses
1663 379 1753 402 extra
1772 370 1931 403 dioecesim
1943 370 1976 402 in
1999 371 2195 412 aliquovici-

1205 415 1292 447 niori
1313 437 1323 451 ‚
1344 416 1377 447 δι’.
1398 414 1511 445 tutiori
1532 415 1604 445 loco
1618 436 1628 450 ‚
1648 423 1683 446 ut
1703 414 1800 446 moris
1815 414 1857 446 est
1881 414 1910 446 S.
1921 413 2194 455 Congregationis

1205 458 1349 490 Concilii
1361 480 1371 495 ‚
1393 455 1564 489 secundum
1575 467 1611 489 ea
1621 479 1631 493 ,
1649 467 1717 498 quae
1726 456 1827 498 scripsi
1837 459 1870 490 in
1880 468 1905 489 c.
1915 457 2022 495 Licet,
2041 461 2145 499 nit-46.
2155 456 2194 492 <9¹

1203 511 1255 542 47.
1267 499 1361 543 inficit
1372 498 1456 542 praeb.

1246 544 1365 576 Rursus
1385 545 1444 575 lioc
1464 545 1703 584 temperandum
1722 542 1764 574 est
1774 565 1784 580 ,
1805 543 1978 576 dummodo
1998 544 2197 585 intemperies

1204 588 1296 624 acris,
1306 588 1356 619 seu
1368 587 1444 618 coeli
1455 587 1663 619 inclementia
1674 595 1793 617 naturae
1804 586 1943 628 Episcopi
1955 588 2079 619 adversa
2089 588 2194 628 vigeat

1210 642 1276 662 non
1290 631 1399 662 tanum
1413 632 1447 662 in
1457 630 1590 662 civitate
1601 652 1610 665 ‚
1632 629 1679 660 sed
1692 629 1790 661 etiam
1801 629 1834 661 in
1846 630 1995 667 dioecesi5
2019 630 2094 662 alitis
2105 631 2193 662 enim

1205 676 1224 705 si
1238 675 1426 714 reperiretur
1439 674 1472 705 in
1482 673 1595 714 diecesi
1608 673 1721 713 aliquis
1733 673 1869 709 locus‚in
1878 684 1943 714 quo
1952 674 2119 715 Episcopus
2129 674 2197 715 pos-

1204 718 1245 748 set
1257 717 1362 748 secure
1374 717 1492 748 morari
1504 739 1513 753 ‚
1524 717 1619 747 cessio
1630 725 1695 746 non
1705 716 1777 750 esset
1788 716 1996 754 admittenda,
2007 727 2041 749 ut
2051 718 2194 750 observat

1209 760 1474 792 Iflmnin.l>aris.de
1484 757 1982 803 resign.bencfilc'b.5.q.3.71.244.&
1992 760 2135 800 quamvis
2147 761 2196 792 ni-

1210 804 1256 835 hil
1270 805 1382 844 alleget
1395 825 1405 840 ,
1417 813 1524 835 tamen
1537 803 1609 834 satis
1621 803 1769 843 probatur
1780 813 1816 833 ex
1827 803 1973 833 doctrina
1992 803 2193 836 Mai-‚Socim

1208 850 1240 878 ἐπ
1250 846 1328 878 rubr.
1340 846 1377 877 de
1388 846 1481 877 dilat.
1487 846 1557 889 five
1566 857 1599 877 m
1608 845 1736 877 trastde
1745 844 1915 876 citatiomb.
1928 849 2042 878 art.18.
2054 845 2154 885 my&
2164 853 2194 879 ὁ.

1205 888 1352 931 falari-&¹
1361 893 1394 921 in
1403 889 1460 921 d.c.
1468 887 1636 925 Accedens,
1646 889 1671 919 il
1681 891 1744 920 κάη
1756 886 1934 927 5.notab.Ut
1944 885 2065 920 lite'iion
2075 889 2194 926 contest.

1207 944 1302 974 quam
1316 933 1359 965 ibi
1371 933 1507 973 sequitur
1519 930 1836 971 Felin.n.10.vers.Et
1847 931 1925 964 dicit
1935 934 2109 963 Marianus
2118 954 2127 968 ,
2148 932 2198 963 vi-

1206 977 1321 1008 delicet
1333 976 1418 1017 quod
1430 976 1449 1007 si
1462 976 1597 1008 accessus
1608 978 1644 1007 ad
1658 976 1765 1006 locum
1775 975 1848 1006 efl'et
1856 976 2020 1016 multiplex
2031 997 2041 1011 ,
2059 985 2126 1006 non
2135 974 2198 1006 suf-

1201 1021 1320 1057 ficere,
1340 1020 1360 1050 si
1373 1020 1488 1051 citatus
1509 1023 1546 1051 ad
1568 1020 1813 1058 comparendum
1833 1019 1978 1058 probaiet
1988 1026 2086 1049 unum
2096 1017 2196 1049 acces-

1207 1066 1270 1095 sum
1283 1075 1348 1094 non
1360 1064 1416 1094 elle
1429 1073 1554 1099 tutum3
1575 1062 1622 1093 sed
1635 1061 1839 1093 necessarium
1851 1062 1923 1093 effer
1935 1063 2063 1102 probare
2074 1062 2198 1093 nullum

1206 1117 1243 1138 ex
1256 1107 1318 1138 illis
1331 1106 1500 1138 accessibus
1515 1106 1573 1137 ess’e
1584 1115 1688 1137 tutum
1702 1117 1708 1136 :
1723 1105 1797 1136 alias
1805 1105 1951 1145 probatio
1963 1115 2027 1136 non
2039 1105 2111 1136 esset
2123 1114 2199 1136 conv

1209 1151 1339 1181 cludens
1351 1147 1524 1181 necessario
1534 1161 1546 1185 ,·
1566 1152 1651 1190 quod
1661 1149 1742 1181 dicit
1751 1149 1810 1180 esse
1822 1151 1998 1180 notandum
2009 1158 2065 1189 pro
2076 1148 2201 1180 cautela

1208 1194 1375 1224 retinenda
1386 1193 1417 1224 in
1431 1192 1566 1233 practica
1577 1193 1609 1223 in
1621 1192 1794 1224 formandis
1805 1192 1947 1223 articulis
1957 1214 1966 1223 .

2218 556 2260 585 24

1252 1235 1350 1267 Porro
1361 1238 1394 1267 in
1407 1236 1437 1267 S.
1450 1235 1522 1267 Con
1527 1236 1713 1276 gregatione
1733 1245 1836 1267 rerum
1847 1234 2122 1267 Consistorialium
2133 1244 2204 1276 pro·
2224 1243 2262 1275 25

1209 1279 1308 1319 posito
1319 1279 1417 1310 dubio
1427 1302 1436 1316 ‚
1458 1284 1499 1311 a'n
1512 1280 1547 1310 sit
1560 1279 1756 1311 admittenda
1765 1279 1861 1310 cessio
1869 1278 2012 1310 Ecclesioe
2033 1278 2200 1310 Balneote-

1209 1323 1292 1361 gien.
1304 1333 1398 1363 quam
1412 1324 1445 1354 in
1465 1323 1612 1355 manibus
1633 1321 1823 1354 Sanetimmi
1835 1322 1936 1353 facere
1949 1321 2045 1354 libere
2057 1321 2199 1353 intendit

1208 1365 1467 1398 R.P.D.Carolus
1478 1365 1630 1398 Azolinus
1642 1366 1726 1397 illius
1738 1362 1903 1405 Episcopus
1913 1388 1922 1401 ,
1935 1364 1972 1396 eo
1983 1363 2068 1405 quod
2081 1365 2200 1396 coelum

1208 1409 1271 1440 tam
1283 1409 1427 1441 civitatis
1438 1431 1448 1445 ‚
1469 1409 1561 1448 quam
1571 1409 1713 1440 dioecesis
1722 1409 1996 1448 balneoregienmt
2008 1407 2097 1439 testes
2105 1408 2200 1448 depo-

180 1456 219 1489 Et
231 1460 309 1489 lianc
321 1456 533 1489 differentiam
549 1479 558 1492 ,
578 1466 616 1487 an
628 1455 801 1496 periculum
825 1455 990 1486 immineat
1002 1454 1161 1489 omnibus,
1201 1463 1282 1484 nunt
1296 1475 1306 1488 ,
1317 1450 1395 1483 adeo
1407 1452 1461 1483 sibi
1475 1461 1579 1492 grave,
1598 1454 1630 1483 δέ
1640 1452 1696 1483 suae
1706 1451 1917 1491 complexioni
1930 1450 2128 1482 contrarium
2140 1450 2176 1482 sit
2186 1472 2197 1486 ,

181 1503 229 1532 vel
243 1501 299 1532 soli
310 1500 441 1531 l'raelato
452 1522 462 1536 ‚
474 1498 566 1531 latius
577 1499 744 1539 prosequor
755 1498 786 1529 in
797 1498 942 1530 dadan.
950 1495 1036 1535 50&
1046 1500 1077 1527 in
1086 1499 1168 1528 c.Ex

175 1552 262 1584 parte
273 1566 282 1580 ,
303 1546 387 1580 n.78.
398 1543 435 1574 de
442 1543 582 1576 Clennon
591 1542 682 1584 rcstd.
695 1541 759 1581 post
770 1541 882 1573 Innoc.
894 1543 925 1573 Se
938 1540 1091 1572 Doctores
1101 1543 1134 1572 in
1144 1551 1168 1571 c.

175 1587 258 1628 Nifi
268 1586 335 1619 cim:
345 1585 462 1626 pridem
473 1609 482 1623 ,
502 1583 585 1626 infrd
596 1584 657 1615 eod.

211 1630 284 1662 Hoc
301 1640 408 1661 tamen
420 1630 544 1660 videtur
554 1630 791 1668 temperandum
802 1629 890 1671 juxta
901 1627 1089 1659 sententiam
1101 1626 1167 1657 Bal-

176 1673 208 1705 di
219 1671 354 1713 superius
369 1673 459 1704 relati
472 1683 501 1703 η.
516 1682 532 1702 2
541 1681 566 1702 1.
577 1670 751 1702 dummodo
763 1671 964 1713 intemperies
976 1671 1054 1702 aeris
1066 1670 1166 1701 verisi-

174 1717 296 1748 militer
307 1714 412 1747 futura
433 1715 469 1747 sit
480 1715 642 1746 contraria
663 1714 879 1754 complexioni
897 1713 1041 1755 Episcopi
1052 1713 1084 1744 in
1103 1723 1168 1754 per-

1208 1507 1243 1528 ut
1255 1497 1399 1527 morbum
1410 1495 1487 1536 pene
1495 1495 1655 1527 exitialem
1666 1518 1676 1532 ‚
1696 1496 1783 1526 nulla
1793 1495 1932 1526 remedia
1943 1505 1978 1526 ex
1992 1494 2049 1525 illa
2060 1494 2138 1525 aeris
2149 1493 2198 1525 in-

1209 1539 1358 1579 temperie
1370 1539 1541 1571 admittens
1553 1561 1562 1574 ‚
1583 1537 1732 1570 metensis
1743 1539 1840 1578 passus
1850 1560 1859 1574 ,
1881 1548 1979 1578 nuper
1991 1538 2027 1568 ab
2039 1537 2103 1568 alio
2113 1539 2211 1569 coelo-

1208 1582 1384 1615 valetudini
1399 1582 1537 1614 redditus
1547 1604 1557 1618 ‚
1580 1584 1615 1614 ad
1631 1583 1712 1613 suam
1734 1581 1905 1612 Ecclesiam
1924 1580 2025 1612 redire
2036 1603 2046 1617 ‚
2066 1581 2098 1611 δέ
2119 1583 2199 1621 apud

1207 1637 1276 1658 eam
1285 1626 1415 1658 tesidere
1426 1648 1435 1662 ,
1445 1624 1502 1656 nisi
1514 1635 1588 1656 cum
1599 1635 1687 1656 certo
1698 1624 1771 1656 vitae
1782 1624 1923 1664 periculo
1933 1634 1998 1655 non
2010 1624 2101 1663 poffit
2114 1635 2121 1655 ε
2135 1623 2199 1656 Die

1211 1680 1258 1701 11.
1271 1670 1346 1710 Julii
1360 1675 1451 1708 1652.
1463 1668 1720 1710 S.Congregatio
1732 1668 1875 1704 censuit,
1886 1668 1906 1699 fi
1917 1666 2133 1699 sanctissimus
2144 1678 2200 1699 an-

1207 1723 1306 1749 nnat,
1327 1712 1497 1745 cessionem
1508 1713 1566 1743 effe
1580 1713 1809 1744 admittendam
1819 1734 1827 1742 .

314 1894 371 1948 D
442 1895 486 1950 E
587 1895 638 1948 R
707 1892 750 1947 Ε
816 1895 871 1948 N
941 1894 992 1947 U
1061 1894 1114 1946 N
1185 1894 1240 1948 T
1311 1893 1335 1947 I
1409 1895 1463 1948 A
1534 1891 1591 1947 T
1661 1891 1685 1944 I

639 2009 748 2059 Idem
765 2008 1018 2059 Innocentius
1029 2007 1057 2058 I
1061 2007 1088 2057 I
1093 2008 1122 2059 l·
1144 2006 1463 2075 ,Archiepiscopo
1481 2009 1517 2057 C
1519 2007 1722 2056 alaritano
1730 2044 1741 2056 .

844 2117 893 2172 C
961 2115 1009 2169 A
1066 2116 1107 2170 P
1159 2115 1212 2169 U
1245 2170 1257 2179 „
1276 2118 1331 2172 T
1438 2118 1504 2171 X.

288 2231 330 2271 1s1
342 2230 427 2270 cum
440 2230 602 2278 pridem:
623 2230 661 2268 &
674 2227 770 2267 infra
781 2254 790 2263 .
818 2227 858 2265 Si
870 2229 906 2265 in
920 2225 1127 2271 hujusmodi
1144 2226 1299 2266 ceffione
1307 2226 1452 2275 frugem
1465 2228 1534 2266 tibi
1549 2227 1716 2266 melioris
1729 2229 1815 2266 vitae
1824 2229 2014 2275 promittis
2027 2250 2042 2272 5
2055 2224 2147 2265 scire
2157 2238 2196 2265 te

303 2280 411 2319 debes
425 2293 500 2318 non
513 2277 579 2318 effe
591 2275 824 2317 sanctificato
834 2278 870 2314 in
881 2288 989 2314 utero
997 2275 1221 2315 sanctiorem
1236 2299 1250 2319 5
1274 2278 1311 2314 &
1323 2276 1407 2314 ideo
1417 2289 1490 2314 non
1501 2287 1652 2322 oportet
1666 2289 1703 2314 te
1714 2275 1986 2322 praedicationis
2000 2279 2071 2319 iam
2082 2271 2201 2313 susce-

181 2344 252 2379 ptae
262 2327 423 2368 deserere
437 2328 679 2365 ministerium
694 2343 702 2363 :
715 2324 799 2363 cum
813 2324 893 2367 ille,
903 2327 1002 2368 cuius
1013 2322 1093 2362 fieri
1107 2323 1248 2368 baiulus
1261 2323 1468 2369 recusabat„
1483 2323 1632 2362 tandem
1645 2323 1916 2369 ptaedicandum
1929 2325 2108 2370 receperit
2120 2335 2200 2360 ver-

183 2381 272 2419 bum
288 2377 385 2415 Dei.
405 2375 520 2424 Quod
531 2373 553 2412 si
565 2372 687 2413 forsan
703 2373 931 2412 humilitatis
941 2369 1048 2410 causa
1058 2371 1102 2409 de
1114 2371 1278 2410 culmine
1287 2375 1417 2421 quaeris
1435 2369 1645 2418 pontificali
1660 2370 1875 2410 descendere
1887 2395 1900 2415 5
1919 2385 1965 2409 eo
1986 2368 2063 2417 ipso
2071 2370 2202 2409 humi-
2249 2404 2252 2408 ,

183 2427 305 2467 litatis
315 2423 448 2462 videris
460 2426 606 2469 exigere
620 2421 718 2461 male
727 2423 922 2465 verticem,
933 2419 1033 2468 quod
1045 2431 1082 2457 te
1094 2422 1205 2458 nimis
1221 2423 1256 2458 in
1268 2417 1667 2470 1·efignand12pr0pofito
1681 2419 1834 2458 exhibes
1846 2423 2074 2466 pertinacem
2091 2449 2099 2456 .
2108 2422 2200 2468 quia

182 2488 270 2514 tunc
284 2478 318 2512 in
333 2486 368 2510 te
381 2485 504 2510 veram
520 2470 776 2509 humilitatem
789 2468 970 2508 custodies
982 2492 996 2513 5
1009 2466 1094 2506 cum
1106 2469 1143 2505 ὅ(
1154 2481 1216 2513 per
1225 2481 1306 2506 eam
1325 2468 1446 2506 locum
1463 2467 1657 2505 sublimem
1672 2465 1806 2516 fugies·j
1819 2468 1857 2505 &
1867 2480 1931 2514 per
1939 2466 2195 2506 obedientiam

186 2537 259 2561 non
271 2522 439 2560 dimittes
455 2550 464 2559 .
481 2520 623 2558 Intueri
637 2531 674 2558 te
686 2522 811 2567 itaque
826 2516 999 2555 volumus
1010 2540 1024 2561 5
1039 2515 1140 2564 quod
1152 2516 1228 2554 haec
1238 2516 1319 2554 sunt
1332 2515 1400 2554 illa
1412 2540 1426 2561 5
1446 2528 1510 2567 per
1525 2527 1604 2563 quae
1615 2515 1766 2554 cedendi
1778 2514 1977 2562 Episcopus
1999 2515 2197 2554 licentiam

186 2569 306 2616 potest
316 2567 499 2616 postulare
514 2584 523 2604 :
536 2565 763 2606 conscientia
775 2567 944 2605 criminis
958 2588 971 2610 5
990 2564 1165 2609 debilitas
1179 2566 1345 2611 corporis
1356 2588 1370 2608 5
1395 2564 1562 2602 desectus
1572 2561 1755 2609 scientiae,
1769 2564 1915 2602 malitia
1928 2563 2045 2610 plebis
2058 2587 2071 2608 5
2083 2575 2200 2613 grave

188 2617 400 2656 scandalum
414 2640 427 2661 5
442 2613 769 2664 irregularitasque
781 2612 940 2661 personae
954 2630 967 2656 ,-
984 2611 1088 2650 sedin
1102 2612 1157 2650 his
1168 2613 1341 2650 omnibus
1354 2611 1406 2650 est
1422 2609 1645 2650 observanda
1655 2612 1801 2650 cautela
1811 2639 1819 2647 .
1842 2612 2000 2657 Propter
2011 2612 2198 2649 conscien-

190 2669 282 2703 tiam
296 2679 394 2703 enim
410 2667 578 2702 criminis
592 2687 606 2708 5
633 2661 784 2702 cedendi
798 2660 916 2709 potest
931 2660 1083 2699 licentia
1102 2659 1278 2706 postulari
1293 2684 1307 2705 5
1324 2660 1362 2697 &
1375 2657 1526 2698 forsitan
1539 2673 1612 2697 non
1624 2660 1818 2704 cuiuslibet
1832 2684 1845 2705 5
1872 2656 1932 2698 sed
1944 2659 2140 2697 dumtaxat
2156 2660 2204 2697 il-

194 2713 263 2750 lius
278 2737 292 2758 5
319 2725 468 2758 propter
477 2711 576 2761 quod
587 2711 692 2758 ipsius
705 2709 817 2749 officii
828 2712 1003 2747 executio
1017 2733 1029 2753 5
1040 2709 1119 2755 post
1128 2709 1318 2754 peratstam
1330 2709 1573 2756 penitentiam
1587 2709 1808 2756 impeditur:
1824 2719 1908 2746 cum
1921 2705 1945 2743 fi
1957 2719 2200 2754 omnes‚quos

197 2763 321 2806 arguit
336 2762 563 2798 conscientia
573 2759 769 2803 cuiuslibet
785 2758 914 2804 eulpae,
925 2757 1113 2801 cederent2
1124 2759 1229 2802 pauci
1240 2757 1297 2794 vel
1309 2756 1401 2794 nulli
1418 2759 1453 2794 in
1469 2755 1537 2794 illo
1557 2756 1766 2795 ministerio
1776 2767 2023 2793 remanerent:
2036 2755 2073 2791 δε
2090 2753 2185 2794 infra
2196 2780 2206 2790 .

199 2806 291 2845 Alia
300 2807 386 2845 vero
396 2806 501 2846 causa
514 2808 564 2846 es‘t
585 2806 755 2845 debilitas
768 2808 933 2853 corporis
945 2828 958 2849 5
984 2817 1062 2852 quae
1076 2805 1186 2842 velex
1199 2802 1415 2843 infirmitate
1427 2829 1440 2849 5
1467 2804 1583 2842 velex
1597 2801 1784 2843 senecsstute
1797 2801 1964 2850 procedit
1979 2816 2063 2840 :nec
2076 2814 2205 2840 tamen

202 2856 324 2892 omnis
339 2878 352 2898 5
379 2853 436 2893 sed
450 2856 512 2894 illa
523 2854 759 2894 solummodo
772 2879 785 2900 5
795 2865 977 2903 perquam
992 2857 1175 2898 impotens
1189 2853 1351 2892 redditur
1361 2852 1406 2891 ad
1416 2851 1669 2900 exequendum
1682 2852 1843 2891 officium
1857 2849 2039 2896 pastorale
2051 2867 2061 2887 ε
2079 2864 2163 2889 nam
2179 2851 2205 2890 fi

201 2914 271 2949 pro
283 2901 444 2953 qualibet
459 2904 641 2950 corporali
656 2901 853 2941 debilitate
863 2925 876 2946 5
887 2899 1054 2946 susceptae
1065 2899 1249 2939 servitutis
1260 2900 1422 2940 officium
1435 2900 1545 2947 posset
1560 2899 1676 2939 deseri
1689 2925 1703 2946 5
1718 2899 1849 2938 frustra
1862 2899 1896 2936 se
1905 2895 2086 2937 fateretur
2100 2899 2205 2946 Apo-

203 2948 316 2987 stolus
330 2951 367 3003 in
382 2952 448 2986 suis
465 2950 743 2989 infiririitatibus
755 2950 908 2998 gloriari
923 2965 932 2985 ε
945 2948 1030 2987 cum
1044 2948 1229 2999 interdum
1243 2963 1314 2987 non
1326 2950 1406 2996 plus
1424 2948 1596 2987 hortetur
1606 2947 1727 2986 senilis
1738 2947 1909 2986 debilitas
1921 2946 2083 2996 aliquem
2099 2947 2205 2986 cede-

199 3008 379 3050 re-‚quam
396 2998 544 3049 moralis
569 3001 764 3038 maturitas
793 2999 941 3044 (quaein
956 2995 1099 3035 senibus
1109 2996 1302 3040 effesolet)
1329 2995 1445 3044 ipsum
1468 3000 1504 3035 in
1519 2994 1582 3033 suo
1595 2994 1720 3035 suadet
1741 2995 2110 3041 officiopermanere:
2137 3008 2206 3042 pro

201 3044 338 3082 talibus
351 3057 448 3080 enim
461 3045 505 3082 de
515 3044 547 3098 se
560 3046 649 3085 dicit
665 3043 1002 3094 Apostolus2Ct1m
1020 3043 1211 3089 infirmor,
1238 3058 1326 3083 tunc
1349 3044 1486 3083 sortior
1505 3041 1607 3088 sum3
1630 3046 1716 3093 quia
1738 3054 2017 3091 nonnumquam
2039 3045 2208 3091 corporis

204 3091 404 3130 infirmitas
433 3090 688 3133 fortitudinem
716 3093 836 3132 cordis
861 3105 1079 3140 augmentat
1089 3118 1097 3128 .
1126 3093 1198 3130 Pro
1221 3091 1367 3131 desectu
1386 3105 1533 3142 quoque
1557 3089 1717 3131 scientiae
1745 3091 1960 3139 plerumque
1980 3091 2099 3138 potest
2121 3094 2204 3141 quis

203 3152 328 3193 petere
346 3137 538 3176 cessionem
553 3164 565 3179 5
591 3145 677 3188 quia
694 3142 777 3180 ci‘im
792 3140 865 3188 ipsa
883 3144 981 3179 circa
1011 3141 1254 3188 spiritualium
1276 3140 1637 3179 administrationem
1663 3139 1705 3177 sit
1724 3138 1948 3187 potissimum
1966 3138 2166 3178 necessaria
2182 3163 2199 3185 5

202 3188 240 3224 &
262 3200 362 3241 circa
378 3200 503 3224 curam
526 3189 786 3241 temporalium
810 3201 1018 3236 opportuna
1043 3205 1051 3226 :
1086 3188 1235 3235 praesul„
1259 3187 1563 3237 quicommislam
1582 3188 1645 3226 sibi
1664 3188 1771 3227 debet
1792 3186 1993 3226 Ecclesiam
2015 3199 2140 3235 regere
2160 3189 2200 3225 iii

201 3232 297 3289 utris
319 3248 363 3272 ue
376 3258 389 3279 5
420 3233 614 3289 salubriter
633 3239 665 3272 ei
687 3240 874 3275 renuntiat
887 3262 900 3278 5
930 3236 954 3274 si
979 3236 1171 3275 scientiam
1202 3239 1215 3281 (
1241 3239 1276 3275 in
1294 3249 1365 3285 qua
1389 3235 1499 3284 ipsam
1522 3247 1624 3282 regat
1647 3234 1660 3277 )
1691 3239 1835 3283 ignorat
1857 3253 1865 3273 :
1893 3236 1949 3274 Tu
1972 3238 2073 3274 enim
2110 3238 2123 3280 (
2145 3236 2200 3272 iu-

201 3295 281 3329 quit
326 3282 521 3324 )ommus)
550 3279 738 3336 scientiam
752 3284 910 3334 repulisti
926 3309 939 3325 5
966 3285 1005 3322 &
1024 3297 1094 3331 ego
1115 3284 1289 3330 repellam
1305 3298 1340 3322 te
1353 3299 1399 3323 ne
1415 3283 1620 3323 sacerdotio
1633 3281 1799 3331 fungaris
1821 3283 1942 3329 mihi,-
1967 3295 2196 3332 quamquam

202 3331 245 3385 ὃς
263 3327 285 3365 si
304 3329 534 3368 desideranda
555 3329 780 3382 sitweminens
795 3334 941 3370 scientia
954 3334 989 3369 iii
1002 3332 1171 3378 pastore„
1199 3334 1233 3369 iii
1248 3347 1293 3370 eo
1316 3346 1440 3371 tamen
1452 3331 1716 3377 sitcompetens
1739 3331 1932 3371 toleranda
1946 3348 1956 3368 :
1980 3334 2066 3381 quia
2077 3331 2201 3369 secun-

203 3378 292 3414 dum
319 3377 539 3423 Apostolum
555 3403 568 3423 5
589 3377 752 3416 „scicntia
767 3380 891 3423 inflat„
918 3383 1080 3419 charitas
1090 3392 1215 3419 autem
1230 3379 1407 3419 aedificat:
1432 3381 1469 3417 ὅ(
1494 3379 1577 3417 ideo
1596 3377 2049 3425 iiiiperfetstumscicntia-³
2078 3376 2198 3425 ΡΟκα

205 3423 370 3471 supplere
392 3424 575 3472 perfectio
596 3425 806 3465 charitatis·
836 3426 988 3473 Propter
1009 3429 1195 3468 malitiam
1216 3441 1340 3469 autem
1360 3428 1500 3475 plebis„
1526 3430 1672 3475 cogitur
1692 3429 1875 3468 interdum
1890 3427 2066 3468 Praelatus
2085 3425 2134 3513 pb
2148 3428 2200 3472 ip-

1498 3491 1504 3498 ·
2100 3487 2154 3513 ius

1754 1888 2072 1944 ONE.
