2397 3664
239 97 337 154 388

583 90 749 159 Prosp.
762 87 982 159 Fagnan.
1002 88 1053 141 in
1073 85 1294 151 Primum
1313 84 1517 140 Librum
1535 82 1794 136 Decretal.
2033 125 2035 128 .

415 195 469 252 D
506 198 548 254 E
619 192 694 249 AE
741 192 796 254 T
832 192 1073 257 ATE‚
1138 190 1256 248 ET
1318 183 1975 258 QUALITATE'‚

815 265 874 324 δε
900 265 1080 323 ordine
1111 260 1541 334 praeficiendorum
1557 293 1572 323 e
1825 276 1828 279 ·

307 461 309 464 Α
901 394 980 449 Ex
1028 393 1207 446 Concilio
1239 393 1464 444 Pinaven.

289 538 292 542 '
833 519 885 574 C
954 517 1006 577 A
1075 517 1114 572 1³
1181 516 1234 572 U
1301 514 1357 573 T
1505 510 1548 569 1.

286 642 321 681 T
332 639 500 681 Abbates
510 661 524 684 2
547 637 695 678 Decani
707 661 721 683 ³
739 637 778 677 &
789 634 975 684 Praepofiti
985 660 999 682 ‚
1026 637 1090 683 oui
1104 633 1320 681 Presbyteri
1329 644 1404 671 non
1422 628 1503 671 finnt
1513 653 1528 675 a
1548 628 1766 684 Presbyteri
1786 629 1898 670 fiant:
1922 632 1985 679 qui
1999 630 2200 673 Archidia-

295 700 450 730 conatus
462 684 954 736 tenent0Di'acon1'2quiver6
965 681 1384 730 Archipresbyteratus‚
1399 677 1692 732 Presbyternaut
1704 681 1883 718 amittant
1892 677 2203 733 honorem.Q1‹5d

185 738 211 780 fi
219 738 346 789 aliqua
357 736 448 785 justa
457 733 564 774 causa
572 733 797 782 prohibente
809 758 824 779 ς,
837 732 1053 781 Presbyteri
1066 755 1080 777 ³
1091 743 1157 774 aut
1169 730 1332 771 Diaconi
1346 724 1414 768 effe
1426 739 1502 767 non
1511 737 1722 775 potuermt,
1750 726 1990 767 Praelanones
2001 732 2181 770 amittant
2189 754 2202 765 .

347 822 1006 859 SUMMARJUM.

231 924 243 946 1
332 910 494 950 Eneficiati
507 919 559 951 per
576 911 783 949 pra'vationem
801 906 936 948 beneficii
955 906 1112 938 arctantur
1131 904 1175 938 ad

271 923 326 992 B
345 948 461 986 ordines
474 951 652 993 sumendos,
671 961 738 989 quos
746 950 890 992 beneficia
900 953 1070 987 requirunt.

228 1011 245 1032 2
269 999 459 1037 Dignitates‚
472 993 624 1030 Abbiana,
636 995 811 1026 Decanatus
823 1015 833 1030 ‚
845 993 1050 1035 Praepofiturae,
1061 991 1099 1025 <9⁵
1108 994 1186 1024 Ar-,

313 1037 586 1081 chipresbyteratus
604 1035 640 1068 de
658 1036 722 1075 iure
741 1047 895 1068 annexum
912 1033 1021 1069 habent
1039 1037 1174 1067 ordinem

313 1081 535 1114 sacerdotalem
547 1103 554 1116 ,

272 1128 302 1158 E
306 1135 320 1158 t
329 1123 399 1164 quid
417 1122 479 1165 post
489 1123 657 1155 Concilium
666 1122 729 1153 Tri
732 1122 886 1154 dentinum
895 1133 924 1153 n.
938 1120 1092 1162 &Useqffi

233 1181 249 1212 3
273 1167 382 1201 Abbas
395 1178 436 1198 an
445 1166 552 1198 debeat
559 1169 643 1207 prius
654 1164 789 1198 benedici
799 1187 809 1202 ,
820 1176 861 1196 an
870 1167 902 1196 in
913 1162 1124 1209 Presbyterum
1133 1176 1178 1195 or-

315 1210 420 1243 dinari
432 1233 440 1241 .

229 1266 251 1296 4
271 1253 374 1287 Archi
375 1252 458 1294 presb
483 1262 529 1284 ter
539 1250 628 1284 habet
639 1262 739 1283 curam
760 1253 951 1288 animarum,
971 1250 1009 1284 Θ·
1018 1250 1084 1282 ideo
1095 1249 1180 1283 debet

315 1300 350 1329 in
370 1300 446 1329 Pres
462 1305 582 1341 yterum
601 1294 756 1326 ordinari.

230 1348 249 1373 6
270 1343 449 1379 Dignitates
460 1339 558 1370 omnes
566 1360 575 1373 ‚
599 1336 700 1374 quibus
711 1340 883 1369 animarum
892 1348 963 1370 cura
972 1338 1057 1369 nulla
1060 1334 1159 1377 subest
1169 1358 1179 1373 ,

323 1382 408 1414 hodie
419 1381 546 1414 obtineri
563 1380 674 1421 possunt
692 1383 725 1412 itt
734 1381 875 1423 vigesimo
888 1379 1015 1421 secundo
1023 1391 1100 1412 anno
1109 1390 1182 1411 com-

317 1427 393 1467 pleto
406 1448 415 1461 ,
438 1436 474 1456 ac
498 1424 622 1465 proinde
640 1434 695 1454 non
708 1423 780 1463 sunt
800 1422 1018 1469 presbyterales
1029 1446 1037 1454 .

234 1479 250 1511 5
273 1467 533 1502 Archi-'mandrita
544 1467 624 1498 idem
641 1466 682 1508 est
693 1470 766 1504 quod
778 1465 887 1498 Abbas
899 1489 906 1497 .

231 1523 251 1553 7
272 1511 406 1546 Ordines
418 1511 523 1552 sacros
541 1508 700 1550 Episcopus
720 1512 754 1540 in
772 1512 837 1540 vim
859 1509 991 1541 Concilii
1003 1506 1183 1540 Tridentini

319 1555 475 1586 annetiere
487 1565 542 1585 non
560 1553 650 1593 potest
671 1551 887 1590 Dignitatibus
897 1575 907 1589 ,
918 1551 975 1592 scd
986 1553 1183 1583 Canonicati-

317 1597 368 1630 bus
377 1620 387 1634 ‚
409 1601 446 1629 &⁶
457 1595 644 1629 portionibus
656 1595 776 1627 tantun:
790 1618 797 1626 .

233 1646 252 1676 8
276 1639 385 1674 Abbas
396 1638 432 1671 de
451 1640 516 1679 jure
533 1648 656 1676 antiquo
675 1636 727 1679 effe
744 1647 861 1678 poterat
872 1640 966 1669 etiam
976 1640 1008 1668 in
1019 1635 1179 1669 minoribus

316 1681 469 1715 ordinibus
480 1680 658 1722 constitutus
667 1703 678 1717 ,
697 1683 828 1718 quinimo
848 1680 886 1713 Θ·
894 1681 990 1713 laicus
1002 1705 1009 1712 .

232 1739 250 1767 9
271 1726 356 1761 Ordo
376 1736 513 1757 annexus
530 1722 669 1765 beneficio
687 1735 743 1755 non
767 1726 930 1761 requiritur
940 1721 1181 1765 contemperatae&

318 1772 351 1802 in
364 1767 427 1810 ipso
444 1768 510 1800 afiu
530 1766 701 1799 collationis
712 1789 720 1798 .

276 1814 484 1848 Declaratur,
503 1820 585 1842 n.11.

215 1868 252 1891 10
273 1856 458 1896 capellania
479 1853 689 1887 Sacerdotalis
708 1855 741 1884 in
758 1850 942 1884 Cathedrali
954 1851 1079 1885 obtineri
1096 1850 1185 1893 potest

320 1902 353 1929 in
364 1899 508 1940 vigesimo
529 1907 633 1934 quarto
644 1907 721 1926 armo
731 1896 836 1927 inchoa
842 1905 870 1925 to
883 1919 890 1926 .

217 1953 249 1977 11
275 1941 471 1975 Parochialis
483 1940 586 1971 aalide
596 1938 721 1980 conferri
733 1951 788 1969 uon
798 1938 890 1979 potest
899 1940 925 1970 ei
937 1961 946 1974 ‚
957 1940 1006 1976 qui
1016 1948 1126 1970 annum
1138 1938 1187 1969 vi-

317 1985 460 2026 gefimum
471 1985 603 2019 quintum
614 1994 670 2013 non
687 1984 826 2020 attigerit
836 2003 845 2017 ,
865 1980 907 2013 ibi
911 1981 978 2012 dem
989 2005 996 2012 .

216 2039 228 2062 ι
236 2040 252 2061 2
273 2030 336 2060 Ar„
344 2026 552 2058 hidiaconatus
564 2026 600 2056 de
620 2025 681 2063 jure
690 2035 843 2058 armerum
863 2024 949 2056 habet
960 2023 1093 2056 ordinem
1103 2026 1186 2061 Dia-

321 2078 443 2103 conlltlss'
457 2092 465 2101 ο

216 2125 252 2156 ¹3
276 2112 336 2147 Sed
347 2124 386 2144 ex
391 2112 484 2155 stylo,
496 2112 544 2143 ubi
555 2109 595 2151 est
605 2113 704 2151 prima
715 2109 851 2149 dignitas
870 2110 932 2151 post
942 2113 1032 2143 Ponti
1028 2109 1154 2152 ficalem
1171 2132 1181 2146 ‚

321 2157 452 2194 requirit
471 2154 604 2185 ordinem
618 2153 847 2197 presbyteratus
858 2177 865 2184 .

216 2211 256 2241 14
276 2197 425 2235 Abbates,
438 2199 569 2233 Decani‚
582 2197 736 2238 Praepofiti
749 2218 758 2232 ,
771 2195 989 2229 Archidiacom'
998 2218 1008 2231 ‚
1022 2196 1058 2228 (θ’
1068 2195 1185 2228 Archi-

323 2241 490 2285 presbyteri
503 2239 576 2279 sunt
599 2241 742 2271 Praelati.

220 2295 254 2326 15
279 2283 421 2318 Abbatia
434 2306 444 2320 ,
464 2294 504 2314 an
516 2282 552 2314 (9⁹
562 2284 662 2320 qualis
677 2283 722 2325 fit
733 2281 869 2320 dignitas
880 2305 887 2312 .

220 2334 256 2363 16
278 2331 324 2361 Et
336 2339 376 2359 an
384 2324 648 2367 comprehendatur
657 2328 691 2358 in
705 2325 873 2366 cap-Licet,
883 2325 910 2357 il
919 2327 1016 2366 primo
1025 2322 1062 2355 de
1069 2324 1186 2364 preben.

328 2369 382 2403 lib.
401 2374 430 2402 6.

222 2425 258 2454 17
280 2412 421 2446 Abbates
431 2413 574 2444 titulares
586 2433 596 2447 ‚
614 2411 668 2442 vel
685 2409 826 2442 habentes
843 2410 924 2451 usum
935 2412 1045 2443 stditrae
1054 2412 1191 2459 ianyno-

330 2455 380 2488 dis
390 2452 635 2488 provincialibus
653 2454 818 2494 precedunt
828 2457 855 2485 C
856 2452 1107 2485 ammei-:datariis
1121 2477 1128 2484 .

225 2505 260 2534 18
280 2503 315 2533 In
325 2500 460 2532 Concilio
482 2496 665 2529 Tridentino
676 2496 822 2537 sedebant
840 2495 1017 2528 immediate
1035 2494 1095 2537 post
1117 2498 1145 2528 Ε
1147 2498 1193 2538 pi-

324 2542 426 2583 scopos
436 2565 444 2573 ·

286 2585 394 2618 Abbas
406 2583 654 2625 Claravallensts
665 2595 697 2614 m
708 2582 844 2615 Concilio
855 2581 1042 2615 Tridentino
1052 2580 1137 2623 sedit
1148 2583 1194 2613 in-

330 2638 375 2659 ter
396 2625 533 2660 Abbates
550 2629 665 2668 primus
676 2648 685 2662 ,
703 2625 816 2658 ibidem
828 2649 835 2657 .

231 2683 242 2704 1
249 2682 266 2708 9
287 2674 315 2703 G
318 2672 450 2703 enerales
459 2673 597 2702 ordinum
604 2672 637 2700 in
647 2671 781 2701 Concilio
792 2667 976 2700 Tridentino
985 2667 1045 2709 post
1054 2665 1193 2699 Abbates

334 2715 468 2746 collocati
481 2712 609 2753 fuerunt,
622 2710 658 2744 ἔθ’
668 2715 748 2744 inter
758 2712 808 2744 hos
817 2714 932 2753 primus
942 2711 1104 2744 Generalis
1111 2710 1192 2743 ordi*

334 2759 380 2787 nis
393 2755 625 2788 Praedicatorum
636 2778 643 2786 .

232 2811 272 2832 20
293 2800 429 2830 Decanus
448 2797 487 2840 est
499 2797 700 2831 honorabilior
711 2796 746 2830 de
757 2801 802 2829 Ca
806 2799 902 2838 pitulo
911 2821 920 2828 .

232 2853 249 2874 2
259 2852 270 2872 1
295 2843 465 2872 Decanatus
473 2853 512 2872 an
528 2842 572 2884 fit
583 2840 718 2880 dignitas
729 2863 738 2876 ‚
759 2839 796 2872 ό
805 2840 921 2880 n.seqq.

233 2895 272 2916 22
297 2885 433 2915 Decanus
446 2895 500 2916 non
509 2883 549 2924 est
558 2882 593 2916 de
604 2887 649 2916 Ca
653 2884 747 2924 pitulo
757 2906 767 2919 ‚
785 2884 845 2926 nisi
849 2884 893 2925 fit
905 2885 997 2914 ctiam
1009 2885 1176 2914 Canonicus
1184 2905 1193 2919 ,

340 2926 389 2956 vel
401 2926 448 2956 hoc
460 2925 567 2957 habeat
586 2926 757 2967 consuetudo
766 2949 774 2957 .

234 2979 272 3010 23
295 2968 447 3009 Praepofiti
467 2990 476 3004 ,
505 2970 541 3001 Θ
563 2971 682 3002 Decani
701 2970 819 3001 rurales
847 2980 903 3000 non
932 2967 1042 3000 hahent
1061 2968 1193 3008 dignita-

343 3019 401 3041 tem
413 3032 420 3040 .

233 3064 275 3094 24
294 3052 487 3096 Praepofitura
507 3064 546 3083 an
563 3055 604 3095 fit
623 3053 774 3094 dignitas.

239 3105 276 3137 25
298 3096 449 3137 Prepofiti
459 3097 492 3127 in
511 3097 697 3133 Germania,
717 3099 821 3137 Belgio
839 3119 848 3134 ‚
869 3095 906 3128 ‘⁹5‘
926 3097 1053 3130 polonia
1063 3095 1198 3136 dignita-

343 3147 403 3170 tem
424 3135 550 3173 habent,
571 3138 605 3169 (ἃ
625 3139 734 3172 alicubi
755 3140 1009 3181 jurisdicfiionem‚
1038 3138 1075 3172 ὠ
1093 3151 1195 3172 curam

340 3183 510 3213 animarum
522 3203 531 3211 .

240 3229 279 3257 :6
302 3223 547 3257 Archidiaconus
557 3222 593 3253 de
614 3222 675 3260 jure
694 3223 732 3263 est
741 3227 840 3264 prima
850 3224 984 3264 dignitas
1000 3223 1060 3266 post
1069 3224 1196 3269 Pontifi-

343 3267 438 3299 calem
448 3288 457 3303 ,
478 3263 515 3297 &
524 3276 558 3297 ca
562 3274 612 3305 put
621 3268 757 3305 Capituli
769 3290 776 3297 .

239 3319 279 3346 27
300 3311 343 3342 Et
353 3310 392 3340 ad
413 3319 476 3340 eum
489 3307 610 3348 speHat
627 3310 799 3347 Capitulum
809 3320 983 3345 convasare,

239 3354 279 3383 28
303 3353 352 3383 Ac
366 3352 396 3394 fi
405 3354 534 3382 renuerit
545 3373 554 3386 ‚
575 3353 637 3389 cogi
656 3351 746 3390 potest
755 3351 793 3382 ab
804 3352 970 3386 Ordinario
981 3377 988 3384 .

304 3395 479 3434 Capitulum
491 3404 650 3426 convocare
660 3391 696 3424 de
706 3391 910 3432 consuetudine
922 3395 1039 3435 spct‘bat
1048 3395 1090 3429 ad
1100 3398 1199 3429 Deca-

344 3446 413 3467 num
425 3459 434 3472 ‚
455 3435 564 3468 ibidem
575 3459 582 3468 .

238 3489 278 3515 29
299 3477 576 3511 Archidiaeconatus
601 3478 737 3518 dignitas
757 3490 798 3510 an
821 3479 864 3521 fit
883 3478 978 3517 major
999 3465 1164 3514 Abbatiali
1183 3504 1195 3519 ,

1343 817 1394 849 vel
1413 816 1429 847 ἑ
1448 814 1587 855 converso
1597 838 1606 852 ‚
1627 814 1664 849 ὠ·
1685 827 1762 849 num.
1787 826 1836 857 31·

1236 871 1277 904 30
1296 857 1554 942 Argsipresbyfer
1564 870 1604 890 an
1616 859 1663 902 stt
1670 859 1767 899 major
1775 857 2181 902 Archidiacomremiffivc
2188 883 2198 898 ‚

1395 912 1473 934 num.
1510 911 1569 939 eqq.
1951 914 1959 930 κ

1237 958 1273 991 32
1296 944 1379 980 Ordo
1389 946 1413 978 li
1417 954 1497 976 tterae
1507 956 1563 977 non
1574 942 1615 986 est
1623 944 1823 977 attendendus
1833 967 1843 981 ‚
1864 943 1980 984 quando
1989 956 2031 980 ex
2042 946 2118 978 aliis
2127 946 2203 986 juri-

1342 988 1393 1023 bus
1403 996 1531 1029 apparet
1540 990 1646 1019 varius
1658 1010 1667 1024 ‚
1689 987 1726 1020 Φ
1735 987 1886 1028 inversus.
2111 992 2114 994 ’

1301 1035 1442 1065 Decanus
1452 1031 1542 1074 unfit
1551 1031 1648 1070 major
1657 1034 1758 1072 Praepo
1752 1032 1815 1074 fito
1824 1054 1834 1068 ,
1855 1032 1906 1064 vel
1915 1030 2042 1064 econtra
2051 1055 2061 1069 ‚
2072 1030 2183 1064 ibidem
2195 1055 2204 1064 .

1240 1086 1278 1118 33
1301 1078 1347 1108 lm
1351 1074 1469 1116 peditus
1480 1085 1519 1105 ex
1529 1073 1604 1114 justa
1615 1073 1704 1114 causa
1709 1074 1862 1116 suscipere
1872 1074 1991 1107 ordines
2001 1075 2057 1116 suo
2066 1073 2207 1117 beneficio

1345 1120 1632 1155 annexos,quamvis
1642 1128 1697 1148 non
1701 1118 1747 1161 fit
1756 1121 1769 1149 i
1768 1118 1819 1160 pso
1827 1119 1891 1158 jure
1901 1116 1996 1161 benefi
1996 1121 2040 1151 cio
2048 1121 2205 1159 privatus,

1344 1171 1445 1192 tamen
1459 1163 1582 1202 privari
1593 1158 1678 1193 debet
1689 1184 1697 1193 .

1242 1215 1283 1247 34
1303 1203 1390 1249 Quod
1400 1203 1533 1245 procedit
1537 1204 1569 1246 fi
1578 1205 1623 1235 cul
1624 1213 1662 1244 pa
1668 1203 1726 1243 sua
1736 1203 1778 1236 ad
1787 1205 1879 1236 talem
1882 1203 1999 1246 statum
2008 1207 2148 1246 pervenit
2156 1227 2166 1242 ,
2176 1213 2209 1236 ut

1346 1250 1517 1289 promoveri
1537 1258 1593 1278 non
1610 1248 1693 1288 possit
1702 1269 1712 1284 ,
1732 1246 1814 1279 alia's
1829 1247 1912 1287 secus
1923 1271 1930 1279 .

1245 1300 1279 1333 35
1301 1293 1379 1323 Item
1388 1290 1521 1332 procedit
1530 1295 1562 1321 in
1572 1301 1614 1326 eo,
1623 1293 1671 1328 qui
1682 1289 1926 1331 impedimentum
1935 1292 2020 1331 prius
2027 1290 2209 1323 contraitum

1347 1336 1380 1365 in
1390 1332 1579 1365 ordinatione
1591 1331 1650 1374 sua
1663 1331 1810 1373 subticuit
1820 1357 1828 1365 .

1246 1381 1283 1418 36
1306 1375 1478 1418 Infirmitas
1487 1373 1593 1415 prabet
1611 1374 1717 1413 justam
1729 1376 1848 1417 causam
1860 1376 2065 1417 excusationis
2074 1376 2094 1408 a'
2103 1379 2209 1416 priva-

1349 1422 1428 1451 tione
1438 1416 1573 1459 beneficii
1586 1417 1619 1450 ob
1636 1430 1692 1450 non
1708 1423 1917 1459 promotionem
1927 1419 1968 1452 ad
1977 1419 2094 1451 ordines
2104 1441 2114 1456 ,
2135 1420 2208 1451 licet

1348 1473 1387 1505 ²5²⁴
1406 1464 1529 1502 propria
1548 1461 1633 1501 culpa
1651 1466 1826 1502 provenerit
1835 1487 1843 1494 .

1245 1515 1282 1547 37
1305 1504 1490 1546 Beneficium
1499 1506 1524 1535 S
1525 1504 1694 1535 acerdotale
1704 1517 1745 1537 an
1760 1509 1915 1544 requirat,
1939 1515 1970 1537 ut
1989 1508 2054 1543 quis
2069 1505 2138 1537 at'iu
2153 1506 2211 1548 fit,

1347 1547 1511 1592 Presbyter
1521 1557 1578 1581 tem
1581 1557 1649 1587 pore
1659 1549 1831 1580 collationis
1839 1572 1849 1585 ‚
1860 1561 1900 1580 an
1909 1547 2122 1589 verofiffc·iat
2132 1551 2214 1589 apti-

1346 1589 1417 1623 tudo
1427 1614 1435 1622 .
1458 1591 1538 1623 Late
1550 1590 1712 1630 discutitur
1723 1591 1808 1631 ufique
1817 1592 1893 1623 adn.
1906 1596 1956 1623 60.

1243 1638 1280 1677 38
1299 1635 1385 1678 Quid
1398 1634 1428 1676 fi
1441 1634 1578 1676 Ecclofia
1592 1634 1637 1676 fit
1656 1634 1850 1666 Parochialis
1861 1658 1869 1666 .

1244 1689 1281 1719 39
1301 1680 1366 1721 Qui
1370 1675 1391 1710 d
1399 1680 1431 1708 in
1440 1675 1589 1715 dignitate
1598 1680 1728 1714 Curata,
1739 1677 1774 1711 (ῥ’
1785 1678 1958 1717 Collegiata
1969 1677 2108 1721 Ecclesia
2118 1680 2213 1710 etiam

1350 1718 1527 1753 Parochiali
1539 1742 1546 1753 .
2199 1745 2203 1748 .

1245 1775 1286 1805 40
1305 1762 1394 1809 Qid
1403 1763 1434 1805 fi
1446 1764 1492 1807 sit
1503 1761 1638 1802 dignitas
1657 1775 1712 1797 non
1722 1774 1830 1795 curata
1843 1787 1851 1796 .

1247 1819 1285 1848 41
1312 1811 1357 1841 Et
1366 1805 1438 1844 quid
1453 1809 1484 1837 in
1504 1805 1740 1839 Canom'catibus
1757 1805 1919 1848 prebendis
1928 1830 1938 1844 ,
1959 1817 2012 1838 aut
2033 1806 2213 1847 portionibus
2251 1806 2262 1825 Τ

1351 1848 1615 1893 Presbyteralibus
1633 1853 1666 1881 in
1684 1849 1867 1884 Cathedrali
1877 1873 1887 1887 ‚
1907 1851 1960 1883 vel
1969 1851 2142 1889 Collegiata
2155 1852 2184 1882 E
2187 1861 2214 1883 c—

1354 1894 1397 1924 cle
1411 1905 1443 1925 ta
1453 1915 1462 1926 0

1246 1948 1286 1977 4²
1307 1893 1464 1976 Beneficia
1477 1935 1539 1977 fim
1541 1936 1636 1976 plicia
1646 1934 1683 1967 de
1698 1935 1762 1974 iure
1771 1938 1916 1968 communi
1925 1947 1981 1967 non
1993 1935 2102 1968 habent
2119 1945 2214 1967 certos

1353 1977 1470 2010 ordines
1480 1989 1614 2009 annexos
1623 1977 1694 2019 ‚sed
1703 1981 1744 2010 ad
1754 1979 1812 2011 illa
1822 1979 1981 2011 obtinenda
1985 1978 2103 2021 sufficit
2111 1981 2215 2020 prima

1352 2022 1517 2055 Clericalis
1529 2020 1668 2061 Tonsura
1678 2044 1686 2054 .

1245 2076 1285 2108 43
1306 2063 1485 2103 Aliquando
1494 2074 1596 2096 tamen
1607 2062 1716 2097 habent
1725 2064 1844 2096 ordines
1854 2076 1988 2096 annexos
2007 2076 2047 2096 ex
2062 2063 2216 2107 fundatio-

1351 2121 1386 2140 ne
1396 2131 1406 2145 ,
1425 2108 1587 2149 privilegio
1596 2130 1606 2144 ,
1625 2108 1830 2148 consuetudine
1839 2131 1849 2145 ,
1871 2109 1922 2140 vel
1933 2108 2049 2150 statuto
2059 2131 2067 2143 .

1246 2164 1287 2192 44
1307 2152 1457 2184 Ordinum
1468 2153 1599 2183 annexio
1616 2149 1727 2192 duplex
1739 2175 1746 2186 ,

1243 2207 1281 2235 45
1305 2194 1383 2227 Ordi
1388 2197 1436 2229 nis
1449 2197 1563 2227 annexi
1566 2205 1580 2223 o
1588 2195 1716 2234 respehiu
1725 2195 1810 2226 ailus
1819 2196 1948 2232 requirit
1957 2193 2093 2226 ordinem
2101 2197 2135 2226 in
2152 2193 2216 2237 ipsc

1349 2239 1414 2270 astu
1425 2238 1597 2270 collationis
1604 2235 1739 2274 beneficii
1747 2259 1758 2274 ‚
1776 2236 1859 2269 alia's
1869 2248 1926 2268 non
1935 2246 2015 2269 tenet
2024 2239 2150 2270 collatio
2159 2260 2168 2270 .

1241 2286 1282 2321 46
1303 2280 1506 2322 Episcopatus
1517 2279 1607 2313 habet
1616 2290 1767 2310 annexum
1777 2279 1912 2311 ordinem
1922 2282 2113 2312 Diaconatus
2121 2278 2217 2322 respe-

1353 2325 1400 2355 Hu
1410 2324 1494 2355 attus
1503 2345 1512 2359 ,
1521 2321 1652 2359 maiores
1664 2323 1736 2354 vero
1745 2322 1874 2363 respeflu
1885 2323 2069 2364 aptitudinis
2079 2346 2088 2354 .

1248 2377 1289 2407 47
1310 2366 1495 2400 Commenda
1507 2362 1703 2398 Parachialis
1723 2366 1859 2409 Ecclesiae
1869 2364 1944 2408 fieri
1961 2378 2017 2398 non
2027 2364 2117 2410 potest
2126 2389 2136 2403 ,
2159 2367 2192 2398 ni
2187 2365 2219 2410 fi

1355 2410 1423 2441 astu
1443 2406 1602 2441 Sacerdoti
1612 2430 1620 2442 .

1251 2457 1291 2495 48
1312 2452 1443 2486 Ordinis
1453 2453 1585 2483 annexio
1600 2449 1727 2491 respec‘tu
1747 2451 1932 2493 aptitudinis
1940 2463 1996 2483 non
2014 2454 2142 2491 requirit
2153 2474 2162 2489 ‚
2183 2462 2215 2484 ut

1357 2497 1422 2534 quis
1432 2493 1543 2529 habeat
1563 2492 1694 2525 ordinem
1709 2505 1861 2526 annexum
1879 2504 2008 2537 tempore
2026 2496 2220 2533 collationis,

1353 2537 1497 2579 sedsatis
1507 2536 1548 2578 est
1558 2559 1568 2573 ,
1588 2546 1620 2570 ut
1631 2534 1715 2578 infra
1725 2546 1839 2579 tempus
1848 2539 1869 2570 a¹
1886 2539 1950 2577 jure
1968 2537 2219 2582 prefixumsefa-

1358 2590 1421 2613 ciat
1439 2590 1608 2621 promoveri
1617 2603 1624 2614 .

1251 2636 1291 2665 49
1314 2627 1344 2657 E
1346 2625 1492 2665 xpefians
1503 2626 1536 2656 A
1537 2622 1687 2664 postolicus
1697 2645 1707 2660 ‚
1717 2635 1757 2655 an
1766 2624 1848 2666 poffit
1858 2633 2014 2665 acceptare
2022 2623 2218 2666 prebendam,

1357 2670 1403 2700 cui
1411 2665 1538 2708 respefiu
1548 2667 1777 2701 aetusfflnexus
1795 2666 1836 2708 est
1855 2666 1923 2699 ordo
1934 2665 2177 2710 fitcerdotalisfi
2186 2678 2219 2699 a-

1358 2711 1405 2742 tiu
1428 2721 1485 2741 non
1498 2710 1544 2752 fit
1564 2709 1709 2742 Sacerdos
1719 2733 1728 2746 ‚

1255 2763 1293 2794 50
1311 2753 1495 2786 fundationi
1514 2750 1649 2793 beneficii
1665 2762 1716 2794 per
1735 2752 1886 2794 clausulas
1900 2753 2054 2794 generales
2065 2755 2155 2794 Papa
2162 2764 2220 2785 non

1359 2796 1490 2837 censetur
1507 2794 1651 2836 derogare
1662 2819 1670 2829 -

1255 2849 1270 2881 5
1279 2851 1290 2873 x
1315 2839 1448 2873 Ordinis
1457 2842 1574 2871 annexi
1576 2851 1590 2869 o
1609 2838 1737 2879 respet‘iu
1747 2837 1929 2880 aptitudinis
1938 2850 1993 2870 non
2003 2840 2131 2877 requirit
2150 2849 2219 2870 ‹sta-

1359 2892 1419 2914 tem
1430 2884 1546 2916 ordinis
1555 2885 1588 2913 in
1598 2880 1662 2923 ipso
1671 2882 1739 2913 afta
1750 2883 1920 2914 collationis
1928 2903 1939 2917 ,
1952 2880 2096 2923 sedsatis
2106 2880 2146 2923 est
2156 2904 2166 2919 ,
2187 2892 2219 2913 ut

1359 2925 1495 2967 provisus
1507 2925 1554 2968 fit
1563 2928 1596 2956 in
1607 2936 1642 2956 ea
1653 2934 1759 2962 atate,
1774 2934 1806 2956 ut
1824 2922 1909 2965 infrd
1918 2935 2032 2957 annum
2051 2927 2220 2966 promoveri

1361 2970 1444 3010 possit
1454 2991 1464 3006 ‚
1486 2970 1562 3001 (5⁴71.
1566 2968 1650 3008 seqq.

1256 3022 1291 3052 52
1313 3013 1442 3054 Capella
1452 3034 1462 3048 ‚
1472 3013 1505 3042 in
1512 3011 1592 3049 cujus
1598 3009 1775 3051 fundatione
1785 3018 1905 3042 cautum
1915 3008 1955 3051 est
1963 3032 1974 3047 ‚
1994 3019 2027 3042 ut
2036 3013 2082 3043 Ca
2084 3012 2218 3052 pellanus

1360 3053 1548 3096 perseipsum
1556 3056 1615 3087 Mi
1612 3052 1675 3095 ffas
1685 3051 1834 3086 celebrare
1846 3051 2121 3095 teneatur,conferri
2130 3054 2222 3095 potest

1356 3098 1493 3141 simplici
1501 3098 1629 3133 Clerico,
1639 3099 1673 3128 in
1683 3108 1718 3128 ea
1729 3106 1830 3128 tamen
1840 3106 1925 3128 aetate
1935 3095 2088 3138 constituto
2101 3120 2110 3134 ‚
2131 3108 2163 3130 ut
2171 3101 2215 3129 in-

1356 3140 1411 3184 frax
1421 3151 1533 3173 annum
1539 3140 1621 3182 pofflt
1631 3141 1664 3171 itt
1676 3139 1885 3184 Presbyterum
1895 3139 2031 3171 ordinari
2042 3163 2050 3172 .

1257 3192 1293 3225 53
1315 3185 1498 3225 Capellaniae
1508 3186 1541 3214 in
1547 3182 1867 3220 Cathedrali‚quarum
1876 3185 1922 3215 Ca
1924 3183 2036 3224 pellani
2044 3183 2066 3215 a*
2075 3185 2123 3216 Ca
2125 3183 2221 3225 pitulo

1359 3227 1446 3259 eleth·
1456 3248 1466 3263 ‚
1486 3234 1622 3259 tenentur
1632 3227 1689 3257 Mi
1687 3223 1749 3266 ffas
1758 3227 1977 3258 conventuales
1987 3238 2092 3259 canere
2102 3249 2113 3264 ,
2124 3226 2161 3259 Φ·
2171 3224 2218 3257 ἀεὶ

1360 3271 1445 3301 vinis
1455 3267 1589 3309 intereffe
1601 3267 1675 3309 sunt
1686 3267 1894 3308 sacerdotales
1903 3269 2076 3310 aptitudine
2086 3292 2094 3300 .

1258 3321 1298 3352 54
1316 3311 1447 3346 Ordinis
1458 3313 1607 3348 annexu,
1629 3322 1670 3342 an
1680 3310 1718 3343 θ
1727 3311 1842 3350 quando
1851 3311 2002 3353 censeatur·
2014 3311 2102 3356 fasta
2120 3311 2219 3353 respe-

1361 3356 1407 3387 nu
1418 3356 1502 3387 astus
1513 3377 1522 3390 ‚
1544 3355 1595 3388 vel
1604 3353 1734 3395 respcnu
1745 3355 1941 3396 aptitudinis,
1953 3354 1990 3389 Φ·
1998 3357 2160 3396 numseqq.
2171 3353 2219 3395 us-

1361 3408 1415 3436 que
1424 3397 1468 3429 ad
1477 3409 1506 3429 n.
1516 3401 1566 3429 60.

1257 3448 1292 3481 55
1316 3441 1471 3480 Exempla
1484 3442 1664 3474 annexionis
1683 3439 1797 3473 ordinis
1815 3440 1945 3484 respestu
1961 3442 2045 3475 astus
2054 3463 2066 3478 ,
2084 3437 2121 3473 (ῥ’
2139 3451 2218 3472 num.

1355 3482 1436 3523 sesq-

2034 3530 2069 3568 56
2091 3526 2175 3569 Qa-
