2397 3664
239 150 318 182 libro
344 146 554 179 ,secretalium
576 154 715 185 pra-vaiet
739 150 899 173 communi
918 159 928 173 ‚
956 137 1124 170 secundum
1147 139 1223 170 felc

239 203 314 224 num
326 195 358 224 in
367 203 391 223 c.
406 201 430 222 1.
441 199 522 221 num.
536 195 582 227 54.
593 190 625 219 in
640 198 669 226 4.
681 183 842 224 [imit-fiap.
853 179 917 213 eod.
929 183 981 213 ubi
1002 181 1112 221 allegat
1131 179 1222 220 decis.

155 241 190 267 16
195 244 209 276 5
235 238 313 268 Rom
332 237 400 276 348.
410 236 443 265 in
463 234 561 268 antiq.
573 231 631 263 Sed
654 229 763 259 deinde
785 225 922 256 occurrit
936 224 1010 265 glos.
1029 224 1223 256 contrarium

238 279 370 310 scntiens
379 297 388 311 ,
411 276 497 313 cuius
517 274 627 314 opinio
642 270 781 301 similiter
790 266 954 300 communi
976 268 1120 308 opinioni
1144 268 1224 298 dici—

237 331 287 352 tur
297 321 352 352 effe
369 314 580 360 praeserendaa
598 314 711 356 Jacobo
721 311 872 352 Butrigar.
886 313 918 341 in
935 307 987 342 lib.
1003 311 1073 342 μί’.
1085 309 1150 354 Qui
1167 317 1223 349 pro

230 363 289 404 sua
297 361 505 403 jurisdictione
513 379 523 393 ‚
532 360 566 390 &
576 364 663 388 notat
674 354 757 385 Bald.
769 357 802 386 in
812 354 833 385 l.
844 352 911 386 ciem
918 351 1077 385 hereditas
1085 373 1096 388 ‚
1112 354 1149 384 C.
1159 354 1224 384 De-

159 410 215 440 166
236 406 323 450 pofit.
334 408 366 438 &
377 405 470 436 Felin.
483 401 544 443 post
552 400 628 431 alios
638 398 699 429 loco
708 399 802 429 citato
810 399 844 428 in
855 408 881 429 2.
892 397 988 428 limit.
1000 395 1080 427 Ecce
1101 395 1165 437 jam
1176 396 1224 426 vi-

238 451 292 482 des
310 448 531 480 authoritatem
540 443 632 474 unius
649 442 790 472 enervari
808 450 859 481 per
876 440 1067 472 contrariam
1084 438 1223 470 authori-

237 502 335 524 tatem
345 491 469 522 alterius
479 507 489 521 ‚
510 484 599 526 &jus
609 484 666 516 effe
675 485 834 516 turbidum
844 503 854 517 ‚
870 483 893 514 l.
909 492 934 514 1.
945 484 970 520 §.
983 480 1131 523 Nostrum
1140 502 1150 516 ,
1162 482 1222 513 ibi:

237 534 319 567 Ciam
332 542 385 573 per
394 530 564 563 contrarias
580 529 848 567 interpretantium
856 526 1031 568 sententias
1048 533 1143 556 totum
1152 521 1223 563 pene

238 577 283 616 jus
292 572 524 608 conturbatume
557 591 568 606 ,
588 574 626 604 C.
636 569 674 603 de
691 580 787 603 veter.
789 571 864 612 Jur.
874 570 1028 601 enuclean.
1038 567 1135 599 Unde
1159 567 1223 607 jure

236 621 358 660 optimo
373 615 491 658 Capye.
526 614 593 656 ecis.
606 624 652 646 10.
663 625 744 646 num.
759 616 804 645 18.
814 615 848 644 in
864 610 923 654 fin.
935 613 990 644 Ex
1007 622 1080 650 quo,
1102 612 1224 651 inquit,

229 663 343 703 saltem
364 659 474 698 dejure
494 658 641 690 articulus
648 657 829 697 principalis
850 653 938 696 cause
947 652 988 696 est
1008 657 1173 687 intricatus
1190 650 1224 684 ob

236 707 344 736 varias
357 703 521 736 Dol‘lorum
529 703 680 741 opiniones
687 722 696 735 ‚
706 700 750 739 ius
759 699 854 740 ipfiim
863 697 1003 730 redditur
1011 700 1158 729 incertum
1168 716 1178 730 ‚
1188 695 1225 728 ά·

155 751 214 787 167
234 746 355 780 dubium
366 769 373 777 .
396 746 434 778 Et
442 755 515 777 eum
525 744 651 786 sequuta
660 744 701 775 est
713 743 797 775 Rota
806 739 896 783 deeifi
906 745 976 780 ⁶59·
987 749 1067 781 part.
1081 751 1106 770 2.
1115 747 1223 770 recent.

237 790 439 832 Opinionum
468 788 565 830 igitur
594 790 708 818 veritas
739 795 792 817 aut
814 784 926 816 falsitas
955 794 1019 816 non
1042 781 1163 815 [θοι-[1111
1184 781 1225 812 est

259 834 453 875 erpendenda
463 852 473 867 ‚
490 831 538 863 sed
545 841 598 872 per
607 831 876 870 comparationem
885 829 923 859 ad
931 825 1069 868 opposita
1079 846 1088 860 ‚
1110 834 1144 856 ut
1166 824 1221 855 ha-

238 845 326 909 getur
344 879 377 908 in
397 886 423 917 3.
433 873 576 914 Metaph.
593 884 618 905 c.
634 883 659 904 1.
678 870 813 904 maxime
831 873 864 902 in
885 869 1032 902 extremis
1050 869 1150 900 verbis
1159 888 1170 902 ,
1191 868 1225 899 δέ

239 922 384 961 probatur
394 922 427 950 in
436 917 466 950 d.
477 930 500 950 c.
511 919 548 950 In
556 917 720 949 Cano-alcis
729 936 739 950 ‚
753 924 799 950 19.
810 911 879 955 dist.
889 915 922 944 in
930 924 953 944 c.
965 912 1149 952 Capelianus
1157 931 1168 945 ‚
1189 909 1226 942 de

232 962 341 1014 feriis,
349 965 380 995 in
390 963 411 994 l.
419 972 429 993 1
437 984 443 992 .
447 960 486 1004 ff
497 963 546 994 De
553 957 723 992 contrahen.
732 965 823 996 emprt.
834 956 871 989 G*
879 959 911 987 in
920 958 945 993 §.
955 958 1029 987 Item
1035 956 1168 994 pretium
1177 956 1227 985 in-

233 1005 302 1049 stit.
313 1005 410 1039 eod.in
420 1004 501 1036 c.ult.
511 1003 548 1035 de
556 1000 730 1046 Presbyter.
741 1011 800 1032 non
809 997 928 1039 baptia.
940 998 977 1030 &⁴
985 1001 1017 1029 in
1027 1010 1051 1029 c.
1069 1007 1093 1028 1.
1106 997 1142 1028 dc
1145 997 1224 1038 sent.

240 1049 278 1083 (θ’
285 1060 318 1081 re
327 1047 416 1088 judic.
428 1045 518 1079 lib-6.
528 1048 572 1078 ibi
590 1057 596 1075 :
618 1048 777 1076 Stateram
784 1042 899 1083 gestent
909 1043 942 1073 in
952 1039 1104 1075 manibus,
1128 1042 1226 1072 lances

237 1091 410 1133 appendant
419 1101 493 1128 equo
509 1087 688 1124 libramine3
709 1088 742 1119 &
752 1087 848 1117 tradit
855 1084 949 1117 Card.
960 1083 1074 1116 Paleot.
1085 1083 1121 1115 de
1138 1086 1225 1115 Sacr.

239 1139 305 1169 Con
300 1134 403 1177 fistor.
411 1132 520 1173 confid.
530 1140 595 1171 par.
606 1142 635 1170 4.
645 1129 737 1171 quest.
746 1139 775 1168 4.
786 1130 831 1160 ait
852 1129 939 1159 enim
962 1139 968 1158 :
990 1130 1016 1160 S
1016 1130 1028 1159 i
1036 1139 1088 1158 con
1086 1127 1227 1170 filiarius

233 1179 471 1220 perplexitatem
480 1174 552 1211 inde
560 1172 712 1218 profluere
712 1172 832 1214 sentiat
842 1192 852 1207 ‚
869 1170 943 1210 quod
950 1173 983 1203 in
992 1180 1148 1208 utramque
1156 1177 1227 1209 par-

237 1231 298 1254 tem
307 1229 394 1260 pares
397 1219 434 1259 se
443 1215 572 1262 offerant
582 1219 716 1248 rationes
724 1237 734 1251 ‚
741 1217 855 1255 poterit
865 1224 935 1246 tunc
944 1216 1079 1246 rationes
1089 1216 1100 1244 i
1100 1213 1168 1253 pfizs
1179 1215 1226 1243 in-

239 1266 323 1304 terJe
331 1260 468 1306 conferre
479 1283 488 1297 ,
511 1260 548 1294 &
556 1270 700 1298 tanquam
708 1261 741 1290 in
752 1256 833 1291 libra
851 1259 952 1290 lances
962 1257 1117 1300 impofitas
1125 1278 1136 1292 ,
1158 1265 1227 1287 utra

157 1309 213 1346 168
236 1309 315 1340 lanx
323 1303 692 1348 deprimat‚confiderare
701 1325 708 1332 .
722 1301 820 1334 Ratio
829 1301 869 1333 est
881 1322 890 1335 ‚
900 1303 985 1341 quia,
995 1309 1029 1331 ut
1038 1302 1082 1331 ait
1095 1299 1226 1331 D.Tl10-

239 1352 349 1382 masin
363 1359 387 1380 1.
400 1359 427 1387 q.
438 1347 581 1389 quaest.85.
591 1354 680 1384 art.5.
686 1346 767 1387 solus
775 1344 943 1376 intellectus
953 1345 1036 1375 Divi
1040 1341 1145 1377 nun&
1156 1343 1227 1373 An-

235 1395 348 1433 gelicus
357 1393 529 1434 cognoscunt
539 1389 778 1433 compositionem
788 1408 798 1422 ‚
820 1386 856 1420 &⁴
865 1386 1046 1430 divistonem
1057 1407 1066 1421 ,
1085 1385 1121 1417 (ff
1132 1388 1227 1416 ratio-

238 1447 305 1469 nem
316 1457 325 1471 ‚
335 1447 393 1467 non
402 1432 600 1474 componendo
610 1454 619 1468 ‚
630 1431 667 1465 (ῥ’
677 1429 888 1463 ratiocinando
897 1451 908 1465 ‚
914 1429 970 1472 sed
975 1438 1030 1470 per
1040 1429 1226 1461 intellecfium

232 1480 387 1523 fimplicis
397 1476 579 1517 quidditatis
602 1489 612 1506 .·
635 1476 808 1508 Intellellus
818 1483 918 1506 autem
929 1472 1073 1506 humanus
1080 1471 1226 1511 cognoscit

237 1521 436 1563 componendo
444 1542 454 1557 ,
463 1518 678 1554 &dividendo
686 1540 696 1555 ,
711 1519 793 1563 ficut
801 1516 838 1550 ὥ·
848 1516 1075 1549 ratiocinando.
1099 1515 1137 1546 Et
1149 1514 1227 1546 infra

238 1569 274 1599 in
284 1565 478 1607 responsione
487 1566 525 1596 ad
535 1564 668 1606 primam
679 1574 686 1594 :
697 1561 880 1604 Compofitio
889 1581 899 1596 ‚
921 1561 1025 1600 inquit
1036 1580 1046 1594 ‚
1069 1557 1105 1591 (θ’
1113 1557 1146 1589 di
1152 1557 1227 1601 visto

237 1609 409 1646 inteller‘lus
426 1617 481 1649 per
491 1605 652 1646 quamdam
662 1606 695 1638 di
719 1606 867 1638 erentiam
878 1625 889 1640 ‚
910 1604 962 1636 vel
972 1603 1227 1643 comparationem

230 1651 292 1696 fit,
315 1651 421 1685 &an-
426 1651 508 1693 seqq.
518 1653 551 1682 in
566 1650 669 1693 respa
705 1659 729 1680 1.
741 1649 879 1681 similiter
889 1648 980 1679 docet
991 1649 1174 1678 veritatem,
1194 1646 1228 1676 δέ

238 1696 403 1728 salsitatem
413 1715 423 1730 ‚
445 1696 520 1726 item
540 1694 726 1735 opinionem
736 1712 746 1727 ‚
768 1693 801 1723 δε
820 1691 1097 1722 ratiocinationem
1118 1688 1175 1719 esse
1194 1689 1228 1718 in

240 1738 401 1771 intellectu
431 1737 598 1770 secundum
627 1735 888 1776 compositionem
909 1754 919 1768 ‚
947 1735 981 1765 &
1011 1732 1198 1763 divisionem
1220 1752 1227 1759 .

158 1787 215 1822 169
238 1782 333 1813 Unde
343 1791 409 1813 rem
417 1782 546 1813 dubiam
557 1779 614 1810 effe
622 1799 632 1814 ‚
654 1779 726 1810 cum
738 1780 874 1809 rationes
884 1786 956 1817 pro,
979 1777 1011 1808 &
1036 1773 1142 1806 contra
1153 1784 1229 1804 con-

238 1835 382 1860 currunt,
394 1825 474 1856 dixit
483 1823 616 1856 Alberic.
629 1822 663 1854 in
674 1822 810 1854 Diaron.
821 1822 854 1852 in
862 1817 945 1851 verb.
958 1815 1155 1853 Dubitabile3
1177 1825 1230 1848 aut

237 1869 290 1901 ubi
300 1868 367 1902 sunt
377 1867 507 1902 consilia
515 1888 524 1901 ‚
535 1868 567 1899 δέ
579 1865 734 1897 discordes
743 1862 921 1895 Doctorum
932 1864 1098 1903 opiniones
1108 1881 1117 1894 ,
1137 1870 1171 1891 ut
1183 1862 1230 1890 in-

234 1914 304 1953 quit
313 1912 430 1943 Bait-in
442 1911 464 1942 l.
475 1911 539 1955 Qi
550 1911 644 1942 Roma
654 1928 664 1943 a
674 1905 899 1950 §.Duofratres
907 1926 917 1940 ‚
925 1915 1005 1937 num.
1019 1915 1045 1938 9.
1055 1902 1088 1947 ff.
1099 1906 1149 1936 De
1160 1913 1229 1935 ver-

236 1955 337 1993 borum
346 1952 469 1993 obligat.
484 1956 518 1985 in
531 1963 556 1984 1.
567 1952 688 1995 oppofit.
700 1961 752 1991 per
762 1959 869 1981 notata
881 1949 945 1980 inl.
956 1948 1025 1980 Ideo
1035 1969 1044 1982 ,
1051 1945 1085 1988 ff.
1099 1948 1135 1979 de
1143 1944 1229 1986 legib.

240 2001 273 2031 in
284 1997 389 2031 l-Citm
396 1996 433 2029 de
442 2007 520 2028 novo
530 2016 540 2030 ⁴)
550 1995 652 2028 C.eod.
663 1996 697 2026 in
702 1996 804 2033 prima
814 1991 1034 2034 Constitutione
1043 1989 1170 2023 Codicis
1177 2010 1187 2024 ‚
1197 1992 1230 2020 in

237 2045 264 2080 §.
274 2039 408 2085 Quibus,
429 2040 464 2072 in
474 2039 547 2080 glos.
557 2041 590 2070 in
612 2048 677 2070 ver.
689 2039 734 2069 Et
743 2039 807 2072 ita3
828 2038 862 2069 &
885 2035 1051 2076 sequuntur
1073 2035 1231 2065 Antonius

237 2087 275 2118 de
286 2086 394 2116 Burrio
403 2105 412 2118 ‚
434 2085 467 2115 &
476 2082 555 2114 Petr.
569 2083 607 2116 de
617 2081 752 2113 Anchar.
762 2078 914 2121 cons-210-
926 2080 1011 2110 Inter
1020 2077 1148 2120 confilia
1158 2077 1230 2107 An-

237 2127 383 2162 charani,
405 2129 495 2166 incip.
505 2128 592 2158 Inter
607 2125 781 2158 contraria,
800 2130 854 2163 per
871 2130 926 2153 tot.
939 2123 991 2152 ubi
1014 2121 1150 2161 pluribus
1161 2129 1230 2160 pro-

240 2174 314 2204 bant
330 2180 396 2202 rem
407 2171 533 2202 dubiam
555 2169 611 2203 effe
622 2189 632 2203 ‚
654 2167 728 2200 cum
750 2177 805 2208 pto
826 2174 955 2205 utraque
966 2173 1049 2205 parte
1072 2163 1140 2193 sunt
1161 2163 1230 2201 opi-

240 2218 352 2246 niones
363 2235 373 2249 ‚
393 2216 426 2246 &
440 2216 576 2244 rationes
585 2210 670 2253 aequ&
681 2209 869 2251 probabiles,
891 2208 977 2239 Alex.
988 2205 1064 2247 cons
1079 2216 1145 2236 ιη.
1159 2203 1234 2245 Visa

234 2257 317 2302 fabii
325 2259 504 2289 narratione
512 2277 522 2290 ‚
544 2266 623 2287 num.
637 2264 683 2286 10.
694 2252 776 2293 vers.
786 2254 815 2284 E
818 2262 831 2283 t
850 2253 1000 2291 opiniones
1011 2246 1235 2289 Doliorumfa-

241 2304 325 2333 ciunt
342 2311 405 2332 rem
422 2297 594 2338 ambiguam
605 2319 614 2332 ‚
636 2296 688 2330 lib.
708 2308 735 2328 2.
762 2295 908 2336 Raphael.
920 2293 1055 2328 Cuman.
1065 2290 1142 2332 cons.
1165 2299 1231 2330 154.

242 2346 323 2388 Visis
332 2346 365 2375 in
379 2341 440 2385 fin.
450 2346 483 2375 ὄι
493 2342 648 2374 Marcabr.
660 2342 698 2372 ab
719 2339 844 2380 Anguil.
856 2337 933 2379 cons.
947 2341 996 2368 66.
1008 2346 1088 2367 num.
1099 2345 1169 2374 442.
1181 2334 1235 2365 ubi

243 2390 305 2422 ait,
326 2387 458 2418 dubium
467 2386 622 2427 probabile
630 2384 709 2426 Juris
726 2383 789 2415 dici
801 2403 811 2417 ‚
834 2382 908 2413 cum
918 2383 1009 2411 variae
1021 2378 1089 2411 sunt
1109 2379 1234 2418 opinio-

245 2441 299 2462 nes
317 2428 495 2461 Dostorum
505 2449 515 2463 ‚
540 2430 572 2461 δε
592 2438 656 2460 non
665 2427 783 2459 constat
804 2427 841 2457 de
850 2423 1034 2457 communi,
1054 2423 1085 2454 δι
1104 2420 1234 2454 Cardia.

244 2473 358 2506 Paleot.
369 2472 404 2504 de
413 2475 437 2504 S
439 2472 596 2515 acr.Confi
591 2469 667 2512 stor.
677 2468 800 2509 consult.
806 2476 904 2509 par.5.
916 2466 1008 2508 quaej'l.
1016 2475 1061 2506 13.
1071 2463 1150 2504 vers
1162 2464 1236 2495 Pri-

246 2518 395 2554 mingitur
405 2536 414 2550 ‚
436 2516 487 2546 ubi
499 2516 608 2546 itidem
616 2513 747 2545 affirmat
763 2512 873 2544 statum
882 2510 1059 2552 quaestionis
1078 2509 1206 2539 dubium
1218 2505 1235 2536 a

246 2559 438 2591 Doctoribus
445 2559 591 2590 constitui
602 2577 612 2591 ,
635 2556 710 2588 cum
720 2557 877 2596 utrimque
897 2554 988 2585 habet
998 2553 1153 2585 rationes,
1175 2548 1235 2582 five

249 2602 451 2634 authoritates
461 2623 469 2631 .
480 2600 519 2632 Et
528 2600 568 2631 est
581 2608 654 2631 text.
666 2601 698 2630 in
709 2600 729 2630 l.
739 2597 801 2630 Sed
810 2606 839 2629 et
854 2610 864 2629 ι
878 2598 940 2636 lege
950 2617 960 2630 ‚
982 2598 1008 2632 §.
1019 2594 1109 2626 Adeo
1117 2602 1217 2624 autem
1227 2612 1236 2626 ,

247 2643 282 2686 ff.
292 2646 326 2675 de
334 2648 470 2684 petition.
480 2642 584 2676 her-ed.
597 2642 694 2673 Unde
705 2651 772 2672 mos
782 2640 822 2671 est
865 2640 1009 2671 oritorum
1020 2640 1052 2668 in
1063 2636 1110 2668 his
1120 2636 1237 2668 caslbus

253 2690 352 2719 dicere
364 2688 424 2719 baec
435 2709 444 2722 ,
466 2688 514 2719 vel
523 2687 634 2719 similia
642 2685 734 2716 verba
745 2695 752 2714 ε
762 2682 881 2724 Negari
891 2691 954 2713 non
966 2680 1058 2721 potest
1070 2700 1079 2713 ‚
1100 2678 1177 2720 quin
1190 2688 1237 2708 at-

254 2732 365 2762 ticulus
376 2730 410 2761 sit
426 2732 534 2764 dubius
545 2735 555 2765 ;
576 2729 649 2761 cum
670 2729 805 2759 rationes
815 2746 825 2763 ,
846 2727 878 2758 &
895 2724 1100 2756 authoritates
1108 2730 1238 2763 urgeant

254 2783 309 2817 pro
318 2782 443 2814 utraque
454 2784 536 2813 parte
547 2794 556 2808 ‚
578 2782 612 2805 ut
627 2782 678 2813 per
688 2769 824 2802 Cuman.
834 2771 866 2801 δι
877 2768 962 2799 Alex.
974 2767 1048 2798 locis
1057 2767 1164 2797 citatis
1172 2785 1182 2799 ‚
1204 2764 1237 2795 &

277 2827 307 2848 er
318 2816 394 2847 alios
414 2816 565 2848 Doctores
577 2815 681 2857 passim
703 2817 735 2845 in
757 2812 895 2844 consiliis
907 2831 916 2845 ‚
939 2812 971 2842 &
982 2808 1126 2844 lecturi„
1147 2809 1239 2847 idque

256 2827 340 2890 liaud
348 2857 473 2889 obscure
481 2859 614 2891 insinuat
622 2857 807 2890 Concilium
816 2854 957 2887 Trident.
963 2852 1030 2892 seff.
1045 2854 1090 2883 18.
1099 2853 1131 2881 in
1139 2852 1238 2890 princ.

257 2901 302 2935 ihi
324 2913 331 2932 z
352 2899 508 2934 Catholicae
526 2900 595 2940 fidet
607 2901 776 2933 dominam
795 2899 954 2930 multorum
962 2899 1044 2927 inter
1053 2896 1089 2935 se
1099 2892 1240 2934 diffiden-

258 2947 335 2981 tium
344 2941 527 2983 opinionibus
536 2944 666 2983 pluribus
677 2945 750 2976 locis
759 2944 948 2980 inquinatam
959 2960 969 2974 ,
991 2937 1028 2970 (ῥ’
1037 2936 1222 2978 obscuratam
1231 2957 1240 2966 .

259 2988 357 3030 Igitur
366 2989 406 3019 ob
414 2990 583 3018 contrarias
593 2988 728 3020 rationes
737 3007 747 3021 ‚
759 2986 805 3018 vel
818 2984 1021 3016 authoritates
1029 2980 1154 3022 aequalis
1165 2989 1241 3020 pon—

262 3034 341 3063 deris
351 3051 361 3066 ,
379 3030 503 3062 animus
511 3029 730 3062 ·indifferenter
741 3029 767 3062 se
790 3029 879 3060 babet
902 3028 940 3058 ad
951 3033 1113 3065 utramque
1124 3031 1242 3064 partem

262 3072 522 3108 contradictionis
532 3094 539 3102 .
562 3072 643 3114 Qae
652 3074 777 3113 quidem
786 3070 1010 3104 indifferentia,
1023 3069 1054 3099 δέ
1066 3068 1242 3099 rationum,

264 3119 311 3150 vel
323 3116 547 3148 authoritatum
556 3116 710 3155 aequalitas
718 3137 727 3150 ,
736 3114 900 3147 necessario
908 3114 985 3154 parit
995 3112 1224 3143 dubitationem
1233 3129 1243 3143 2

268 3160 310 3193 sec
317 3159 435 3192 undum
445 3158 593 3190 Isidorum
601 3178 611 3192 ‚
620 3158 648 3189 S.
658 3158 816 3189 Thomam
828 3178 838 3193 ‚
859 3159 892 3189 &
902 3157 980 3187 alios
991 3155 1164 3195 praecitatos
1173 3173 1181 3181 .

308 3202 469 3234 Veriffima
484 3202 522 3234 cll
534 3203 630 3243 igitur
651 3203 747 3241 prima
755 3199 911 3232 conclusio
934 3198 1069 3239 superius
1091 3194 1243 3237 proposita

265 3257 343 3277 num.
357 3256 368 3277 1
377 3255 421 3283 25.
432 3247 462 3279 id
472 3245 512 3276 est
531 3256 537 3275 ε
556 3243 627 3284 Qi
637 3243 751 3284 judicat
760 3245 832 3274 duas
841 3244 1006 3283 opiniones
1022 3238 1175 3281 oppositas
1185 3239 1241 3269 elle

267 3289 420 3328 aequaliter
430 3288 598 3329 probabiles
609 3307 619 3321 ,
641 3287 687 3317 νεὶ
697 3285 779 3325 quasi
798 3286 953 3325 xqualiter
963 3305 972 3319 ‚
995 3293 1058 3315 non
1069 3282 1109 3314 est
1117 3281 1243 3313 morali-

186 3341 244 3370 170
266 3342 305 3363 tei
321 3340 420 3362 certus
431 3351 440 3365 ,
452 3331 497 3362 sed
506 3332 616 3362 dubius
627 3340 633 3360 :
644 3328 716 3360 licet
727 3327 874 3358 fateamur
885 3348 894 3362 ‚
916 3328 989 3359 cum
999 3328 1089 3358 varice
1102 3330 1168 3356 lunt
1178 3325 1245 3363 opi-

267 3375 378 3406 niones
391 3374 563 3405 Doctorum
573 3394 583 3408 ,
594 3382 650 3404 nec
659 3371 859 3403 discernitur,
880 3381 945 3410 quae
956 3371 989 3403 sit
1001 3369 1102 3401 verior
1112 3388 1121 3402 a
1138 3369 1170 3402 &
1182 3376 1245 3399 ma-

269 3421 316 3459 gis
327 3426 446 3456 recepta
458 3419 488 3446 in
501 3416 568 3447 foro
576 3425 721 3448 externo,
739 3414 873 3454 judicem
881 3433 890 3445 ‚
910 3415 962 3452 qui
974 3423 1069 3445 unam
1079 3422 1114 3442 ex
1125 3411 1171 3441 his
1180 3411 1247 3449 opi-

275 3461 420 3493 nionibus
430 3462 570 3499 sequutus
579 3460 618 3490 eil
627 3479 636 3493 2
658 3468 722 3490 non
732 3456 788 3490 elle
806 3455 996 3497 puniendum
1006 3475 1015 3489 ,
1038 3454 1107 3486 lice-t
1126 3455 1199 3487 alter
1210 3463 1248 3486 eo

602 56 782 129 Prosp.
801 53 1035 129 Faguan.
1055 56 1111 109 in
1131 52 1377 111 Primum
1401 52 1629 109 Librum
1650 51 1928 110 Decretal.

1266 139 1446 181 prudentior
1467 141 1500 168 ὄζ
1528 136 1650 172 doctior
1671 143 1748 167 torte
1772 140 1939 169 necundum
1961 139 2054 172 aliam
2073 141 2233 182 judicasser
2248 154 2253 170 5

1269 190 1342 211 nam
1351 181 1542 226 opinlonum
1561 180 1776 220 multiplicitas
1787 179 1909 211 excusat
1921 200 1929 213 -.
1953 189 1991 212 ne
2013 183 2098 214 litem
2108 184 2192 215 suam
2211 184 2251 214 fe·

1264 223 1335 254 ciffe
1345 223 1487 256 dicatur,
1504 223 1580 253 utin
1591 221 1688 262 specie
1697 223 1831 256 declarat
1844 222 1953 254 Balclus
1965 224 1997 254 in
2015 233 2079 264 cap.
2093 235 2118 257 1.
2130 227 2254 268 §.judi¹<

1264 276 1311 297 ces
1321 285 1331 299 ,
1352 276 1382 296 n.
1390 274 1420 304 4.
1430 262 1468 295 de
1475 271 1547 304 pace
1557 274 1656 296 tenen.
1666 267 1700 296 in
1711 262 1808 309 usibus
1817 263 1978 308 feudorum
1988 286 1998 300 ‚
2021 265 2099 299 &in
2111 269 2133 299 l.
2143 268 2254 310 Obser-

1264 317 1342 339 vare
1351 327 1361 342 ‚
1372 309 1398 344 §.
1409 306 1567 355 Proficisci
1577 328 1586 341 ‚
1596 306 1688 349 quast.
1701 317 1748 348 30.
1760 306 1797 339 de
1806 308 1880 349 offic.
1894 310 2034 349 Procons.
2045 311 2166 342 tametsi
2176 313 2212 343 ad
2217 311 2255 353 ji-

1265 353 1329 398 ciat
1346 349 1403 398 esse
1414 352 1612 382 arbitrarium
1624 351 1777 390 judicibus
1794 351 2044 393 syndicantibus‚
2068 362 2107 383 an
2118 354 2253 389 eocastu,

1264 404 1319 435 qui
1330 392 1370 425 sic
1382 394 1533 433 judicavit
1542 413 1552 428 ,
1574 393 1771 425 excusatione
1781 396 1894 434 dignus
1904 394 1939 426 fit
1948 417 1955 424 .
1979 395 2016 426 Et
2037 395 2172 437 sequitur
2183 395 2253 428 Me-

1266 435 1358 467 noch.
1369 435 1405 467 de
1422 433 1531 467 arbitr.
1543 433 1595 467 lib.
1608 446 1634 466 2.
1645 445 1757 467 centur.
1767 447 1796 475 4.
1809 435 1900 478 quest.
1914 447 1960 478 33.
1971 450 2007 469 n..
2017 448 2063 475 19.

1306 478 1448 527 Secunda
1458 487 1564 510 autem
1574 478 1753 513 conclusio,
1776 480 1919 511 videlicet
1938 491 1945 510 :
1964 480 2155 523 Qiidubius
2171 481 2255 514 estin
2281 491 2333 520 ¹71

1264 522 1375 553 morali
1385 524 1515 556 materia
1525 541 1534 556 ‚
1557 524 1590 552 in
1606 531 1668 562 qua
1677 523 1808 553 vertitur
1831 521 1934 554 salutis
1955 526 2126 564 periculum
2136 545 2146 558 ‚
2168 534 2255 555 tene-

1264 575 1315 596 tur
1324 575 1361 596 ex
1384 574 1535 605 praecepto
1545 563 1629 605 sequi
1653 572 1769 605 partem
1788 566 1956 600 tutiorem,
1977 569 2059 608 apud
2082 569 2179 599 sacros
2190 566 2256 599 Ca-

1265 618 1363 639 nones
1383 607 1424 639 est
1445 608 1543 639 veluti
1563 609 1723 648 quoddam
1744 610 1869 639 axioma
1886 628 1896 642 ‚
1924 610 1958 641 &
1981 610 2110 642 habetur
2132 610 2253 642 disertis

1267 652 1367 681 verbis
1389 652 1422 681 in
1442 661 1467 683 c.
1477 649 1535 682 Ad
1553 649 1742 682 audientiam
1753 670 1762 684 ‚
1784 649 1819 680 de
1840 649 1946 682 homic.
1958 653 2000 683 ibi
2025 664 2032 684 :
2087 656 2138 684 uia
2159 655 2232 685 verb
2242 673 2253 688 ,

1264 702 1366 725 utrum
1377 704 1417 724 ex
1426 704 1493 725 occa
1494 694 1575 735 fione
1589 693 1723 726 vulneris
1732 690 1886 734 deceffiffi’t
1896 713 1906 727 2
1915 692 2034 726 dubium
2042 695 2080 727 ha
2101 706 2177 730 etur,
2185 695 2254 729 ciam

1265 740 1298 768 in
1306 734 1405 768 dubiis
1421 735 1568 777 semitam
1578 735 1734 769 debeamus
1743 737 1851 775 eligere
1866 738 2007 767 tutiorem
2018 758 2028 772 ‚
2049 749 2104 770 vos
2112 741 2255 771 convenit

1265 779 1420 817 injungere
1430 777 1612 824 Presbytero
1621 789 1784 811 memorato
1794 800 1803 814 ‚
1826 788 1857 810 ut
1865 780 1897 809 in
1906 778 2009 819 sacris
2020 780 2187 814 Ordinibus
2196 793 2254 813 non

1265 820 1434 868 ministret.
1458 824 1494 853 In
1515 821 1776 864 cap.Significasti
1793 822 1818 853 il
1832 833 1857 853 2.
1869 822 1930 853 eod.
1942 824 1992 854 tit.
2005 823 2037 853 in
2057 824 2117 855 illis
2136 826 2252 856 verbis:

1266 864 1391 908 Quoafi
1399 864 1532 906 discerni
1541 876 1599 897 non
1607 866 1691 907 pofflt
1700 887 1710 900 ‚
1721 877 1760 897 ex
1770 864 1851 903 cujus
1858 866 1916 897 ictu
1927 863 2070 906 percussus
2078 868 2211 901 interiit.
2219 870 2253 899 in

1265 908 1317 941 hoc
1324 907 1411 941 dubio
1420 918 1563 947 tanquam
1571 907 1724 940 homicida
1734 907 1839 941 haberi
1848 907 1934 941 debet
1933 907 2078 949 sacerdos
2088 920 2100 945 ,-
2109 907 2146 941 (ῥ’
2151 909 2180 951 si
2182 908 2253 952 for-

1266 952 1295 984 te
1304 951 1455 985 homicida
1463 952 1569 995 nonfit
1576 972 1586 987 ‚
1594 951 1613 983 a*
1617 950 1793 992 sacerdotal
1796 954 1807 983 i
1816 951 1912 993 officio
1921 950 2068 990 abstinere
2077 950 2173 987 debet,
2184 952 2253 985 ciem

1265 1007 1298 1027 in
1309 994 1360 1027 hoc
1376 994 1444 1035 casu
1453 993 1560 1036 cessare
1570 995 1616 1038 fit
1625 997 1737 1030 tutius,
1759 997 1846 1033 qua'm
1855 996 1964 1027 temere
1981 996 2148 1028 celebrare.
2173 995 2209 1027 Et
2219 999 2253 1026 in

1266 1051 1290 1071 c.
1305 1040 1420 1070 Petitio
1429 1058 1438 1073 ,
1460 1037 1522 1070 eod.
1533 1040 1583 1070 tit.
1596 1039 1639 1071 ibi
1649 1050 1656 1069 :
1667 1041 1704 1071 Si
1713 1037 1752 1070 de
1760 1037 1915 1081 interfet‘li
1918 1050 1970 1070 one
1977 1037 2145 1079 cujusquam
2154 1040 2188 1069 in
2197 1039 2253 1070 illo

1265 1093 1319 1114 con
1336 1082 1407 1113 lic‘lu
1415 1091 1468 1113 tua
1483 1081 1666 1121 conscientia
1675 1091 1704 1114 te
1713 1081 1863 1114 remordet
1872 1102 1882 1116 ‚
1903 1081 1923 1114 a*
1931 1080 2098 1123 ministerio
2123 1081 2253 1113 Altaris

1266 1123 1303 1157 ab
1331 1127 1621 1160 ineasreverenter‚
1642 1123 1711 1157 citm
1720 1125 1767 1168 fit
1777 1125 1975 1166 consultius-in
1990 1122 2253 1167 huiusmodidubio

1266 1165 1433 1209 abstinere,
1456 1168 1546 1206 quam
1557 1166 1841 1200 temerecelebrare.
1864 1169 1911 1200 Ad
1923 1170 2004 1200 idem
2017 1179 2090 1200 text.
2099 1171 2133 1200 in
2143 1176 2205 1208 cap.
2215 1170 2253 1199 Si

1266 1214 1331 1249 quis
1341 1211 1471 1254 pofitus,
1493 1209 1530 1242 de
1543 1214 1648 1250 poenit.
1659 1210 1827 1252 dastinfftff.
1839 1213 1889 1242 ubi
1906 1212 2095 1253 Augustinus
2104 1214 2149 1242 ait
2171 1223 2177 1242 ;
2199 1212 2254 1243 Ws

1267 1265 1334 1293 ergo
1355 1255 1375 1285 a'
1384 1252 1471 1286 dubio
1484 1252 1636 1298 liberari?
1659 1257 1714 1286 st
1723 1276 1732 1290 ‚
1756 1253 1830 1293 quod
1851 1257 1999 1286 incertum
2022 1253 2082 1296 est,
2104 1254 2253 1286 evadere?

1267 1298 1338 1336 Age
1344 1299 1557 1337 poenitentiam
1567 1298 1736 1339 dumsanus
1745 1310 1775 1331 es
1786 1310 1795 1328 :
1804 1301 1840 1331 (θ’
1849 1300 1882 1329 in
1892 1309 1916 1330 c.
1925 1300 1963 1330 Si
1973 1301 2038 1335 quis
2047 1306 2146 1329 autem
2156 1318 2166 1332 ‚
2186 1296 2254 1328 ead.

1266 1339 1334 1381 dist.
1344 1342 1418 1374 Duae
1427 1351 1475 1372 res
1479 1342 1552 1381 sum
1567 1352 1578 1371 .-
1597 1342 1665 1372 Aut
1674 1342 1836 1382 ignoscitur
1844 1340 1903 1373 tibi
1944 1351 1995 1373 aut
2005 1352 2062 1373 non
2071 1340 2165 1381 ignosc
2172 1342 2234 1371 itur
2243 1350 2255 1371 e

1266 1382 1338 1421 quid
1348 1382 1450 1415 horum
1460 1381 1706 1427 tibifuturumstt
1716 1405 1726 1419 ‚
1748 1383 1846 1425 nescio
1857 1407 1864 1414 .
1888 1386 1970 1423 Ergo
1980 1394 2048 1416 tene
2056 1393 2168 1416 certum
2178 1404 2188 1417 ,
2205 1382 2255 1413 di-

1265 1429 1354 1458 mitte
1362 1429 1511 1458 incertum
1527 1438 1537 1456 .·
1561 1429 1593 1459 &
1605 1429 1776 1460 concordat
1784 1440 1807 1459 c.
1818 1428 1973 1470 juvenis,
1996 1427 2032 1459 de
2051 1425 2181 1467 sponsal.
2193 1425 2253 1457 ibi:

1268 1469 1377 1504 lnhis.
1399 1480 1455 1508 qua
1465 1467 1556 1502 dubia
1564 1470 1658 1512 fient,
1681 1471 1757 1510 quod
1776 1474 1886 1504 certius
1902 1470 2131 1515 existimamus,
2152 1478 2255 1503 tenere

1267 1510 1406 1545 debemus
1418 1536 1425 1543 .
2012 1539 2014 1541 .

1290 1558 1367 1607 *Sed
1386 1556 1539 1598 insignem
1555 1557 1635 1590 hanc
1651 1560 1788 1600 regulam
1808 1558 1981 1591 Canonum
1993 1559 2090 1600 plures
2112 1556 2254 1589 Theolo-

1267 1611 1299 1651 gi
1315 1610 1351 1631 ex
1362 1601 1585 1633 recentioribus
1604 1602 1805 1633 multifariam
1816 1613 1970 1634 conantur
1987 1611 2139 1633 evertere.
2161 1598 2252 1641 Obji-

1267 1653 1356 1675 ciunt
1365 1645 1451 1674 enim
1465 1644 1584 1684 primo,
1605 1644 1690 1686 quod
1708 1645 1740 1678 in
1750 1656 1781 1677 re
1802 1647 1893 1676 dubia
1903 1646 2053 1676 tutiorem
2072 1652 2189 1685 partem
2199 1641 2254 1674 eli-

1267 1697 1339 1728 gere
1350 1697 1413 1718 non
1424 1688 1458 1719 s1t
1471 1689 1614 1729 praecepti
1624 1709 1633 1723 ‚
1658 1688 1704 1719 sed
1715 1688 1833 1719 consilii
1856 1688 1979 1720 tantum
1991 1711 1999 1718 .
2022 1688 2072 1719 Sic
2082 1687 2195 1718 Suarez
2216 1684 2253 1716 de

1268 1729 1427 1781 consecrat.
1434 1737 1516 1769 part.
1529 1738 1554 1769 5.
1565 1730 1640 1773 disp.
1651 1743 1702 1775 40.
1713 1731 1824 1771 sefffi.
1841 1742 1920 1763 num.
1933 1731 2007 1768 Q&
2021 1728 2255 1772 fiqi1.Sanchez

1269 1784 1300 1804 in
1314 1773 1420 1809 Decal.
1431 1773 1598 1806 tom.1.lib.
1611 1784 1635 1805 1.
1645 1786 1669 1806 c.
1685 1785 1730 1806 10.
1740 1786 1820 1806 num.
1834 1785 1882 1806 11.
1894 1774 1931 1807 (ῥ’
1941 1780 1990 1814 64.
2004 1774 2134 1805 Malder.
2144 1774 2176 1803 in
2190 1780 2214 1802 1.
2226 1781 2253 1803 2.

1268 1815 1378 1858 disput.
1388 1819 1437 1856 84.
1448 1815 1539 1858 quest.
1552 1827 1598 1853 19·
1608 1827 1669 1849 art.
1683 1826 1707 1856 5.
1722 1818 1895 1849 Moventur
1916 1816 2066 1859 praecipue
2076 1818 2134 1847 hoc
2145 1814 2256 1846 funda-

1271 1869 1395 1894 mento,
1416 1862 1491 1901 quia
1506 1860 1578 1892 cum
1587 1861 1717 1902 quilibet
1735 1861 1770 1892 sit
1783 1864 1815 1892 in
1827 1861 2001 1902 poffeffione
2019 1860 2075 1892 suae
2086 1857 2254 1890 libertatis,

1269 1905 1302 1935 &
1314 1902 1402 1934 famae
1412 1923 1423 1938 ,
1446 1905 1478 1934 in
1487 1904 1581 1935 dubio
1591 1915 1654 1936 non
1665 1905 1753 1936 debet
1763 1905 1890 1945 spoliare
1909 1905 1936 1936 se
1948 1905 2003 1935 hac
2023 1902 2198 1944 possessione
2211 1901 2256 1939 ju—

1270 1948 1406 1977 dicando
1416 1946 1443 1977 se
1453 1947 1660 1988 culpabilem,
1681 1957 1734 1981 aut
1746 1957 1827 1979 nexu
1848 1948 1978 1988 alicujus
1987 1946 2191 1987 obligationis
2208 1945 2258 1974 in-

1271 1991 1440 2024 nodatum,
1462 1989 1535 2021 curn
1559 1989 1725 2022 secundum
1748 1991 1887 2032 regulam
1905 1991 1983 2032 Juris
1994 2010 2004 2023 ‚
2026 1991 2059 2020 in
2081 1988 2147 2030 pari
2167 1985 2258 2019 causa

1272 2033 1381 2064 melior
1391 2032 1426 2063 sit
1436 2033 1577 2064 conditio
1588 2033 1764 2073 possidentis
1773 2055 1784 2069 ,
1793 2035 1878 2066 l.Res
1888 2035 2006 2065 alienas
2016 2054 2025 2066 ,
2035 2034 2071 2064 C.
2082 2031 2118 2063 de
2127 2032 2176 2061 rei,
2183 2040 2258 2061 ven—

1272 2074 1364 2107 dicat.
1376 2076 1396 2107 l.
1405 2078 1482 2107 Sive
1490 2085 1591 2108 autem
1599 2097 1610 2110 ,
1620 2079 1687 2114 §.Si
1694 2074 1803 2108 duobus
1812 2097 1823 2112 ,
1832 2078 1917 2109 &ibi
1929 2073 2053 2118 Bam-ff.
2062 2074 2098 2106 de
2104 2071 2214 2114 public.
2224 2075 2258 2104 in

1272 2129 1334 2149 rem
1345 2118 1402 2153 afl-
1411 2130 1435 2149 c.
1446 2121 1484 2150 Si
1493 2117 1513 2150 a
1524 2118 1602 2150 Sede
1611 2140 1621 2154 ‚
1642 2118 1679 2151 de
1694 2117 1818 2159 praeben.
1827 2130 1894 2152 cum
1914 2120 2093 2152 concordan.
2101 2116 2258 2157 dequibus

1274 2172 1324 2201 per
1347 2161 1424 2192 Dec.
1436 2163 1468 2192 in
1479 2161 1639 2200 Llnpari,
1653 2159 1692 2203 ff.
1702 2160 1740 2193 de
1755 2164 1849 2200 regul.
1860 2164 1917 2199 jur.
1928 2162 2040 2202 Qiam
2057 2161 2195 2200 regulam
2207 2159 2259 2190 lia—

1273 2206 1342 2236 bere
1352 2205 1456 2235 locum
1467 2213 1530 2234 non
1541 2202 1638 2234 solum
1649 2206 1681 2234 in
1691 2205 1821 2235 materia
1832 2204 1952 2245 justitiae
1962 2224 1972 2237 ,
1990 2203 2037 2234 sed
2046 2205 2141 2233 etiarn
2151 2204 2183 2232 in
2193 2211 2260 2232 ma-

1273 2249 1353 2279 teria
1361 2246 1494 2278 aliarum
1503 2246 1655 2278 virtutum
1664 2266 1674 2280 ‚
1684 2248 1716 2278 ὃ(
1726 2249 1759 2277 in
1769 2246 1837 2279 foro
1847 2247 1960 2278 animae
1969 2266 1979 2281 ‚
1992 2256 2077 2287 purat
2088 2246 2171 2276 idem
2182 2243 2259 2275 San-

1273 2291 1351 2323 ehez
1359 2287 1407 2321 ubi
1410 2287 1506 2329 supra
1514 2300 1596 2320 num.
1610 2299 1656 2320 ιο.
1667 2288 1780 2321 Suarez
1789 2288 1825 2320 de
1835 2290 1933 2328 Relig.
1944 2297 2008 2329 par.
2022 2300 2048 2320 2.
2059 2285 2112 2320 lib.
2118 2299 2147 2327 4.
2157 2286 2194 2318 de
2205 2298 2259 2318 vo-

1274 2343 1304 2365 to
1314 2354 1324 2368 ,
1333 2344 1358 2365 c.
1371 2340 1396 2372 5.
1408 2343 1486 2364 num.
1498 2341 1527 2370 7.
1536 2332 1717 2373 Henriquez
1727 2333 1761 2365 in
1771 2335 1888 2366 Summ.
1898 2331 1950 2365 lib.
1961 2335 1990 2366 8.
2000 2343 2027 2364 c.
2040 2341 2065 2373 3.
2075 2327 2209 2372 inglofflt
2219 2331 2260 2361 li-

1274 2386 1344 2409 tera
1352 2378 1388 2408 P.
1399 2378 1431 2408 &
1443 2375 1496 2407 alii
1504 2375 1595 2408 multi
1606 2397 1613 2405 .

1317 2420 1438 2467 Mirum
1455 2429 1561 2450 autem
1579 2419 1638 2453 est,
1659 2428 1725 2451 tam
1742 2420 1803 2451 levi
1822 2419 2028 2452 fundamento
2043 2417 2136 2460 quam
2153 2426 2262 2459 graves

1274 2464 1307 2495 &
1319 2462 1501 2504 periculosas
1510 2462 1691 2503 quaestiones
1712 2463 1860 2495 decidant
1869 2483 1878 2498 ‚
1900 2463 1981 2495 inter
2002 2472 2078 2503 quas
2088 2471 2152 2492 non
2175 2461 2261 2502 parvi

1276 2506 1291 2537 s
1289 2516 1344 2537 unt
1354 2506 1499 2547 ponderis
1509 2504 1708 2546 infrascriptae
1719 2528 1727 2535 .
1750 2505 1820 2548 Qu
1831 2508 1941 2538 dubius
1951 2506 1992 2537 est
2001 2526 2011 2541 ‚
2022 2516 2063 2537 an
2072 2504 2219 2537 inciderit
2227 2504 2260 2534 in

1275 2549 1634 2580 excommunicationem
1644 2569 1653 2583 ‚
1675 2549 1737 2580 sive
1758 2549 1794 2581 sit
1816 2551 1944 2582 dubium
1967 2548 2041 2591 juris
2050 2569 2059 2584 ‚
2081 2548 2143 2579 five
2166 2545 2241 2579 faeti
2250 2566 2261 2580 =

1277 2603 1340 2624 non
1357 2593 1447 2623 debet
1455 2590 1482 2622 se
1501 2591 1611 2623 habere
1622 2601 1677 2632 pto
1694 2594 1989 2627 excommunlcato,
2013 2602 2069 2623 nec
2079 2599 2201 2622 tenetur
2211 2599 2261 2629 pe—

1276 2646 1339 2684 tere
1348 2635 1573 2682 absolutionem
1583 2655 1593 2668 ‚
1614 2637 1688 2675 quia
1698 2655 1707 2670 ‚
1728 2636 1802 2667 cum
1817 2635 1897 2668 sitin
1918 2635 2094 2677 poffeffione
2116 2642 2262 2664 commu-

1276 2680 1405 2710 meandi
1424 2687 1497 2709 cum
1508 2678 1647 2709 fidelibus
1657 2699 1666 2713 ,
1689 2688 1753 2710 non
1776 2680 1865 2711 debet
1874 2680 1906 2710 in
1927 2678 2023 2710 dubio
2032 2687 2067 2707 ea
2087 2675 2263 2716 poffessione

1278 2722 1392 2763 privari
1402 2741 1412 2755 ‚
1421 2720 1561 2751 Sancbez
1570 2721 1633 2752 loco
1640 2723 1735 2753 citato
1743 2725 1874 2759 11um.56.
1887 2721 2025 2762 Layman
2034 2718 2085 2751 lib.
2101 2730 2124 2750 1.
2134 2718 2223 2750 trull.
2236 2726 2261 2756 5.

1277 2776 1301 2797 c.
1313 2773 1339 2804 5.
1351 2766 1377 2801 §.
1387 2775 1416 2804 4.
1426 2774 1505 2795 num.
1520 2767 1565 2803 38.
1579 2764 1615 2795 Et
1626 2766 1733 2796 eadem
1755 2765 1876 2796 ratione
1887 2765 2031 2795 dubitans
2041 2783 2050 2796 ‚
2072 2773 2112 2794 an
2135 2763 2181 2793 lex
2205 2763 2265 2792 im-

1279 2817 1397 2849 ponens
1406 2817 1528 2848 poenam
1538 2807 1876 2839 excommunicationis
1895 2806 1930 2838 fit
1940 2806 1994 2838 usu
2003 2815 2125 2846 recepta
2135 2825 2144 2839 ‚
2167 2805 2263 2846 potest

1280 2852 1414 2891 judicare
1431 2860 1494 2882 non
1504 2850 1561 2882 esse
1580 2849 1634 2881 usu
1643 2859 1796 2891 receptam
1806 2870 1817 2885 ‚
1838 2851 1872 2882 δε
1888 2859 1998 2882 contra
2008 2850 2107 2890 legem
2123 2849 2243 2889 operari
2254 2868 2264 2881 .

1280 2904 1336 2925 nec
1349 2891 1502 2934 propterea
1514 2893 1625 2924 incidit
1635 2895 1668 2924 in
1678 2893 2052 2926 excommunicationem,
2064 2893 2264 2923 Azor.tom.1.

1279 2935 1374 2978 instit.
1384 2936 1494 2968 moral.
1505 2934 1557 2967 lib.
1568 2947 1595 2966 a.
1604 2947 1628 2967 c.
1644 2945 1690 2972 19.
1702 2934 1793 2977 quast.
1809 2945 1956 2977 12.quem
1965 2938 2041 2967 citat
2052 2935 2224 2974 Salaspart.
2237 2945 2263 2965 2..

1280 2978 1424 3021 quaest.21.
1434 2979 1522 3026 trafl.
1535 2981 1563 3009 8.
1574 2977 1682 3019 disput.
1693 2978 1846 3019 unic-fell.
1862 2982 1906 3010 18.
1917 2989 1998 3010 num.
2013 2978 2267 3015 169.1temdubi-

1281 3033 1349 3054 tans
1358 3043 1367 3056 ,
1377 3033 1416 3053 an
1427 3024 1512 3053 casus
1522 3021 1557 3052 sit
1567 3020 1735 3053 reservatus
1745 3042 1754 3056 ‚
1766 3021 1860 3063 potest
1870 3023 1907 3054 ab
1917 3023 1969 3053 illo
1977 3021 2144 3055 absolvere,
2152 3020 2266 3052 δοκεῖ

1282 3066 1317 3097 de
1326 3065 1437 3107 censur.
1447 3074 1517 3096 tom.
1530 3072 1555 3103 5.
1566 3063 1642 3104 disp.
1652 3065 1811 3106 40.sefl.6.
1822 3075 1900 3097 num.
1912 3076 1941 3105 4.
1951 3065 1988 3098 Θ
1996 3068 2032 3096 de
2046 3065 2143 3102 Relig.
2154 3073 2224 3095 tom.
2239 3075 2265 3094 2.

1283 3107 1335 3141 lib.
1345 3119 1374 3149 4.
1383 3116 1446 3148 cap.
1460 3117 1502 3146 15.
1516 3107 1698 3139 Emmanuel
1711 3107 1748 3139 sa
1767 3109 1799 3140 in
1809 3119 1874 3139 ver.
1886 3108 1980 3150 Casus
1988 3106 2140 3149 reservati
2148 3117 2228 3138 num.
2240 3116 2265 3143 ς.

1284 3153 1363 3183 ltem
1373 3153 1427 3192 qui
1438 3152 1577 3185 dubitat,
1599 3161 1639 3182 an
1648 3150 1839 3184 commiserit
1856 3161 2018 3191 peccatum
2034 3151 2181 3185 moi-talc,
2203 3160 2267 3181 non

1284 3204 1406 3226 tenetur
1428 3195 1501 3225 illud
1523 3195 1685 3229 confiteri,
1703 3194 1747 3234 Jo.
1759 3193 1883 3234 l‘raepos.
1904 3197 1936 3226 in
1961 3203 2076 3235 3.part.
2097 3193 2136 3225 D.
2149 3193 2266 3225 Thom.

1285 3235 1376 3278 quast.
1387 3236 1424 3268 de
1441 3239 1578 3276 integrit.
1589 3235 1717 3277 Confeff.
1726 3235 1792 3268 dub.
1807 3247 1831 3278 3.
1843 3249 1871 3268 n.
1888 3247 1933 3275 17.
1944 3238 2124 3278 Henriquez
2133 3239 2167 3268 in
2182 3238 2265 3267 Sum.

1285 3279 1369 3312 lib-8.
1380 3279 1417 3311 de
1428 3278 1622 3321 Eurharistia
1631 3288 1706 3319 c.45.
1717 3289 1829 3320 num.3.
1840 3283 1872 3311 in
1879 3281 2065 3322 gloſslittera
2074 3282 2111 3313 P.
2123 3281 2202 3311 ltem
2214 3280 2270 3309 du-

1287 3326 1388 3355 bitans
1396 3325 1432 3354 de
1443 3323 1582 3363 legitima
1594 3322 1738 3363 potestate
1748 3322 1866 3355 Praelati
1876 3345 1886 3358 ‚
1903 3334 1966 3355 non
1977 3333 2099 3356 tenetur
2108 3324 2151 3355 illi
2161 3322 2269 3354 obedi—

1289 3377 1319 3397 re
1329 3387 1338 3400 ‚
1361 3366 1500 3406 vasquez
1511 3368 1542 3396 in
1558 3375 1581 3396 1.
1595 3377 1619 3396 2.
1631 3364 2009 3408 quest.19..1rt.6.d1sp.62.
2019 3369 2111 3399 c.6.in
2126 3363 2270 3404 sin-Salas

1290 3412 1321 3442 in
1338 3418 1361 3440 1.
1375 3419 1400 3439 2.
1412 3407 1687 3456 quest-213trar‘l8.
1698 3408 1772 3449 disp.
1783 3411 1966 3451 unic-sest&
1976 3422 2023 3442 nu.
2033 3413 2083 3448 78.
2095 3409 2173 3439 item
2182 3408 2267 3439 dubi>
2299 3416 2355 3446 179

1289 3462 1357 3485 tans
1368 3472 1377 3486 ,
1399 3462 1437 3485 an
1457 3453 1642 3485 beneficium
1654 3451 1687 3483 iit
1707 3460 1798 3487 tenue
1808 3473 1817 3487 ²
1840 3463 1944 3487 necne
1954 3474 1963 3490 ,
1986 3463 2049 3487 non
2072 3460 2194 3485 tenetur
2204 3449 2272 3481 oili-

2144 3503 2229 3525 cium

2278 1606 2333 1636 172

2282 1823 2318 1832 v..

2282 1822 2338 1853 ⁴,3

2286 2425 2345 2460 174

2291 2769 2346 2801 175

2293 2980 2350 3019 176

2294 3157 2351 3188 177

2296 3282 2351 3314 178
