2397 3664
327 105 389 136 10
619 76 859 146 Prosper-i
882 72 1116 142 Fagnani
1137 72 1192 125 in
1224 93 1261 123 ι.
1283 69 1418 126 Part.
1440 69 1597 139 primi
1624 68 1902 124 Decretal.

254 164 343 201 ritus
362 159 498 198 sanstus
508 158 587 196 sunt
603 171 672 195 una
683 158 828 194 essentia
837 180 847 194 ‚
873 165 943 190 una
953 152 1140 191 substantia
1150 178 1160 193 ‚
1185 164 1329 199 unaque
1348 163 1474 188 natura
1498 167 1506 187 ε
1531 153 1660 188 verum
1680 152 1859 188 unitatem
1886 150 2088 193 huiusmodi
2111 164 2188 190 non
2202 166 2257 189 ve-

252 223 330 248 ram
340 235 349 251 ‚
374 210 412 247 &
423 208 610 257 propriam
619 231 629 248 ‚
656 206 714 243 scd
724 203 820 251 quali
838 201 1069 239 collectivam
1083 226 1090 241 ,
1117 202 1153 237 ὅ(
1167 199 1488 237 similitudinariam
1501 198 1570 236 ess'e
1579 199 1709 236 fatetur
1720 224 1728 238 ,
1753 198 2069 246 quemadmodum
2087 200 2259 239 dicuntur

249 259 359 295 multi
372 258 546 294 homines
558 266 651 292 unus
661 252 818 302 populus
827 275 836 291 ‚
863 250 900 287 ὅ(
909 250 1017 287 multi
1030 249 1154 287 fideles
1173 261 1243 287 una
1253 246 1432 288 Ecclefia5
1453 248 1547 290 juxta
1558 247 1647 284 illud
1656 272 1665 286 ,
1686 247 1933 284 Multitudinis
1943 247 2171 284 credentium
2183 261 2256 285 erat

248 318 319 344 cor
330 316 447 342 unum
459 304 645 345 ‚scamma
656 312 742 337 una:
758 299 814 339 δέ,
842 299 915 346 Qui
925 297 1079 336 adhaetet
1089 297 1196 336 Deo,
1222 296 1464 340 unusspiritus
1475 295 1523 331 est
1534 295 1695 332 cumillo
1707 321 1716 330 .
1741 295 1854 335 Item,
1881 296 1953 343 Qui
1990 293 2124 334 lamat,
2147 296 2182 332 &
2195 308 2255 344 qur

249 356 362 402 rigat,
382 364 498 389 unum
509 350 587 388 sunt
598 364 608 390 3
625 350 663 386 &
675 372 684 387 ‚
702 348 847 383 Omnes
857 358 972 382 unum
983 357 1118 394 corpus
1128 345 1246 381 sumus
1257 346 1293 380 in
1305 342 1454 381 Christo
1463 369 1473 378 .
1484 342 1620 388 Rursus
1630 344 1667 378 in
1677 342 1775 380 libro
1784 343 1933 391 Regum
1945 359 1952 378 :
1964 306 2125 390 f'opulus
2135 353 2238 381 meus
2249 369 2257 382 ,

249 402 289 440 &
326 401 459 448 opulus
470 409 551 436 tuus
561 407 675 434 unum
692 394 773 431 sunt
782 420 791 430 .
816 395 877 431 Ad
897 394 992 431 hane
1003 404 1124 430 autem
1143 392 1239 429 suam
1252 391 1467 428 sententiam
1479 391 1728 427 adstruendam
1755 390 1845 427 illud
1855 390 2084 438 potissimum
2105 393 2256 428 verbum

248 451 289 487 in
318 450 411 488 ucit‚
437 448 539 494 quod
550 443 714 481 Christus
724 443 768 479 de
779 442 947 479 fidelibus
960 442 1078 488 inquit
1089 442 1125 476 in
1137 440 1338 487 Euangelio
1358 454 1366 474 ε
1387 439 1493 477 Volo
1507 438 1628 477 Patet,
1654 448 1691 473 ut
1703 436 1770 474 sint
1794 448 1909 474 unum
1920 439 1958 474 in
1967 439 2095 476 nobis,
2122 438 2257 476 ficut&

251 509 325 534 nos
334 507 450 532 unum
465 495 584 530 sumus
595 516 605 533 ‚
628 501 667 528 ut
678 490 746 527 fint
756 489 1003 528 consummati
1014 501 1049 526 in
1061 500 1175 525 unum
1186 515 1195 523 .
1221 488 1313 524 Non
1325 487 1425 523 enim
1453 486 1464 531 (
1481 496 1519 523 ut
1528 486 1576 522 ait
1594 486 1605 532 )
1630 485 1755 522 fideles
1766 484 1900 522 Christi
1916 485 1996 522 sunt
2005 498 2139 526 unum,
2164 488 2198 524 id
2209 487 2259 524 est

252 545 418 591 quaedam
431 552 500 577 una
512 551 567 576 tes
576 564 586 580 ‚
595 548 675 587 quae
684 540 898 576 communis
910 538 951 574 sit
961 538 1157 576 omnibus5
1183 535 1240 572 sed
1256 535 1329 571 hoc
1341 536 1460 571 modo
1474 533 1554 570 sunt
1564 545 1678 570 unum
1690 557 1699 572 ,
1719 534 1752 569 id
1764 532 1813 569 est
1822 544 1891 569 una
1903 533 2059 570 Ecclesia
2069 559 2079 573 ,
2104 545 2256 582 propter

248 591 457 629 Catholieae
466 588 550 626 fidei
560 589 741 625 unitatem
751 612 761 627 ‚
786 587 824 624 δε
835 588 984 623 tandem
997 597 1113 622 unum
1125 595 1280 632 regnum
1293 593 1446 630 propter
1456 583 1636 618 unionem
1649 580 1901 617 indissolubilis
1913 580 2096 618 eharitatis
2106 606 2116 622 ,
2132 593 2260 629 quem-

246 637 452 677 admodum
466 637 504 673 in
513 637 709 673 Canoniea
717 636 872 685 Joannis
883 633 1058 683 Apostoli
1077 631 1227 680 epistola
1238 631 1370 678 legitur
1379 654 1390 670 ,
1416 631 1514 681 Quia
1524 640 1596 666 tres
1607 629 1687 666 sunt
1698 629 1759 675 qui
1778 629 2032 665 testimonium
2043 631 2130 666 dant
2139 631 2177 667 in
2187 641 2261 667 coe-

248 687 289 724 lo
300 711 308 725 ‚
337 686 442 723 Pater
451 710 460 725 ‚
481 685 518 722 &
529 684 637 722 Filius
647 708 657 724 ‚
675 684 712 721 &
724 685 876 731 Spiritus
885 682 1021 720 sanctus
1030 706 1039 722 ‚
1065 681 1101 718 ὅ(
1113 680 1149 717 hi
1162 691 1233 716 tres
1243 690 1358 715 unum
1372 677 1467 714 sunt.
1491 678 1695 725 Statimque
1706 676 1948 724 subjungitur,
1973 676 2016 712 Et
2025 687 2097 713 tres
2108 677 2187 715 sunt
2197 680 2261 726 qui

249 734 511 771 testimonium
521 733 608 769 dant
619 733 655 769 in
667 742 761 768 terra
771 756 780 771 ‚
805 731 946 777 spiritus
956 755 966 771 ‚
990 740 1085 776 aqua
1097 753 1106 769 ‚
1133 729 1169 764 ὅ(
1180 726 1320 774 sanguis
1330 751 1339 766 ‚
1363 726 1399 763 ὅ(
1411 725 1448 761 hi
1459 734 1532 762 tres
1542 737 1657 762 unum
1670 724 1748 761 sunt
1760 738 1770 765 5
1796 723 1885 760 ficut
1895 725 1931 759 in
1943 724 2153 769 quibusdam
2165 727 2262 763 codi-

250 783 355 819 cibus
366 781 554 819 invenitur
563 807 571 816 .
584 781 670 818 Nos
680 790 802 817 autem
813 779 916 815 sacto
927 778 1153 826 approbante
1164 774 1345 812 Concilio
1360 774 1555 812 credimus,
1566 773 1603 810 ὅ(
1612 773 1839 810 confitemur
1850 783 1936 809 cum
1949 772 2181 818 Petro‚quod
2191 786 2261 811 una

249 831 420 877 quaedam
431 828 572 866 summa
584 841 638 865 res
648 829 698 864 est
708 853 717 867 ‚
741 825 1127 872 incomprehenlibilis
1138 823 1287 869 quidem
1300 848 1308 861 ‚
1319 820 1558 859 &ineffabilis
1569 845 1578 861 ,
1604 832 1682 867 quae
1693 822 1870 857 veraciter
1880 819 1928 855 est
1940 820 2045 856 Pater
2056 844 2066 859 ,
2085 819 2123 856 &
2133 821 2241 871 Filius
2252 847 2261 861 ‚

250 880 290 916 &
301 879 454 926 Spiritus
464 876 619 916 sandius,
646 886 718 912 tres
728 875 834 911 simul
845 875 1026 922 personae,
1052 884 1095 908 ac
1105 870 1283 918 sigillatim
1297 870 1466 916 quaelibet
1475 870 1686 905 earumdem
1699 882 1708 908 5
1734 870 1770 906 <Sc
1782 867 1866 906 ideo
1876 869 1913 903 in
1925 867 2011 904 Deo
2022 867 2263 906 solummodo

249 927 416 964 Trinitas
425 926 475 962 est
485 950 495 963 ‚
512 937 593 962 uon
603 925 827 972 quaternitas
837 947 847 961 ‚
869 923 956 968 quia
965 921 1133 968 quaelibet
1144 919 1251 954 trium
1264 917 1501 965 personarum
1513 917 1562 952 est
1573 916 1634 953 illa
1644 928 1699 952 res
1709 940 1718 955 ,
1743 916 1915 952 videlicet
1925 916 2111 953 substantia
2120 940 2130 956 ,
2156 916 2265 954 effen-

250 976 300 1010 tia
309 999 318 1015 ,
337 974 396 1011 seu
408 983 534 1010 natura
543 973 664 1009 divina
674 996 682 1012 ,
702 981 783 1018 quae
793 970 868 1007 sola
878 969 927 1005 est
936 968 1191 1005 universorum
1202 967 1425 1013 principium
1435 990 1445 1005 ‚
1466 976 1591 1011 praeter
1602 965 1704 1011 quod
1715 964 1809 1000 aliud
1819 965 1976 1000 inveniri
1985 975 2066 1001 non
2076 965 2195 1012 potest
2205 977 2215 1005 ς
2226 966 2263 1004 &

249 1023 314 1059 illa
325 1034 380 1058 res
391 1033 470 1058 non
482 1021 529 1058 est
540 1031 719 1069 generans
729 1044 738 1059 ,
749 1028 870 1064 neque
880 1017 1005 1064 genita
1014 1040 1022 1056 ‚
1035 1026 1105 1052 nec
1117 1015 1325 1062 procedens
1336 1026 1345 1052 ς
1371 1012 1428 1049 sed
1439 1014 1487 1049 est
1498 1013 1604 1051 Patet
1613 1038 1623 1053 ,
1634 1013 1696 1060 qui
1705 1021 1857 1060 generat
1868 1037 1877 1051 ,
1888 1012 1925 1048 &
1937 1012 2043 1048 Filius
2053 1037 2062 1052 ,
2074 1012 2137 1060 qui
2144 1013 2263 1061 gigni-

248 1080 329 1110 tur,
354 1071 392 1107 &
402 1070 555 1117 Spiritus
566 1067 722 1107 sanstus,
734 1066 798 1113 qui
807 1065 978 1113 procedit
987 1089 996 1105 ,
1016 1073 1056 1101 ut
1067 1062 1316 1100 diffinitiones
1326 1060 1396 1098 sint
1411 1063 1448 1098 in
1458 1060 1622 1109 personis
1631 1086 1642 1102 ‚
1660 1061 1697 1098 δε
1707 1061 1825 1097 unitas
1837 1061 1874 1095 in
1885 1070 2025 1096 natura.
2038 1060 2145 1098 Licet
2155 1064 2265 1109 igitur

249 1119 340 1154 alius
350 1117 391 1153 lit
412 1119 517 1154 Pater
527 1139 537 1156 ‚
561 1115 649 1151 alius
661 1113 787 1154 Pilius,
812 1114 901 1150 alius
911 1112 1064 1161 Spiritus
1091 1110 1227 1147 sancitus
1238 1135 1247 1148 ‚
1274 1122 1352 1146 non
1364 1120 1489 1146 tamen
1499 1109 1596 1145 allud
1606 1134 1615 1148 ,
1640 1108 1698 1146 sed
1710 1109 1746 1145 id
1756 1109 1856 1156 quod
1868 1107 1916 1144 est
1929 1108 2049 1149 Patet,
2075 1109 2125 1145 est
2138 1111 2263 1149 filius,

248 1167 287 1203 &
298 1165 447 1212 Spiritus
458 1162 597 1200 sanctus
609 1163 705 1199 idem
717 1161 882 1199 omnino
892 1186 900 1201 ‚
911 1172 950 1199 ut
960 1160 1161 1198 secundum
1172 1158 1425 1195 orthodoxam
1435 1183 1444 1196 ‚
1466 1158 1502 1195 ὅ(
1515 1156 1756 1196 Catholicam
1767 1157 1879 1193 fidem
1889 1156 2210 1194 consubstantiales
2220 1156 2267 1194 esl

247 1214 284 1250 se
302 1212 495 1249 credantur
506 1237 515 1247 .
542 1211 646 1248 Pater
659 1209 758 1247 enim
771 1210 815 1246 ab
824 1218 964 1247 aeterno
982 1209 1111 1246 filium
1122 1207 1338 1255 generando
1348 1231 1357 1247 ,
1384 1206 1482 1243 suam
1495 1205 1724 1242 substantiam
1735 1204 1894 1244 eidedit,
1919 1204 2014 1248 juxta
2024 1205 2207 1253 quodipse
2218 1216 2266 1243 te-

249 1262 360 1299 ssatur
386 1276 393 1296 ε
421 1262 526 1297 Pater
536 1259 639 1307 quod
650 1258 752 1295 dedit
761 1257 855 1294 mihi
866 1283 875 1299 ‚
901 1257 1016 1301 majus
1027 1256 1205 1293 omnibus
1217 1255 1265 1290 est
1276 1281 1284 1290 .
1310 1255 1365 1292 At
1374 1254 1446 1291 dici
1464 1266 1545 1291 non
1558 1253 1695 1301 potest,
1721 1253 1823 1301 quod
1841 1262 1981 1301 partem
1992 1251 2189 1290 substantia:
2199 1252 2265 1291 suae

245 1310 299 1346 illi
310 1307 468 1348 dederit,
494 1307 531 1345 ὃ(
543 1317 685 1355 partem
697 1306 770 1354 ipse
779 1306 841 1343 fibi
854 1306 1062 1344 retinuerit,
1087 1305 1174 1341 cum
1187 1303 1373 1340 substantia
1386 1303 1500 1340 Patris
1526 1300 1747 1339 indivifibilis
1757 1301 1815 1341 fit,
1841 1300 1972 1349 utpote
1981 1300 2134 1348 simplex
2145 1302 2266 1339 omni-

245 1358 316 1394 no.
329 1358 400 1393 Sed
412 1367 479 1393 nec
489 1356 562 1394 dici
572 1355 692 1403 potest
704 1379 713 1395 ‚
740 1354 843 1401 quod
856 1355 960 1391 Pater
969 1356 1006 1390 in
1018 1352 1149 1390 Filium
1160 1351 1380 1388 transtulerit
1390 1350 1488 1387 suam
1499 1349 1728 1387 substantiam
1739 1349 1953 1397 generando
1965 1374 1973 1390 ,
1999 1347 2096 1396 quafi
2106 1348 2154 1386 fic
2163 1349 2270 1386 dede-

246 1408 297 1444 rit
306 1417 386 1441 eam
398 1404 491 1441 Pilio
502 1429 511 1444 ,
538 1404 641 1452 quod
652 1415 733 1440 non
744 1403 935 1439 retinuerit
946 1402 1056 1449 ipsam
1069 1400 1129 1436 fibi
1138 1425 1147 1439 ‚
1174 1400 1340 1446 alioquin
1350 1398 1502 1435 defiiffet
1512 1397 1582 1435 effe
1595 1397 1784 1434 substantia
1794 1423 1802 1433 .
1830 1398 1934 1434 Pater
1943 1408 2033 1446 ergo
2044 1422 2053 1438 ,
2078 1398 2181 1444 quod
2193 1397 2267 1434 fine

248 1454 322 1490 ulla
333 1452 584 1489 diminutione
594 1452 704 1489 Filius
714 1451 899 1488 nascendo
911 1448 1138 1486 substantiam
1150 1449 1265 1485 Patris
1276 1447 1419 1494 accepit
1427 1472 1437 1487 ,
1459 1447 1495 1484 ὃ(
1507 1447 1555 1483 ita
1566 1447 1671 1483 Pater
1680 1470 1689 1485 ‚
1715 1446 1753 1483 δι
1764 1448 1788 1483 F
1792 1445 1872 1482 ilius
1882 1444 2018 1482 habent
2028 1446 2186 1482 eandem
2195 1445 2269 1482 sub-

246 1502 415 1540 stantiam
426 1525 436 1541 ‚
454 1500 491 1538 &
503 1499 551 1537 fic
563 1500 690 1538 eadem
703 1511 758 1543 tes
770 1500 819 1541 est
831 1500 935 1536 Pater
944 1523 954 1539 ‚
973 1498 1010 1535 ὅ(
1024 1498 1130 1534 Filius
1139 1522 1147 1536 ‚
1175 1507 1335 1533 necnon
1347 1496 1382 1533 ὃ(
1393 1495 1548 1542 Spiritus
1558 1494 1696 1530 sanstus
1706 1494 1749 1530 ab
1760 1502 1919 1543 utroque
1929 1495 2135 1543 procedens
2145 1520 2155 1532 .
2165 1494 2266 1530 Cum

244 1561 339 1598 ergo
354 1550 497 1588 Veritas
507 1560 578 1599 pro
590 1548 758 1585 fidelibus
769 1546 836 1587 suis
847 1558 929 1583 orat
938 1547 981 1585 ad
994 1547 1138 1582 Patrem
1150 1544 1275 1583 :Volo
1296 1544 1509 1591 (inquiens)
1526 1552 1566 1579 ut
1576 1540 1639 1590 ipsi
1649 1541 1718 1578 sint
1727 1553 1843 1578 unum
1853 1543 1891 1578 in
1901 1542 2010 1579 nobis
2019 1567 2029 1583 ,
2047 1541 2137 1580 sicut
2146 1542 2184 1579 &
2196 1553 2267 1580 nos

244 1609 362 1635 unum
375 1598 496 1634 sumus
521 1610 529 1630 :
556 1595 633 1634 hoc
644 1608 789 1634 nomen
799 1620 808 1635 ‚
834 1606 949 1631 unum
959 1620 970 1636 ‚
995 1605 1064 1642 pro
1076 1592 1244 1631 fidelibus
1258 1592 1409 1637 quidem
1421 1591 1599 1640 accipitur
1609 1615 1619 1632 ,
1644 1590 1922 1638 utintelligatur
1931 1591 2020 1628 unio
2031 1591 2219 1627 charitatis
2229 1590 2270 1627 in

245 1647 362 1695 gratia
380 1662 388 1683 ε
406 1657 475 1694 pro
501 1644 666 1692 personis
676 1645 768 1683 vero
792 1644 923 1680 divinis
933 1668 942 1683 ,
967 1654 1006 1678 ut
1016 1641 1225 1680 attendatur
1250 1640 1451 1676 identitatis
1462 1641 1580 1676 unitas
1604 1639 1644 1676 in
1669 1647 1795 1675 natura
1805 1663 1814 1678 ‚
1840 1638 2161 1685 quemadmodum
2180 1638 2269 1675 alibi

243 1695 394 1734 Veritas
405 1695 454 1730 ait
471 1709 480 1728 ι
499 1692 624 1730 Estote
634 1693 783 1741 perteffi
796 1717 805 1732 ‚
831 1691 966 1729 ficut&
982 1692 1083 1727 Pater
1092 1689 1208 1726 vester
1219 1688 1378 1725 eoelestis
1389 1687 1566 1735 perfectus
1577 1687 1625 1723 est
1636 1700 1646 1727 ς
1672 1698 1713 1724 ac
1723 1685 1748 1722 fi
1758 1687 1897 1723 diceret
1906 1686 2127 1724 manifestius
2143 1701 2152 1722 t
2171 1685 2270 1723 Esto·

241 1753 281 1781 te
292 1734 441 1789 pstfeffl
451 1741 680 1789 perfectione
689 1741 812 1788 gratiae
822 1764 833 1780 ‚
857 1738 948 1776 ficut
960 1739 1064 1776 Pater
1075 1738 1189 1776 vester
1200 1736 1358 1773 coelestis
1368 1735 1548 1783 perfectus
1557 1735 1606 1772 est
1623 1735 1849 1782 perfestione
1860 1744 1996 1771 naturae
2021 1750 2028 1769 :
2055 1743 2210 1781 utraque
2220 1735 2269 1771 vi-

241 1791 378 1833 delicet
389 1789 453 1826 suo
465 1790 585 1825 modo
604 1804 611 1824 :
634 1789 719 1835 quia
730 1789 826 1824 inter
836 1796 1046 1824 creatorem
1058 1810 1068 1827 ,
1093 1786 1131 1823 &
1142 1795 1344 1822 ereaturam
1357 1796 1437 1821 non
1447 1783 1567 1832 potest
1576 1792 1678 1820 tanta
1689 1782 1886 1820 similitudo
1900 1783 2023 1819 notari
2033 1806 2043 1823 ,
2068 1782 2160 1829 quin
2170 1782 2269 1819 inter

241 1851 309 1876 eos
319 1838 438 1881 major
450 1837 493 1872 s1t
502 1835 759 1873 dissimilitudo
779 1836 943 1872 notanda
954 1863 962 1870 .
988 1835 1025 1871 Si
1052 1836 1133 1881 quis
1143 1834 1251 1882 igitur
1270 1832 1489 1869 sententiam
1498 1857 1508 1872 ,
1533 1831 1592 1870 vel
1601 1831 1809 1868 doctrinam
1820 1829 2140 1878 praefiatiJoachim
2150 1830 2189 1865 in
2198 1829 2270 1868 hac

237 1899 341 1937 parte
352 1886 568 1926 detendere,
593 1884 651 1921 vel
662 1885 866 1931 approbare
879 1881 1159 1930 praesumpserit‚
1185 1890 1361 1928 tanquam
1374 1880 1566 1917 haereticus
1591 1880 1635 1915 ab
1644 1880 1821 1916 omnibus
1840 1878 2019 1915 evitetur.
2044 1878 2088 1914 In
2105 1876 2212 1914 nullo
2222 1886 2270 1915 ta-

236 1947 332 1973 men
343 1942 499 1985 propter
512 1931 589 1969 hoc
602 1931 766 1969 Florenfi
777 1930 1004 1970 monasterio
1016 1929 1140 2014 &cujus
1149 1929 1222 1977 ipse
1231 1928 1406 1976 Joachim
1415 1929 1536 1965 extitit
1546 1928 1754 1972 institutor)
1774 1926 1949 1963 volumus
1959 1925 2129 1976 derogari
2148 1941 2157 1961 ε
2176 1936 2270 1972 quo-

238 1986 344 2021 niam
356 1982 405 2019 ibi
417 1983 455 2019 &
466 1981 640 2029 regularis
651 1981 699 2016 est
709 1979 911 2019 institutio,
937 1977 975 2015 &
991 1990 1016 2014 o
1046 1977 1224 2017 servantia
1235 1976 1393 2013 salutaris
1418 1992 1427 2011 :
1452 1975 1614 2013 maxime
1624 1976 1713 2013 cum
1733 1974 1806 2023 ipse
1814 1973 1988 2022 Joachim
2000 1974 2129 2011 omnia
2138 1972 2270 2021 scripta

237 2032 300 2073 sua
313 2031 424 2070 nobis
434 2028 600 2077 assignari
612 2028 842 2065 mandaverit
851 2052 859 2068 ,
886 2026 1114 2074 Apostolicae
1126 2027 1227 2063 Sedis
1244 2019 1382 2069 judicio
1392 2024 1628 2072 approbanda
1638 2048 1647 2063 ‚
1673 2022 1734 2062 seu
1743 2024 1855 2059 etiam
1865 2021 2105 2070 corrigenda,
2131 2021 2269 2059 distans

237 2078 430 2129 epistolam
441 2103 451 2119 ‚
477 2088 589 2124 quam
603 2077 750 2124 propria
760 2087 873 2112 manu
881 2072 1101 2120 subscripsit,
1113 2074 1149 2110 in
1162 2086 1232 2121 qua
1243 2073 1400 2109 firmiter
1411 2070 1614 2109 confitetur
1622 2070 1657 2106 se
1666 2071 1768 2108 illam
1780 2070 1891 2108 fidem
1902 2079 2030 2107 tenere
2039 2094 2048 2109 ‚
2066 2079 2181 2119 quam
2192 2070 2270 2108 Ro-

236 2138 350 2166 mana
360 2135 464 2163 tenet
474 2124 627 2163 Ecclesia
637 2149 645 2165 ‚
665 2135 744 2170 quae
762 2123 1004 2171 (disponente
1016 2122 1212 2167 Domino)
1223 2120 1445 2157 cunctorum
1457 2117 1624 2154 fidelium
1637 2127 1755 2154 mater
1769 2118 1818 2154 est
1827 2142 1837 2158 ,
1863 2118 1902 2154 ὃ(
1911 2117 2078 2163 magistra
2090 2142 2099 2151 .
2124 2118 2271 2163 Repro-

237 2177 368 2218 bamus
381 2175 491 2212 etiam
501 2199 511 2215 ,
538 2174 575 2212 δι
587 2175 887 2211 condemnamus
898 2168 1205 2218 pervexfiffimum
1216 2168 1355 2214 dogma
1367 2165 1473 2213 impii
1484 2164 1667 2201 Almariei
1677 2188 1687 2204 ‚
1706 2165 1807 2207 cujus
1817 2173 1987 2201 mentem
1997 2162 2045 2200 fic
2053 2172 2158 2211 patet
2167 2175 2269 2203 men-

238 2226 336 2269 dacii
345 2224 543 2266 excaecavit
552 2247 562 2266 ,
588 2232 629 2266 ut
639 2223 713 2269 ejus
740 2220 909 2261 doctrina
918 2228 1085 2259 nontam
1095 2217 1264 2265 haeretica
1275 2212 1456 2254 censenda
1465 2211 1526 2255 fit,
1551 2211 1665 2263 quam
1674 2209 1815 2250 insana.

494 2359 980 2396 SUMMARIUM.

289 2458 303 2483 1
326 2450 407 2526 H
420 2447 570 2479 AEretr'cus
587 2449 702 2491 censeri
710 2459 768 2481 non
785 2445 871 2479 debet
880 2457 984 2478 errans
992 2446 1024 2475 in
1037 2442 1065 2485 fi
1068 2441 1103 2474 de
1113 2464 1122 2477 ,
1137 2442 1170 2485 fi
1181 2443 1240 2488 Rq-

430 2502 521 2522 manae
538 2493 679 2536 Ecclestae
695 2490 793 2534 fidem
806 2490 955 2532 suscipere
970 2489 1015 2532 fit
1035 2496 1179 2527 paratus,
1203 2490 1240 2517 (θ’

371 2546 451 2566 num.
464 2545 511 2565 20.

288 2589 307 2610 2
328 2581 444 2612 Pater,
467 2577 616 2609 &filius
628 2596 638 2611 ,
661 2574 969 2615 &Spiritussanc‘ius
978 2584 1053 2606 vera
1063 2574 1187 2606 unione,
1204 2570 1241 2603 &⁵⁴

377 2633 434 2653 non
453 2621 728 2661 similitudinaria,
750 2621 800 2649 vel
818 2618 999 2650 mmmm,
1015 2616 1088 2656 flint
1105 2613 1241 2654 unasub·

371 2664 490 2704 stantia
501 2685 510 2699 ‚
533 2673 589 2701 quae
600 2674 656 2694 non
667 2660 860 2704 estgenerans
871 2680 881 2695 ‚
902 2671 953 2691 nec
959 2661 1064 2698 genita
1075 2677 1084 2692 ‚
1107 2668 1158 2688 nec
1169 2665 1240 2696 pro-

377 2710 480 2738 cedens
491 2728 501 2741 ,
524 2708 561 2739 <ff
571 2718 600 2737 n.
614 2716 662 2744 27.

293 2760 310 2791 3
334 2751 404 2781 Νεῐ
423 2758 475 2788 Per
496 2751 545 2782 hoc
565 2752 598 2781 in
621 2749 785 2782 Trinitate
810 2748 871 2779 Dei
891 2743 932 2786 est
954 2745 1142 2783 quaternitas
1162 2763 1172 2778 ‚
1202 2740 1240 2776 δ”

382 2803 459 2824 nun».
474 2801 520 2829 27.

295 2848 316 2877 4
338 2838 517 2869 Dantnurc,
541 2833 741 2877 &reprobare
750 2845 809 2870 an,
829 2830 909 2866 &in
928 2841 980 2870 quo
989 2827 1151 2872 daffcrant·

298 2889 312 2920 5
337 2881 467 2911 IVutlum
479 2881 582 2921 simile
596 2879 634 2920 est
654 2878 751 2911 idem.

295 2929 314 2954 6
337 2925 371 2955 V<
380 2926 458 2952 ritus
481 2923 550 2960 quid
566 2924 626 2964 fit.

299 2975 318 3004 7
342 2969 486 2997 Errorem
497 2967 528 2996 in
538 2963 598 3004 fio'e
609 2967 684 2996 nulli
694 2964 748 3009 fas
757 2963 798 3007 est
808 2961 985 3005 defendere-

301 3012 319 3041 8
345 3011 388 3042 De
401 3008 459 3047 fide
468 3005 584 3047 publice
593 3007 745 3048 disputare
755 3020 812 3042 an,
835 3007 871 3039 (9‘
880 3003 995 3044 quando
1004 3004 1095 3035 liccat
1106 3024 1112 3032 .

300 3064 318 3090 9
331 3050 511 3097 Joicchirnus
523 3049 626 3082 Abbai
648 3053 759 3082 dicitur
767 3048 893 3091 habuiſje
904 3048 1050 3091 spiritum
1060 3043 1223 3094 prophetie
1233 3063 1245 3080 2

388 3101 424 3126 <9⁹
440 3097 605 3132 num-lew.

284 3147 320 3169 10
342 3138 493 3170 Praeducit
504 3137 641 3169 Ordines
658 3135 908 3171 Praediratorum
930 3134 1157 3167 &almorum-

286 3192 298 3214 ι
309 3193 318 3213 1
347 3183 394 3213 De
405 3182 486 3212 illius
498 3182 659 3212 vaticiniis
667 3181 810 3217 yuaicium
820 3200 829 3213 ‚
853 3186 890 3212 <y
899 3178 1013 3219 n.seqq‚

285 3234 322 3257 12
345 3225 418 3255 Non
439 3222 605 3263 prophetico
620 3223 734 3263 spiritu
757 3223 849 3259 aliqui
864 3222 973 3264 futura
991 3215 1244 3261 praedicunt,scd

393 3267 556 3300 comestura
566 3268 677 3301 mentis
686 3265 813 3296 humunae
824 3285 833 3298 ‚
855 3276 909 3301 que
919 3262 1079 3303 aliquando
1090 3260 1130 3293 ad
1140 3270 1245 3292 verum

394 3314 554 3349 pervenit,
576 3306 892 3383 aliquandosfisllitur.

288 3362 324 3394 13
347 3354 440 3385 prout
457 3351 528 3393 ferit
540 3351 644 3386 Abbas
655 3353 733 3397 Jouc

394 3405 444 3425 mae
463 3416 469 3424 .

292 3448 329 3480 14
350 3439 400 3471 Ha
408 3437 483 3477 riser
494 3439 590 3487 plures
600 3441 735 3484 Joanm's
745 3436 780 3471 dc
798 3438 913 3471 Parma
920 3433 957 3469 de
971 3434 1106 3468 doctrina
1114 3431 1249 3468 Abbatis

386 3479 539 3527 Joachimi
553 3503 559 3511 .

747 3354 835 3383 aimus
846 3361 885 3381 ex
899 3350 1054 3390 sententia
1065 3349 1147 3382 Divi
1164 3345 1248 3379 Tho-

1303 2363 1314 2386 1
1322 2361 1337 2395 5
1360 2349 1454 2387 Libro
1464 2350 1609 2384 damnato
1617 2371 1626 2386 ‚
1635 2361 1693 2382 non
1703 2349 1840 2390 censetur
1847 2347 2010 2382 damnatus
2016 2350 2102 2382 illius
2111 2348 2217 2382 author
2225 2350 2272 2394 ‚fi

1409 2394 1518 2428 librum
1521 2394 1670 2436 supponat
1679 2393 1854 2425 corret‘L-‘oni
1865 2396 1995 2425 Romani
2004 2396 2097 2425 Ponti
2099 2392 2165 2433 ficis
2176 2415 2184 2423 .

1305 2452 1317 2475 1
1324 2444 1341 2473 6
1363 2438 1426 2472 Sed
1435 2438 1582 2470 damnato
1591 2435 1713 2469 authore
1722 2457 1732 2472 ‚
1754 2436 1815 2475 ejus
1824 2446 1930 2475 quoque
1938 2435 2014 2470 libri
2022 2437 2176 2480 censentur
2183 2435 2272 2468 dam-

1411 2491 1479 2514 nati
1491 2504 1498 2511 .

1308 2536 1344 2565 17
1367 2524 1506 2568 Etiamfi
1527 2522 1608 2556 alia's
1624 2523 1693 2567 fint
1713 2521 1797 2555 boni.

1370 2570 1578 2602 Declaratur,
1599 2577 1679 2599 num.
1695 2569 1741 2598 ¹8.

1307 2616 1342 2646 18
1366 2613 1514 2646 Haeretici
1523 2610 1652 2644 dmum,
1669 2609 1742 2653 &fi
1751 2608 1904 2653 bonumstt
1914 2629 1924 2644 ‚
1944 2608 2119 2650 reprobatur
2129 2617 2272 2647 quantum

1411 2653 1453 2686 ad
1462 2653 1514 2686 hoc
1523 2674 1533 2688 ‚
1555 2663 1586 2685 ut
1595 2652 1809 2685 authoritatem
1820 2656 1852 2684 in
1855 2652 2051 2693 secontineat
2069 2664 2079 2681 .·
2096 2653 2179 2683 alia's
2189 2653 2274 2696 quast

1414 2707 1522 2729 verum
1531 2717 1541 2731 ‚
1564 2708 1622 2728 non
1636 2706 1737 2728 tamen
1745 2694 1968 2727 tzuthoriaeabile
1977 2715 1987 2730 ,
2008 2692 2189 2735 approbatur
2199 2717 2206 2725 .

1306 2751 1344 2779 19
1365 2739 1475 2775 Libros
1485 2742 1701 2772 Haereticorum
1710 2741 1896 2770 continentes
1909 2737 2039 2779 haercsim
2050 2759 2059 2772 ‚
2082 2739 2134 2769 vel
2142 2739 2179 2770 de
2189 2738 2271 2772 Reli-

1408 2785 1495 2823 gione
1514 2783 1696 2817 tamum,
1717 2785 1766 2820 qui
1775 2783 1893 2820 legunt,
1915 2790 1966 2813 aut
1976 2783 2111 2813 retinent
2120 2801 2130 2816 ‚
2153 2792 2272 2813 excom-

1410 2828 1603 2859 municantur
1612 2829 1646 2858 in
1657 2826 1745 2859 Bulla
1755 2827 1851 2857 Coenae
1860 2846 1867 2855 .

1303 2882 1344 2904 20
1354 2871 1493 2913 Joannes
1502 2869 1538 2901 de
1549 2870 1671 2901 Poliaco
1681 2868 1794 2900 Ductor
1812 2867 1997 2911 Paristensts
2007 2879 2064 2898 non
2083 2867 2147 2909 fuit
2157 2865 2273 2899 haercti-

1412 2925 1460 2946 cus
1470 2934 1479 2948 ,
1489 2915 1557 2951 quia
1565 2914 1639 2944 licet
1648 2921 1779 2943 errorem
1780 2910 1867 2952 fiaeum
1876 2910 2037 2953 defendere
2047 2915 2198 2942 niteretur
2205 2931 2215 2946 ,
2224 2920 2274 2942 tiz-

1413 2966 1478 2988 men
1487 2953 1670 2999 scsubmtfit
1678 2952 1854 2997 definitioni
1873 2952 2051 2994 Apostolicae
2059 2952 2150 2986 Sedis
2159 2975 2167 2983 .

1307 3012 1324 3033 2
1332 3010 1344 3032 1
1369 3002 1459 3033 Haere
1456 2999 1502 3039 fis
1511 3000 1635 3029 initium
1645 2995 1686 3038 est
1697 3008 1780 3028 error
1790 3000 1822 3028 in
1834 2998 1923 3029 intell
1926 2997 1986 3028 effu
1997 3009 2007 3026 .·
2023 2996 2139 3038 haeresis
2147 2997 2272 3037 comple-

1415 3051 1549 3074 mentum
1560 3039 1602 3082 est
1614 3042 1786 3080 pertinacia
1794 3043 1827 3072 in
1842 3041 1999 3072 voluntate
2009 3063 2016 3070 .

1310 3097 1347 3118 22
1370 3087 1525 3118 Pertinax
1548 3086 1627 3122 quis·
1666 3090 1674 3101 ·

1308 3139 1344 3171 23
1368 3129 1512 3163 DoHorcs
1530 3126 1684 3161 Catholici
1699 3129 1731 3158 in
1746 3128 1913 3166 principio,
1935 3125 1988 3157 vel
2003 3128 2037 3157 in
2052 3123 2120 3167 fine
2131 3123 2275 3157 librorum

1408 3174 1532 3213 suorum
1542 3192 1552 3206 ‚
1573 3169 1788 3212 quamfaciant
1794 3168 2039 3211 protestationem
2047 3167 2088 3201 ad
2097 3171 2277 3201 evitaturum

1418 3213 1548 3258 haercfim
1557 3235 1566 3248 ‚
1588 3213 1624 3246 O*
1633 3212 1747 3253 n.se‹1‹1.

1311 3269 1350 3299 24
1361 3259 1541 3303 joachimus
1552 3254 1658 3291 Abbas
1666 3254 1797 3299 nonfuit
1806 3254 1974 3292 hacreticus,
1989 3253 2048 3298 scd
2056 3257 2200 3288 erraticus
2209 3276 2218 3290 ‚
2239 3261 2275 3288 CT

1418 3311 1498 3332 nunt.
1512 3304 1559 3332 26.

1314 3353 1348 3385 25
1375 3345 1403 3376 Ε
1405 3342 1519 3386 jusdem
1536 3340 1657 3384 epistola
1675 3362 1685 3377 ‚
1707 3352 1763 3380 qua
1778 3341 1896 3383 scripta
1912 3341 1971 3383 fica
1989 3340 2160 3384 Apostolico
2168 3338 2268 3381 Jsrbjc-

1419 3389 1461 3418 cit
1479 3387 1638 3420 examini,
1660 3384 1791 3429 refertur
1800 3407 1808 3416 .

1315 3435 1351 3464 26
1365 3428 1543 3476 Joachimus
1559 3427 1733 3461 declaratur
1742 3427 1913 3461 Catholicus
1929 3427 1967 3462 ab
1983 3429 2119 3462 Honorio
2135 3428 2194 3458 ΙΝ.
2205 3426 2274 3460 lici-e

1418 3482 1480 3513 ejus
1490 3472 1609 3506 libellus
1621 3471 1749 3516 fuerita'
1759 3473 1897 3507 Concilio
1908 3471 2067 3507 &minatus
2076 3493 2083 3503 .
2173 3514 2199 3545 E

2112 3526 2125 3547 ,-
2134 3522 2149 3544 7
2188 3523 2234 3544 <r-
