2397 3664
921 36 1007 91 De
1033 32 1200 91 Elea.
1227 51 1272 89 c.
1299 33 1467 90 Nosti·

336 123 1004 160 SUMMARJUM.

216 216 231 241 1
320 209 428 242 Lec‘i‘us
437 219 508 243 ante
516 209 773 251 confirmationem
783 208 929 254 beneficia
945 207 1080 250 conferre
1089 230 1101 246 ‚
1118 208 1170 241 vel

255 217 309 286 E
327 255 421 286 aliter
429 253 645 296 administrare
653 264 711 285 non
719 251 812 294 potest
820 276 830 285 .

208 302 232 327 2·
249 295 387 339 Potestas
403 295 573 339 conferendi
581 294 726 338 beneficia
736 317 747 332 ,
765 295 803 328 ό
811 293 1054 337 administrandi
1061 293 1169 336 pendet

299 351 340 371 ex
349 339 576 382 confirmatione
583 361 594 376 ‚
613 349 671 370 non
679 347 780 370 autem
790 349 830 370 ex
839 340 979 371 electione
988 338 1118 377 Collegii
1128 361 1137 368 .

214 392 231 424 3
253 383 370 415 Electra
382 384 440 414 dat
449 382 496 421 jus
506 383 676 414 Praelaturae
686 404 696 419 ,
716 380 802 422 &ius
811 380 1052 423 administrandi
1069 383 1103 413 in
1111 380 1167 413 ba-

296 424 360 458 bitu
370 437 384 462 ,·
407 423 596 465 confirmatio
605 423 734 462 verbius
751 423 992 466 administrandi
1008 427 1043 457 in
1052 424 1139 471 astu.

226 479 248 510 4
265 469 390 512 Provifi
398 467 419 499 a*
435 468 523 508 Papa
532 470 567 500 in
576 470 604 501 C
605 466 758 509 oncistorio
765 467 975 508 consequuntur
992 469 1110 509 plenum
1120 476 1168 506 jus

294 511 463 544 Praelaturae
475 532 486 546 ‚
505 515 544 543 (θ’
554 509 797 552 admz'nistrandi
806 514 839 543 in
852 509 976 548 habitu,
986 509 1025 543 ὠ·
1034 510 1101 542 aflu
1113 532 1122 540 .
1144 541 1148 546 ,

208 562 224 593 5
248 555 324 586 Non
338 551 520 592 tamensunt
528 554 696 596 reeipiendi
705 576 716 592 ,
735 556 768 585 m'
783 566 794 587 ι
804 552 960 595 ostendant
979 554 1102 586 litteras
1105 551 1165 593 suae

331 605 489 628 amotionis
497 620 506 628 .

212 643 232 670 6
252 605 418 679 Episcopus
428 638 523 681 potest
532 638 693 682 effejudex
711 641 746 671 in
753 637 846 680 causa
858 638 1059 683 Ecclesiaesuae
1071 661 1079 668 .

206 691 226 721 7
245 683 368 716 Melius
376 680 416 723 ist
428 681 600 719 tamenetsi
608 682 643 714 id
652 681 800 724 expediat
809 691 862 723 per
873 683 1039 721 Delegatos
1049 705 1059 719 ‚
1069 693 1098 712 n.
1113 691 1124 713 1
1135 691 1146 713 1
1154 706 1162 713 .

208 727 227 757 8
238 723 349 767 Judex
357 735 443 756 nemo
451 723 505 765 effe
514 724 604 767 potest
614 729 647 758 in
657 724 747 766 causa
751 724 810 766 sua
820 748 830 762 ‚
849 725 887 758 ἀ
898 729 948 765 qui
958 725 1007 766 jus
1009 725 1073 769 sibi
1083 727 1164 757 dicit

292 769 326 799 in
334 779 368 799 re
371 767 435 811 fibi
445 767 549 801 debita
559 792 569 806 ‚
590 768 704 801 cadica*
714 769 778 807 iure
781 767 839 809 suo
850 792 859 800 .

204 821 223 847 9
245 812 415 852 Imperator
425 810 517 853 potest
526 812 581 854 effe
590 811 684 851 judex
694 814 725 843 in
736 810 906 855 causafisci
914 835 923 844 .

182 863 221 886 10
243 857 278 886 C.
294 852 346 895 usa
359 855 500 899 Ecclestae
507 867 563 887 non
574 855 613 896 est
624 854 766 896 Episcopi
778 878 787 886 .

183 907 196 929 1
203 909 219 929 2
275 895 407 940 pist-opus
416 910 449 930 m
457 897 548 939 causa
559 896 759 942 Ecclefiaesuae
767 898 860 940 potest
869 896 1003 938 recusari
1010 921 1019 929 .

190 951 203 972 1
213 951 226 981 3
253 940 336 973 Idem
344 943 378 972 in
387 942 450 980 ejus
458 941 671 982 consanguineo
680 965 689 973 .

181 994 193 1015 1
199 995 218 1024 4
241 987 269 1016 C
269 986 360 1016 anoni
363 995 410 1015 rus
419 984 512 1025 potest
521 984 654 1026 recusari
663 987 697 1016 in
706 983 797 1025 causti
808 985 1013 1018 Concanonici
1023 1007 1031 1014 .

2047 47 2141 83 261

1252 122 1309 155 Sec
1314 122 1401 156 undo
1411 129 1489 156 nota
1497 122 1555 162 ibi,
1562 124 1695 158 Studeas
1703 128 1856 158 revocare.
1865 123 2051 168 Episcopum
2061 129 2144 169 posse
2153 129 2199 170 ju·
2218 124 2238 152 6

1207 165 1314 198 dicare
1326 167 1358 198 in
1369 167 1605 209 causaEcclesie
1613 169 1720 206 suae,ut
1729 167 1780 200 hic
1792 179 1844 209 per
1854 169 1968 202 Innoc.
1978 183 2008 202 n.
2023 181 2071 203 10.
2078 171 2199 203 Host.n.

1209 212 1239 240 6.
1247 209 1382 250 Jo.And⁷.
1392 220 1536 250 n.9.vers.
1546 212 1598 242 Tu
1606 211 1657 244 dic
1665 223 1731 244 cum·
1737 213 1922 245 Innocent&
1932 214 2011 246 alios
2023 214 2202 247 communi-

1207 259 1256 283 ter
1266 261 1352 284 tenet
1361 253 1439 294 gl.in
1447 256 1513 285 c.Si
1519 257 1587 291 quis
1596 266 1666 294 erga
1675 257 1710 287 in
1722 253 1955 288 verb.Privetur
1965 268 1993 289 2.
2017 266 2079 296 q.7.
2090 258 2201 298 gl.1.in

1207 303 1273 334 cap.
1283 293 1364 327 Ciam
1375 295 1533 336 venissent
1541 319 1552 333 ‚
1571 299 1604 329 &
1615 298 1661 330 ibi
1671 309 1782 331 omnes
1793 298 1831 330 de
1840 298 1932 337 judic.
1945 301 2027 332 item
2038 301 2124 341 gloss.
2134 303 2168 332 in
2174 312 2199 333 c.

1207 337 1288 369 Cum
1297 337 1421 378 personae
1431 361 1442 376 ,
1467 342 1495 375 §.
1506 342 1543 370 Si
1553 350 1653 372 autem
1661 344 1695 373 in
1713 340 1797 374 verb.
1817 341 2004 375 Ordinariis
2014 366 2024 379 ,
2042 353 2094 384 per
2110 344 2200 376 illum

1207 388 1286 411 text.
1297 379 1334 412 de
1342 381 1489 421 privileg.
1499 381 1553 414 lib.
1564 388 1593 415 6.
1606 383 1698 416 Licet
1708 385 1764 417 illa
1773 384 1951 418 Decretalis
1971 387 2069 419 aliurn
2084 386 2198 419 habeat

1205 422 1402 455 intelleomm
1410 447 1420 460 ,
1441 434 1475 455 ιιι
1485 425 1551 456 dixi
1560 429 1595 457 in
1603 436 1669 467 cap.
1680 430 1908 461 Procurationes
1915 440 1994 462 num.
2014 440 2067 471 42.
2080 428 2117 462 de
2126 441 2192 462 cen·-

1199 463 1260 508 fib.
1269 465 1358 497 Hoss.
1367 470 1399 498 in
1409 470 1536 499 Summa
1547 467 1583 499 de
1584 469 1713 509 sentent.
1733 474 1759 503 ε.
1769 473 1808 502 Si
1817 474 1882 509 quis
1897 471 1984 505 debet
1999 475 2122 506 column.
2141 484 2192 514 pe-

1204 510 1279 540 nult.
1291 509 1419 541 Gemin.
1429 512 1462 543 iu
1472 522 1496 542 c.
1508 513 1612 542 Primo
1629 514 1683 544 col.
1694 512 1746 551 fin.
1754 516 1787 545 in
1804 517 1899 554 princ.
1920 516 2001 557 verfi
2015 517 2085 548 Aut
2101 515 2194 557 causa

1205 562 1262 583 non
1272 551 1379 593 estsua
1389 556 1517 594 privata
1530 576 1540 590 ,
1554 554 1612 594 sed
1623 557 1760 598 Ecclesia
1772 556 1808 588 de
1818 566 1891 597 pom.
1903 558 1956 591 lib.
1969 566 1999 592 6.
2010 559 2128 602 Capye.
2138 560 2199 593 dec.
2219 567 2241 598 7

1209 604 1279 635 137.
1290 606 1371 626 num.
1387 606 1414 627 1.
1425 598 1457 628 δε
1467 596 1547 628 hanc
1560 597 1642 630 dicit
1653 600 1712 630 effe
1723 609 1926 633 communem
1937 603 2124 643 opinionem
2142 603 2201 635 Ol·
2248 606 2259 627 ²

1203 639 1290 670 drad.
1301 638 1377 679 cons]
1390 648 1457 678 159.
1469 641 1574 672 Primo
1584 644 1721 678 quaritur
1731 653 1843 674 num.1.
1855 645 1886 675 &
1897 646 2047 684 probatur
2058 657 2122 687 arg.
2132 649 2199 680 ὡδὶ

1203 684 1269 718 quis
1279 679 1318 714 ab
1329 682 1476 723 Episcopo
1486 683 1620 721 242&
1631 696 1655 717 c.
1667 686 1733 729 Qi
1741 684 1882 717 emendat
1891 697 1943 727 45.
1953 687 2022 729 dist.
2032 687 2131 732 Qiod
2142 689 2201 722 mi-

1203 734 1273 756 rum
1284 725 1500 767 videtur‚quia
1509 728 1613 759 nullus
1626 729 1723 769 potest
1745 730 1804 760 effe
1823 729 1913 770 judex
1926 731 1959 762 in
1971 733 2062 763 causa
2081 733 2151 769 sua,
2163 742 2199 765 ut

1202 778 1227 799 c.
1244 778 1332 808 1.4.q.
1341 770 1397 808 4.l.
1407 772 1444 801 Si
1455 779 1520 807 quis
1529 773 1561 802 in
1571 779 1690 803 tantan:
1705 794 1712 808 ,
1724 774 1761 803 C.
1773 770 1859 805 Unde
1870 775 1917 809 vi,
1936 772 1974 805 (ῥ’
1983 777 2019 806 C.
2031 776 2086 806 Ne
2097 779 2162 813 quis
2170 779 2203 807 in
2222 778 2242 809 8

1195 809 1255 851 fita
1266 807 1357 852 causa
1368 834 1378 848 ,
1389 814 1422 844 in
1432 811 1531 850 rubro,
1541 811 1578 846 ό*
1587 817 1682 854 nigro.
1696 814 1764 847 Imo
1774 817 1829 858 qui
1839 817 1888 858 jus
1900 816 1955 848 sibi
1966 817 2047 849 dicit
2059 818 2091 849 in
2102 828 2134 850 re
2145 818 2201 851 fibi

1201 854 1309 886 debita
1318 877 1329 891 ‚
1339 856 1427 887 cadit
1437 858 1453 887 a
1463 857 1530 898 jure
1542 856 1598 888 suo
1607 880 1617 893 ‚
1629 859 1650 889 l.
1664 860 1769 890 Extat
1779 857 1830 900 ‚ffi
1841 858 1931 905 Qod
1941 860 2099 901 meamus

1245 897 1303 929 Sed
1314 908 1369 939 pro
1381 898 1538 932 solutione
1556 900 1814 941 distinguendum
1831 904 1871 934 est
1892 903 1976 935 inter
1994 903 2122 936 causam
2139 903 2197 936 Ec·
2215 915 2236 942 9

1202 941 1294 981 clesie
1305 964 1315 978 ,
1325 943 1357 973 &
1370 943 1492 973 causam
1505 944 1660 984 propriam
1674 945 1763 986 ipsius
1777 945 1919 987 Episcopi
1930 947 1962 978 in
1974 947 2066 979 causa
2085 947 2195 980 Eccle-
2255 951 2257 953 ’

1202 983 1250 1015 fiae
1261 984 1358 1024 potest
1371 984 1537 1026 Episcopus
1549 987 1607 1018 effe
1617 987 1710 1029 judex
1721 1010 1731 1025 ,
1745 998 1779 1020 ut
1793 989 1825 1020 in
1836 990 2008 1031 praecitatis
2019 990 2154 1032 juribus;
2166 991 2202 1022 fi-

182 1036 217 1067 15
240 1026 372 1068 Inferior
380 1025 401 1058 a'
410 1030 500 1069 Papa
510 1029 693 1067 regulariter
701 1039 759 1060 non
768 1026 861 1069 potest
871 1026 925 1070 effe
933 1025 1027 1065 judex
1037 1028 1072 1057 in
1092 1037 1161 1058 cau—
1203 1036 1259 1058 cut
1270 1027 1360 1059 Prior
1371 1028 1435 1059 fisci
1447 1029 1488 1060 est
1498 1030 1590 1072 judex
1604 1030 1636 1062 in
1649 1032 1740 1063 causa
1749 1032 1825 1069 fisci,
1836 1043 1871 1065 ut
1879 1034 1934 1066 l.1.
1943 1035 1980 1065 C.
1992 1031 2052 1066 Ubi
2063 1032 2201 1076 causaefi-

273 1070 321 1111 ,sa
331 1072 455 1111 propria
468 1093 476 1101 .

181 1118 217 1146 16
239 1113 304 1146 Sed
313 1116 403 1154 Papa
414 1114 596 1152 regulariter
607 1113 711 1146 contra'
726 1137 734 1145 .

181 1164 220 1196 17
242 1157 312 1200 Qui
322 1163 425 1205 tatmp
443 1155 551 1197 causas
570 1160 709 1199 proprias
725 1167 766 1187 ex
785 1154 991 1196 confitetudine
1011 1156 1090 1187 aliis
1108 1154 1167 1188 de-

286 1200 372 1237 legat
382 1222 392 1230 .

182 1245 221 1275 18
242 1241 408 1283 Episcopus
418 1244 451 1275 in
460 1241 614 1284 causasuae
622 1241 724 1283 menfie
733 1253 790 1274 non
799 1240 891 1283 potest
901 1240 955 1283 effe
962 1239 1058 1280 judex
1068 1265 1077 1273 .

181 1296 221 1324 19
242 1287 314 1318 Nec
324 1283 409 1327 testis
420 1309 428 1318 .
798 1326 804 1331 .
846 1327 850 1331 ῃ

177 1341 218 1362 20
239 1331 285 1361 Et
295 1332 367 1368 quid
373 1329 403 1371 fi
408 1326 517 1369 fundet
526 1330 724 1360 intentionem
744 1326 781 1359 de
792 1337 856 1365 pure
866 1330 1036 1365 communi,
1048 1326 1102 1369 seu
1112 1339 1161 1359 no—

284 1372 447 1416 toriumfit
458 1370 532 1404 bona
541 1371 584 1404 ad
594 1371 730 1412 mensam
748 1372 874 1404 Praelati
895 1374 1046 1412 pertinere
1058 1395 1066 1403 .

180 1426 219 1448 21
241 1418 385 1448 Vicarius
395 1419 428 1447 in
438 1414 531 1454 causa
540 1414 642 1456 mensa
653 1414 882 1457 Episcopalisfi
892 1415 1051 1456 recusetur,
1063 1424 1095 1446 ut
1095 1413 1162 1456 fi‘s·

290 1460 390 1501 pestus
399 1457 492 1490 datur
511 1461 537 1490 ei
549 1457 708 1496 adjunflus
716 1481 726 1495 ‚
756 1469 812 1490 non
830 1468 930 1490 autem
948 1457 1141 1499 conservator
1151 1480 1161 1494 ‚

293 1501 332 1535 ῥ’
341 1514 370 1534 n.
383 1513 399 1534 2
426 1525 434 1533 .

182 1557 222 1578 22
243 1545 346 1587 Causa
357 1511 461 1581 conira
483 1542 630 1577 debitores
650 1543 880 1588 emphyteutas,
898 1543 1083 1576 condidiores
1093 1568 1103 1582 ‚
1124 1543 1162 1577 Θ·

289 1587 456 1629 censuarios
476 1587 576 1631 mensa
588 1587 781 1629 Episcopalis
793 1587 936 1629 simtfhri
948 1590 976 1620 E
979 1589 1086 1632 cclefiae
1095 1611 1106 1625 ‚
1125 1586 1162 1620 Φ

293 1631 387 1671 judex
398 1633 426 1663 Ε
429 1630 626 1674 cclefiasticus
637 1629 676 1672 cst
684 1630 779 1670 judex
799 1630 973 1662 ordinarius
983 1655 990 1662 .

177 1685 220 1717 :3
232 1674 342 1718 Judex
362 1673 536 1706 ordinarius
557 1673 674 1713 quando
702 1675 855 1713 allegatur
866 1673 1019 1715 suspellus
1028 1697 1038 1712 ‚
1069 1677 1162 1707 datur

292 1718 468 1758 adjunctus.

177 1772 222 1802 24
240 1763 386 1793 Vicarius
397 1759 705 1803 Episcopisuppofita
722 1759 961 1793 immemorabili
979 1760 1163 1802 consuetudi-

287 1816 323 1836 ne
334 1827 343 1840 ‚
362 1815 403 1835 an
411 1805 494 1846 poffit
503 1803 658 1844 procedere
667 1813 772 1835 contra
782 1804 878 1835 laicos
897 1807 929 1835 in
950 1804 1040 1845 causa
1060 1804 1163 1851 mense

284 1846 480 1889 Episcopatu
491 1849 532 1878 ad
541 1845 727 1888 instantiam
739 1847 1084 1890 Procuratorisfiscalis
1095 1870 1105 1885 ,
1125 1854 1163 1880 &⁹

288 1890 405 1931 n.seqq.
419 1890 479 1931 usq.
491 1889 588 1932 infin.
1123 1933 1128 1938 ¹

180 1937 221 1967 26
245 1933 410 1975 Episcopus
420 1932 513 1974 potest
523 1932 577 1974 effe
586 1931 681 1970 iudex
691 1935 724 1964 in
732 1932 824 1973 causa
828 1932 888 1973 fite
898 1933 999 1974 mensa
1007 1957 1017 1971 ‚
1033 1933 1065 1977 fi
1073 1932 1109 1965 id
1116 1943 1162 1972 jus

292 1975 505 2017 praeftripserit
519 1987 559 2007 ex
569 1978 696 2014 antiqua
707 1975 914 2016 consuetudine
925 2000 932 2007 .

182 2029 225 2058 27
245 2019 430 2060 Consuetudo
439 2017 549 2051 tribuit
557 2018 798 2059 iurisdic'lionem
808 2018 891 2051 alia‘c
902 2030 958 2050 non
968 2018 1092 2051 habenti
1101 2043 1110 2051 .

183 2066 224 2096 28
245 2061 430 2103 Consuetudo
440 2060 692 2095 immemorabilis
703 2061 793 2094 habet
802 2064 869 2094 vim
879 2063 1040 2103 privilegii
1051 2087 1059 2094 .

179 2116 223 2144 29
247 2104 392 2148 Episcopo
402 2117 441 2138 ex
452 2106 616 2147 privilegio
625 2105 742 2148 poſsunt
761 2108 910 2138 committi
921 2105 1073 2147 causaesuae
1083 2117 1163 2138 men-

282 2149 318 2189 se
327 2152 513 2190 recusatione
522 2158 637 2181 remota
647 2173 654 2180 .

176 2203 217 2233 30
240 2192 384 2234 Episcopi
395 2215 404 2228 ,
424 2191 462 2225 ό·
480 2195 601 2225 Vicarii
620 2204 676 2224 non
686 2191 728 2234 est
738 2189 819 2224 idem
829 2191 965 2224 tribunal
974 2194 1008 2224 in
1027 2195 1161 2226 materia

286 2234 485 2276 recusationis
495 2259 503 2268 .

119 2331 133 2355 1
243 2320 308 2362 Osti
319 2346 327 2353 .
350 2321 474 2354 Eletstus
484 2332 558 2355 ante
568 2322 848 2354 confirmationem
869 2321 1024 2353 beneficia
1035 2322 1161 2354 confer-

157 2329 227 2398 N
253 2377 282 2397 re
294 2387 303 2401 ‚
325 2368 373 2397 vel
396 2366 487 2399 aliter
498 2366 715 2398 administrare
727 2375 792 2396 non
802 2365 898 2405 potest
910 2388 918 2395 .
942 2365 1013 2396 Hoc
1027 2365 1106 2398 dicit
1118 2366 1160 2398 se-

158 2405 357 2448 cu1.n‘1m10.
371 2410 498 2442 And.&
508 2420 638 2442 omnes:
660 2411 692 2441 ὃ(
706 2408 807 2450 primo
820 2408 909 2449 ponit
919 2409 966 2450 jus
976 2419 1012 2440 ex
1026 2419 1109 2450 quo3
1121 2409 1161 2441 se-

159 2450 267 2483 cundo
278 2452 444 2484 concludit
457 2455 494 2484 ad
506 2452 621 2485 factum
632 2475 642 2488 ‚
656 2452 723 2489 ibi,
743 2452 941 2484 Mandamus
954 2475 961 2483 .

118 2506 136 2527 2
202 2492 292 2525 Nota
303 2494 406 2534 ptimo
414 2495 457 2526 ibi
471 2517 481 2530 ,
503 2495 645 2535 Cicmsua
657 2496 763 2538 nonsit
770 2496 871 2528 elefflo
882 2494 1063 2535 confirmata
1076 2508 1084 2527 .·
1108 2507 1161 2537 po-

163 2537 307 2569 testatem
318 2537 508 2570 conferendi
529 2539 704 2575 beneficia,
721 2540 752 2569 &
777 2539 1014 2571 administrandi
1026 2543 1159 2581 pendere

161 2590 197 2612 ex
207 2581 473 2618 confirmatione,
494 2592 560 2613 non
583 2591 688 2613 autem
707 2581 908 2614 exelectione
918 2581 1072 2624 Collegii:
1085 2595 1159 2615 nam

126 2633 145 2664 3
165 2633 218 2665 per
227 2623 415 2656 electionem
426 2625 498 2665 quis
511 2624 715 2665 consequitur
730 2626 773 2664 jus
785 2623 945 2665 prelature
955 2648 965 2662 ‚
978 2627 1009 2657 &
1023 2626 1160 2658 admini-

162 2666 280 2698 strandi
293 2667 326 2698 in
338 2668 449 2699 habitu
460 2691 470 2704 ,
482 2667 529 2699 secl
542 2679 594 2709 per
604 2667 885 2700 confirmationem
895 2667 1071 2709 Superioris
1082 2681 1159 2702 con-

156 2709 297 2751 sequitur
307 2710 356 2753 jus
367 2711 604 2743 administrandi
616 2711 649 2742 in
661 2709 780 2747 adiuuit
791 2709 840 2741 hic
852 2720 904 2751 per
916 2711 1069 2744 Abbaretn
1082 2715 1114 2743 in
1129 2724 1140 2745 ι
1151 2739 1158 2746 .

158 2751 259 2785 notab.
271 2755 303 2785 &
315 2753 355 2785 est
368 2755 451 2786 bona
463 2755 502 2791 ql.
514 2757 546 2785 in
557 2766 583 2785 c.
605 2754 729 2796 Quanto
737 2756 769 2784 in
783 2764 843 2784 ver.
856 2753 978 2785 Relatio
985 2757 1067 2786 circa
1078 2758 1155 2789 med.

160 2800 211 2837 ⁶3·
222 2795 293 2837 dist.
316 2808 383 2838 quae
393 2789 473 2829 dicit
485 2797 727 2838 perelectionem
748 2796 872 2843 acquiri
893 2796 940 2838 jus
959 2795 1132 2830 Praelaturae
1145 2822 1154 2836 ‚

161 2840 250 2882 &jus
261 2839 502 2872 administrandi
513 2863 522 2877 ,
544 2841 593 2872 sed
609 2851 672 2872 non
685 2840 871 2872 exercitium
885 2850 895 2873 ;
917 2849 971 2887 per
987 2842 1156 2887 confirma-

160 2882 283 2914 tionem
295 2883 369 2915 vero
381 2884 460 2915 nihil
473 2884 549 2915 novi
562 2885 635 2925 juris
645 2883 788 2924 acquiri,
808 2882 856 2914 sed
869 2892 1058 2915 exereitium
1068 2887 1157 2916 dum-

162 2934 268 2956 taxat:
281 2927 314 2957 &
323 2927 484 2959 consentit
494 2928 536 2967 gl.
547 2939 575 2958 2.
586 2925 634 2958 hic
644 2949 653 2963 ‚
663 2929 738 2957 dum
750 2926 795 2957 ait
805 2947 816 2962 ‚
836 2924 968 2957 electum
980 2936 1031 2966 per
1043 2928 1158 2959 confit-

121 2978 145 3007 4
163 2968 337 3000 mationem
350 2970 511 3010 acquirere
523 2971 646 3011 plenam
659 2968 1094 3016 administrationeinPi-ovisi
1106 2981 1159 3002 au·-

160 3021 224 3042 tem
236 3021 248 3047 ‚·
268 3011 318 3042 seu
329 3013 528 3051 pronuntiati
548 3025 600 3054 per
612 3013 724 3054 Papam
738 3013 770 3043 in
779 3011 986 3059 Concistorio
997 3012 1153 3060 consequ-

162 3055 396 3094 untur'plenum
409 3057 454 3098 jus
467 3056 638 3088 Praelaturaff
651 3079 661 3092 ‚
680 3058 711 3088 &
724 3055 962 3103 administrandi
979 3056 1012 3087 in
1023 3056 1132 3088 habitu
1146 3079 1156 3093 ‚

162 3098 195 3128 &
210 3096 279 3128 adu
290 3119 300 3132 ,
310 3098 387 3138 quia
394 3099 435 3129 tal
443 3099 466 3130 is
479 3100 613 3140 provisio
624 3100 715 3130 babet
727 3099 791 3130 vim
801 3097 966 3130 electionis
977 3121 986 3134 ‚
997 3101 1030 3130 &
1041 3100 1158 3131 confir-

162 3140 316 3171 mationis
328 3162 338 3176 ‚
370 3151 404 3172 ur
423 3142 504 3173 dicit
514 3143 556 3183 gl.
568 3145 600 3174 in
610 3155 634 3174 c.
652 3146 673 3175 I«
681 3146 757 3173 rimo
766 3144 798 3172 in
819 3152 884 3172 ver.
904 3143 1110 3184 Provistonem
1121 3141 1157 3174 de

163 3183 319 3214 eleH.li.6.
331 3183 473 3224 &scripsi
485 3186 607 3225 plenius
619 3187 653 3217 in
663 3189 796 3217 efflante
807 3183 1026 3230 n33.vers.Qae
1037 3185 1157 3223 quidem

121 3234 138 3266 5
155 3224 427 3266 fiap.cod.Adverte
439 3237 545 3259 tamen
558 3251 568 3264 ,
587 3229 663 3269 quia
676 3229 714 3259 sic
727 3232 837 3268 provili
850 3229 1029 3259 nullatenus
1040 3229 1156 3260 debent

164 3269 306 3300 Ecclesiae
318 3269 625 3302 administrationem
635 3272 785 3312 suscipere
796 3292 805 3306 ‚
817 3280 873 3301 nec
887 3271 1060 3310 recipiendi
1074 3281 1157 3303 tam-

161 3322 256 3352 quam
267 3311 389 3343 Praelati
400 3334 410 3348 ‚
421 3312 477 3343 nisi
489 3323 540 3351 per
550 3314 670 3346 litteras
681 3314 799 3345 faciant
810 3314 903 3345 fidem
915 3314 972 3345 suae
983 3314 1157 3355 promotio-

163 3355 212 3386 nis
223 3366 236 3390 ,·
256 3355 536 3394 contravenientes
547 3355 696 3388 incidunt
708 3359 740 3388 in
753 3367 859 3395 poenas
876 3367 1033 3398 extravag.
1055 3357 1158 3396 Injun-

161 3397 210 3428 He
219 3398 256 3428 de
265 3397 348 3431 elet‘l.
361 3408 395 3430 ut
406 3396 457 3429 hic
468 3408 520 3438 per
530 3397 610 3429 Abb.
620 3410 649 3430 n.
661 3411 691 3439 4.
702 3402 740 3432 de
750 3410 815 3440 quo
828 3401 898 3432 vide
911 3402 995 3441 quod
1008 3399 1110 3442 scripfi
1123 3402 1157 3432 in

162 3439 288 3472 c.Nihil
298 3441 318 3472 ci
328 3453 357 3473 n.
370 3453 418 3473 20.
429 3440 568 3473 maxime
577 3453 608 3472 n.
621 3445 671 3474 23.
681 3443 718 3475 (ῥ’
728 3453 778 3479 29·
790 3442 867 3484 infr.
878 3443 942 3476 eod.

242 3483 346 3526 Prosp.
365 3486 507 3526 Fagnan.
526 3486 560 3516 in
577 3485 604 3517 I.
615 3483 685 3519 Lib.
696 3486 853 3519 Decreta).

1195 1069 1298 1110 scales
1308 1093 1315 1101 .
1329 1070 1496 1112 Episcopus
1506 1073 1593 1104 enim
1603 1074 1722 1106 dicitur
1733 1085 1920 1116 procurator
1929 1076 2083 1114 Ecclesiae,
2094 1079 2201 1118 cap.Si

1201 1117 1359 1154 privatum
1377 1125 1425 1146 12.
1438 1125 1466 1151 q.
1481 1126 1505 1146 1.
1529 1116 1581 1148 Sic
1594 1116 1815 1158 imperatores}
1827 1120 1917 1162 judex
1937 1119 1970 1151 in
1983 1121 2072 1152 causa
2082 1120 2201 1157 fiscali,

1201 1157 1223 1188 l.
1235 1157 1383 1189 Proxime
1394 1179 1404 1194 ,
1407 1156 1445 1200 ff
1461 1160 1510 1191 De
1521 1158 1569 1190 his
1579 1169 1636 1197 qua
1645 1163 1678 1192 in
1686 1160 1856 1202 testament.
1877 1164 1972 1195 delen.
1993 1166 2023 1195 δι’
2037 1173 2144 1196 tamen
2155 1174 2204 1196 res

1202 1199 1269 1231 fisci
1279 1202 1363 1241 quali
1377 1202 1507 1242 propriae
1518 1203 1719 1244 Imperatoris
1729 1205 1891 1242 dicuntur,
1901 1207 2058 1242 l.2.§.Hoc
2067 1205 2198 1238 interdi-

1200 1243 1278 1275 tium
1290 1266 1300 1280 ‚
1311 1242 1350 1286 ff.
1373 1245 1427 1276 Ne
1447 1244 1520 1283 quid
1526 1249 1559 1277 in
1580 1248 1641 1278 loco
1649 1249 1758 1287 public.
1770 1250 1801 1280 &
1813 1249 1905 1281 causa
1914 1249 2058 1281 Ecclesiae
2074 1261 2141 1282 non
2154 1250 2202 1287 ,est

1201 1286 1455 1328 Episcopi‚c.2.de
1464 1287 1652 1321 donantem
1662 1290 1854 1323 Ordinarius
1864 1291 1885 1323 fi
1896 1292 1983 1324 dicat
1993 1292 2077 1324 suam
2088 1294 2146 1325 esse
2156 1295 2202 1336 ju-

1202 1330 1469 1367 riffliilimenu&
1480 1332 1621 1365 subditus
1632 1333 1691 1364 hoc
1704 1344 1810 1375 neget,
1822 1334 1901 1366 bene
1913 1337 2133 1376 cognoscit,2n
2143 1337 2197 1368 sua

1203 1373 1239 1405 sit
1248 1374 1462 1417 juristlifftioff.
1473 1378 1497 1407 S
1499 1387 1514 1405 u
1517 1385 1570 1415 ptr
1580 1377 1695 1408 litteris
1707 1376 1744 1408 de
1752 1377 1906 1417 rescr.l.Si
1916 1381 1982 1416 quis
1991 1389 2031 1409 ex
2042 1380 2158 1416 aliena,
2160 1378 2204 1423 ff

1202 1416 1391 1455 Des'udiciis
1403 1441 1410 1448 .
1440 1418 1519 1449 Item
1539 1429 1653 1450 contra
1666 1420 1881 1453 malefastores
1903 1422 2047 1454 Eccleliae
2067 1433 2203 1463 utroque

1205 1461 1312 1501 gladio
1324 1460 1371 1492 uti
1383 1461 1491 1501 potest,
1503 1461 1523 1492 si
1538 1461 1627 1494 illum
1637 1463 1788 1501 habeam.
1799 1465 1920 1497 DileHo
1931 1467 1968 1497 de
1971 1464 2201 1506 ftntaexcomm.

1202 1507 1235 1535 in
1245 1514 1296 1541 quo
1306 1515 1330 1535 c.
1339 1513 1348 1534 1
1356 1503 1400 1535 ‚de
1411 1503 1592 1546 Malefic.i71
1601 1508 1767 1539 nltimam
1778 1507 1815 1539 de
1825 1507 2022 1550 poen.lib.6.&
2037 1509 2081 1541 est
2089 1510 2203 1543 texum

1203 1559 1228 1579 c.
1238 1549 1265 1580 C
1267 1546 1320 1579 um
1330 1548 1518 1588 sitgenerale
1528 1548 1564 1579 de
1568 1546 1636 1590 foro
1643 1560 1765 1591 compet.
1787 1553 1818 1583 ὅ(
1831 1553 1876 1584 ita
1898 1552 2057 1594 objeetum
2076 1553 2204 1586 solvunt

1204 1591 1316 1621 Innoc.
1329 1590 1419 1622 Host.
1429 1592 1463 1623 &
1472 1591 1606 1633 Jo.And.
1621 1593 1768 1634 supracit.
1781 1605 1810 1626 n.
1822 1599 1851 1627 6.
1864 1595 1903 1627 Et
1913 1594 2041 1637 egregie
2060 1597 2200 1630 declarat

1202 1633 1289 1665 Bald.
1300 1634 1365 1665 inl.
1373 1643 1429 1665 1.n.
1436 1645 1449 1674 3
1456 1635 1562 1666 .C.Ne
1571 1638 1638 1674 quis
1647 1638 1681 1668 in
1685 1635 1744 1677 sua
1753 1638 1833 1678 caus.
1844 1639 1897 1670 ubi
1909 1638 2025 1671 format
2035 1640 2114 1672 hanc
2127 1651 2204 1682 que-

1205 1677 1350 1709 ssionern:
1364 1676 1533 1718 Episcopus
1544 1678 1707 1712 Perusinus
1718 1691 1825 1713 movet
1836 1681 1914 1713 mihi
1927 1683 2015 1714 litem
2026 1684 2064 1715 de
2076 1684 2203 1724 quibus-

1204 1722 1276 1752 dam
1287 1722 1391 1757 rebus,
1402 1721 1511 1753 dicens
1521 1724 1607 1762 quod
1623 1722 1676 1764 ille
1687 1734 1735 1755 res
1748 1728 1819 1757 lunt
1830 1725 2068 1768 emphyteuticae
2079 1727 2206 1768 Episco-

1204 1773 1293 1805 patus
1302 1763 1485 1800 Perusini,&
1497 1763 1581 1805 quod
1595 1768 1631 1797 ad
1644 1775 1716 1799 eum
1730 1769 1799 1800 sunt
1809 1769 1949 1800 reversae:
1962 1770 1982 1800 l.
1986 1779 2029 1810 go
2038 1771 2098 1803 boc
2109 1782 2204 1812 neg0,

1206 1809 1238 1839 δέ
1250 1806 1325 1839 dico
1335 1830 1345 1844 ,
1372 1807 1458 1849 quod
1480 1807 1647 1849 Episcopus
1660 1809 1823 1844 Perusinus
1850 1823 1915 1844 non
1926 1813 2023 1854 potest
2033 1818 2070 1846 de
2082 1814 2140 1846 boc
2151 1825 2206 1847 co-

1205 1850 1374 1892 gnoscere,
1395 1851 1442 1882 sed
1455 1852 1547 1883 debet
1558 1862 1648 1893 agere
1665 1863 1778 1886 contra
1789 1866 1839 1887 mc
1859 1866 1968 1888 coram
1989 1857 2206 1899 Areliiepisco-

1204 1904 1244 1935 po
1257 1900 1265 1923 ἓ
1286 1893 1384 1926 modo
1394 1895 1545 1935 quaeritur
1556 1895 1662 1927 utrum
1675 1896 1729 1929 iste
1741 1897 1908 1939 Episcopus
1920 1899 2011 1939 possit
2022 1903 2060 1932 de
2081 1901 2140 1932 hoc
2154 1912 2206 1932 co-

1206 1937 1355 1977 gnoscere
1368 1948 1468 1969 necne
1478 1961 1485 1969 .
1507 1937 1650 1978 Qlaestio
1662 1939 1717 1972 stat
1729 1963 1738 1977 ‚
1750 1941 1782 1972 in
1797 1942 1853 1973 hoc
1868 1965 1877 1979 ,
1892 1941 1999 1974 utrum
2011 1943 2065 1975 issa
2075 1944 2201 1976 dicatur

1204 1980 1257 2012 sua
1266 1980 1358 2012 causa
1369 2004 1376 2012 .
1394 1981 1604 2013 Innocentius
1615 1982 1740 2015 videtur
1750 1986 1856 2017 dicere
1867 1988 1900 2017 in
1909 1989 1939 2017 d.
1950 1996 2015 2027 cap.
2029 1989 2082 2019 Ex
2094 1997 2182 2029 parte
2193 2011 2201 2025 ,

1203 2025 1288 2065 quod
1301 2034 1367 2055 non
1379 2024 1471 2064 poffit
1482 2025 1675 2066 cognoscere
1687 2050 1694 2057 .
1706 2026 1886 2060 Canonistae
1898 2039 2008 2062 tenent
2020 2032 2202 2063 communi-

1203 2077 1253 2098 ter.
1263 2067 1461 2099 contrarium
1472 2090 1481 2104 ,
1503 2067 1579 2108 quia
1590 2068 1645 2101 issa
1654 2080 1719 2102 non
1730 2071 1771 2103 est
1782 2071 1872 2104 causa
1881 2073 2028 2114 personae,
2039 2078 2085 2106 led
2096 2073 2204 2107 Eccle-

1204 2111 1252 2141 fiae
1262 2131 1272 2146 ,
1285 2111 1317 2142 &
1329 2110 1456 2142 utilitas
1467 2111 1687 2152 principaliter
1698 2114 1823 2155 respicit
1834 2116 2003 2148 Ecclesiam
2014 2139 2024 2154 ‚
2036 2119 2068 2150 &
2080 2118 2151 2150 ideo
2163 2119 2203 2150 Ε-

1209 2151 1349 2194 piscopus
1361 2153 1459 2194 potest
1470 2154 1528 2186 esse
1541 2155 1634 2196 judex
1645 2178 1654 2192 ,
1675 2158 1826 2198 cognitor
1837 2181 1846 2195 ‚
1866 2160 1899 2191 &
1909 2161 2138 2193 determinator
2147 2161 2203 2194 hu—

1208 2198 1256 2239 jus
1269 2196 1335 2228 litis
1344 2219 1354 2233 ,
1366 2207 1400 2228 ut
1414 2207 1528 2230 notant
1540 2198 1628 2230 Host.
1644 2201 1675 2231 ὃ(
1687 2201 1733 2240 Jo.
1744 2202 1826 2233 And.
1837 2206 1871 2234 in
1881 2201 1911 2234 d.
1923 2214 1948 2235 c.
1964 2205 2016 2234 Ex
2026 2212 2125 2244 parte,
2135 2205 2201 2246 post

1207 2240 1318 2271 Innoc.
1331 2241 1361 2272 δι
1374 2242 1451 2272 adde
1460 2243 1545 2282 quod
1557 2252 1689 2275 notatur
1697 2253 1788 2276 extra
1798 2245 1835 2277 de
1844 2247 1951 2287 appell.
1965 2258 1988 2277 c.
1999 2248 2134 2279 Dilettis
2143 2270 2152 2284 ‚
2161 2247 2199 2280 (θ’

1201 2285 1234 2315 in
1247 2294 1273 2314 c.
1284 2284 1427 2314 Dilet‘ius
1441 2285 1478 2315 a'e
1487 2288 1583 2324 poem's
1594 2308 1603 2322 ,
1619 2297 1671 2326 pei·
1681 2287 1792 2320 Innoc.
1804 2288 1842 2321 (ῥ’
1851 2301 1883 2320 m
1897 2292 1923 2326 ᾗ.
1934 2292 2076 2328 Sequitur
2085 2293 2117 2322 in
2127 2294 2151 2323 S
2151 2300 2201 2332 pe-

1203 2326 1297 2359 culat.
1310 2326 1347 2358 de
1357 2329 1454 2364 judice
1463 2327 1556 2367 deleg.
1565 2328 1727 2362 Hactenus
1738 2332 1832 2364 verba
1842 2332 1926 2364 Bald-

1247 2370 1476 2402 Verumtamen
1493 2371 1546 2402 etsi
1559 2371 1726 2413 Episcopus
1739 2374 1880 2415 judicare
1895 2375 1984 2416 possit
1997 2376 2028 2407 in
2040 2377 2131 2408 causa
2142 2376 2200 2409 Ec·-

1204 2413 1301 2444 clesia:
1313 2435 1323 2449 ‚
1345 2413 1556 2446 nihilominus
1576 2418 1613 2446 ad
1635 2426 1762 2448 omnem
1793 2418 2001 2458 suspicionem
2031 2420 2195 2453 vitandam

1201 2457 1314 2488 melius
1325 2456 1379 2492 est,
1390 2466 1424 2488 ut
1437 2457 1466 2488 id
1480 2458 1623 2497 expediat
1636 2468 1688 2498 per
1695 2460 1868 2500 delegatos,
1880 2471 1914 2492 ut
1927 2462 2033 2493 innuit
2046 2472 2148 2494 textus
2160 2464 2194 2496 in

1200 2499 1230 2531 d.
1241 2509 1308 2540 cap.
1320 2499 1400 2532 Cum
1409 2499 1532 2539 persone
1545 2522 1554 2536 ‚
1568 2503 1593 2537 §.
1604 2503 1643 2532 Si
1653 2510 1755 2534 autem
1764 2525 1773 2539 ‚
1786 2503 1849 2540 ibi,
1869 2505 1924 2535 Vel
1944 2502 2090 2543 delegatis
2100 2504 2140 2539 ab
2149 2510 2194 2538 eis

1201 2545 1282 2574 viris
1293 2542 1487 2583 prudentibus
1497 2542 1533 2573 de
1539 2546 1622 2582 priv.
1633 2544 1686 2575 lib.
1699 2550 1757 2577 6.c.
1769 2549 1793 2577 S
1794 2560 1804 2577 t
1817 2549 1882 2584 quis
1892 2545 1928 2578 de
1935 2545 1999 2587 fhro
2009 2550 2132 2590 competi
2152 2553 2191 2582 Θ·

1199 2587 1221 2618 l.
1234 2589 1346 2618 Praetor
1356 2607 1365 2622 ,
1369 2583 1406 2626 ff
1418 2585 1454 2616 de
1464 2585 1757 2629 jurin.om77.Judic.
1772 2591 1804 2620 &
1815 2599 1905 2622 notat
1915 2591 1957 2631 gl.
1968 2593 2000 2622 in
2010 2597 2042 2622 d.
2053 2595 2080 2628 ᾗ.
2091 2594 2130 2623 Si
2139 2603 2194 2623 au-

1200 2640 1259 2661 tem
1269 2631 1302 2660 in
1311 2640 1375 2660 ver.
1387 2626 1570 2660 Ordinariis
1580 2652 1589 2666 ‚
1609 2632 1642 2661 &
1653 2631 1740 2672 gloss.
1752 2641 1779 2663 1.
1788 2633 1821 2663 iu
1829 2631 1860 2664 d.
1871 2644 1896 2665 c.
1906 2632 1986 2666 Cum
1997 2634 2149 2675 venissent
2157 2635 2194 2667 de

2222 1216 2261 1240 10

2225 2387 2261 2411 11

1189 2672 1365 2715 Judic.quoe
1377 2671 1421 2702 ibi
1431 2670 1448 2701 a
1458 2671 1668 2705 scribentibus
1679 2676 1893 2708 communiter
1904 2678 2101 2717 approbatur.
2110 2678 2194 2720 Qui-

1200 2715 1290 2747 nimo
1301 2716 1327 2746 si.
1334 2715 1425 2746 vellet
1436 2725 1488 2755 per
1497 2715 1626 2756 seipsum
1638 2718 1829 2758 cognoscere
1841 2719 1964 2751 causam
1975 2720 2130 2759 Ecclesia,
2142 2723 2190 2754 vel

1199 2759 1350 2800 injuriam
1360 2767 1543 2798 tangentem
1556 2759 1774 2801 principaliter
1791 2762 1982 2802 dignitatem
1992 2764 2096 2803 suam,
2115 2765 2190 2806 quia

1200 2802 1232 2833 in
1244 2801 1471 2842 consequentia
1479 2802 1584 2843 tangit
1595 2813 1667 2835 eum
1677 2827 1687 2840 ,
1699 2805 1793 2845 posset
1803 2805 1950 2838 reservari
1962 2829 1971 2843 ‚
1982 2816 2017 2839 ut
2027 2807 2192 2849 suspectum

1200 2845 1246 2876 ita
1256 2843 1442 2875 notabiliter
1451 2846 1555 2876 concl.
1576 2845 1687 2888 Cynus
1699 2847 1762 2888 post
1774 2847 1828 2879 Pet
1847 2871 1853 2878 .
1867 2850 1905 2880 de
1917 2849 2080 2892 Bellapert.
2090 2855 2123 2883 in
2132 2853 2188 2891 leg.
2214 2862 2249 2894 13

1199 2888 1286 2920 Unic.
1298 2889 1334 2918 C.
1346 2888 1401 2918 Ne
1410 2889 1476 2924 quis
1483 2889 1516 2918 in
1518 2887 1577 2927 sua
1588 2886 1678 2931 causa
1689 2912 1698 2926 ‚
1718 2892 1751 2921 &
1772 2891 1803 2922 lo
1850 2891 1914 2923 itur
1933 2891 2044 2936 Cynus
2063 2897 2191 2935 quando

1198 2930 1317 2974 injuria
1334 2930 1552 2971 principaliter
1568 2933 1672 2973 tangit
1691 2933 1796 2973 dignit
1818 2944 1881 2966 tem
1893 2958 1900 2965 .
1933 2936 1981 2968 Ad
2010 2937 2069 2969 hoc
2091 2939 2191 2970 bonus

1199 2983 1260 3004 tex.
1270 2975 1302 3004 1⁴71
1311 2981 1380 3013 cap.
1391 2974 1564 3015 lnstnuante
1573 2974 1610 3006 de
1621 2977 1695 3016 offic.
1706 2977 1810 3020 Desseg.
1824 2978 1877 3009 ubi
1889 2979 2048 3012 recusatur
2059 2991 2119 3012 con
2125 2981 2138 3011 s
2137 2992 2190 3012 an-

1199 3016 1333 3055 guineus
1351 3015 1472 3048 Praelati
1484 3017 1517 3048 in
1527 3018 1619 3049 causa
1629 3018 1773 3056 Ecclefiae
1783 3020 1840 3052 suae
1851 3043 1861 3058 ‚
1884 3021 1998 3055 fortius
2008 3033 2083 3064 ergo
2094 3023 2190 3064 potest

1198 3056 1333 3090 recusari
1345 3059 1404 3100 ipse
1416 3058 1561 3091 Praelatus
1573 3084 1580 3091 .
1603 3061 1688 3093 Idem
1697 3060 1762 3103 post
1772 3062 1861 3095 Paul.
1869 3073 1957 3097 tenet
1968 3066 2072 3098 Abbas
2080 3078 2112 3097 m
2123 3068 2152 3097 α’.
2163 3078 2186 3098 c.

1198 3104 1278 3133 Cum
1289 3101 1444 3142 vemssent
1455 3113 1535 3134 num.
1547 3113 1575 3139 9.
1587 3103 1669 3145 verfi
1684 3107 1755 3137 Aut
1763 3106 1854 3146 causa
1865 3109 2079 3149 principaliter
2090 3108 2126 3139 de
2144 3108 2188 3146 ju-

1199 3142 1258 3176 dic.
1278 3145 1388 3176 dicens
1399 3145 1458 3176 hoc
1469 3146 1527 3177 esse
1540 3147 1628 3178 valde
1639 3142 1761 3189 aequum
1774 3160 1826 3186 ‚ur
1838 3150 1908 3183 lites
1923 3152 1984 3183 sine
1996 3151 2084 3182 omni
2094 3150 2186 3191 suspi-

1198 3187 1292 3219 cione
1302 3191 1474 3227 procedant
1484 3210 1494 3224 ‚
1513 3200 1538 3220 c.
1549 3189 1772 3233 Qodstispeffl
1796 3203 1822 3234 3.
1834 3204 1880 3231 qu.
1898 3204 1922 3232 5.
1944 3193 1981 3226 (ῥ’
1990 3196 2011 3225 l.
2024 3194 2186 3235 Apertiffi-

1197 3233 1258 3266 mi,
1267 3230 1304 3262 Θ
1313 3230 1417 3262 l.Cum
1423 3230 1570 3271 specialis
1579 3255 1590 3269 ‚
1607 3236 1643 3265 C.
1653 3232 1689 3265 de
1698 3234 1790 3273 judic.
1799 3236 1883 3268 Nam
1897 3237 2035 3267 videmus
2047 3236 2185 3277 judicem

1197 3283 1233 3304 ex
1246 3272 1332 3304 facili
1344 3273 1435 3304 causa
1445 3274 1645 3312 reservat-imi:
1656 3287 1785 3310 notatur
1796 3279 1829 3310 in
1841 3291 1865 3311 c.
1874 3282 1953 3311 Cum
1965 3281 2001 3310 R.
2015 3281 2186 3310 Canonicus

1198 3316 1234 3347 de
1244 3316 1320 3356 offic.
1331 3317 1436 3355 Deleg.
1451 3316 1548 3349 Unde
1566 3320 1599 3350 δε
1609 3318 1794 3353 Canonicus
1805 3322 1901 3362 potest
1911 3321 2044 3353 recusari
2056 3322 2088 3354 in
2100 3323 2191 3355 causa
2215 3333 2254 3363 14

1196 3358 1443 3395 Concanonici‚
1472 3369 1507 3391 ut
1535 3361 1595 3394 ibi:
1625 3362 1709 3404 Ergo
1734 3364 1827 3404 longe
1854 3364 1954 3404 magis
1981 3363 2127 3397 Praelatus
2149 3365 2183 3396 in

1198 3402 1289 3433 causa
1308 3401 1452 3433 Ecclesiae
1462 3425 1471 3438 ‚
1492 3403 1566 3436 cum
1586 3408 1687 3447 major
1708 3406 1743 3437 sit
1766 3406 1952 3449 conjunffio
1974 3407 2059 3440 inter
2079 3407 2188 3439 Praela-

1199 3454 1279 3483 tum,
1289 3446 1322 3476 &
1333 3444 1504 3479 Ecclesiam
1514 3447 1598 3481 suam
1609 3471 1619 3486 ‚
1629 3447 1722 3490 quam
1734 3449 1816 3481 inter
1811 3448 2041 3524 I{Ianonicum³
2052 3452 2086 3483 &
2095 3450 2184 3481 Con-

1886 3503 1902 3534 3
2085 3502 2135 3524 ca-
