2397 3664
139 1749 181 1779 42

149 2401 185 2433 43

274 148 370 199 260

231 236 364 271 allegata
376 242 508 267 utantur
521 232 621 263 verbis
633 229 757 262 numeri
780 229 944 269 singularis
957 250 966 264 ‚
987 229 1044 260 nisi
1066 231 1227 269 pluralitas

229 269 437 310 resolvet-ewi-
449 288 479 307 m
494 274 741 313 singularitatem
753 271 919 304 decretalis
929 294 938 308 ,
949 272 1034 315 Quia
1045 280 1182 313 proptcr,
1193 276 1225 306 ὃ(

235 322 302 361 jura
313 319 456 360 pradic‘la
464 318 560 349 esst-nt
575 316 658 347 inter
669 317 696 347 se
708 315 872 347 contraria
881 337 891 352 ,
901 317 933 347 a&
945 316 1121 355 pugnantia
1132 339 1139 347 .
1153 315 1226 348 Un-

229 363 268 394 de
281 372 353 394 eum
367 363 466 392 sermo
489 359 616 399 pluralis
638 369 702 389 non
717 359 807 399 l0ffi¹
826 368 989 390 remanere
1007 359 1039 390 in
1058 359 1224 399 propi-iasi-

229 405 451 446 gnificationc,
472 403 549 442 quin
564 401 740 443 hujusmodi
754 402 985 434 inconveniens
996 401 1221 442 sequatur,non

228 448 345 480 mirum
360 447 378 477 si
393 448 429 477 ad
444 447 510 483 iura
532 445 737 477 concilianda
749 468 759 481 ,
769 446 801 478 δέ
812 444 1045 476 comestionem
1056 445 1221 478 vitandam

226 490 353 529 pluralis
369 489 515 528 loquutio
529 487 777 527 singularitatem
791 488 981 520 resolvatur:
1001 490 1034 520 δι
1045 488 1105 520 lioc
1116 489 1223 530 praeci-

223 542 285 572 puo
296 532 510 563 fundamento
523 532 627 563 Abbas
640 532 750 572 Antiq.
760 534 791 563 in
801 531 831 563 d.
843 543 867 563 c.
882 532 965 573 Quia
977 540 1098 573 propter
1108 543 1156 563 rm.
1172 542 1218 568 19.

219 575 299 606 dicit
310 573 565 614 compromissum
580 575 646 606 fieri
657 575 742 616 posse
753 576 786 607 in
798 585 895 606 unum
908 573 1034 606 tantum
1045 597 1055 612 ,
1075 575 1150 616 quia
1162 575 1219 607 sci-

219 618 295 649 licet
309 627 374 649 non
387 617 428 650 est
439 617 608 649 verisimile
620 617 732 659 Papam
743 618 840 650 unico
853 619 910 649 illo
920 619 1017 649 verbo
1027 640 1037 654 ,
1057 617 1218 655 aliquibus,

215 659 362 701 praedicta
374 661 442 703 jura
460 661 636 693 subvertere
650 661 780 693 voluisse
792 684 801 697 ‚
821 663 854 693 δέ
864 661 952 693 Host.
965 659 1136 701 ibidcmficb
1145 672 1175 692 n.
1186 672 1217 702 4.

213 707 247 734 in
259 714 325 735 ver.
338 703 506 742 Aliquibus
516 727 526 741 ,
543 706 619 736 dum
629 704 710 737 dicit
723 704 836 736 melius
848 703 910 736 esse
921 727 930 741 ‚
949 714 982 735 ut
993 703 1138 745 praediola
1149 704 1218 744 jura

215 756 283 779 non
294 748 496 787 corrigantur
506 770 516 784 ,
539 757 573 779 ut
587 747 626 779 sie
641 748 774 779 resolvas
785 747 997 788 pluralitatem
1010 747 1042 778 in
1055 746 1218 787 singulari-

215 800 314 822 tatem
327 814 334 821 .
365 790 486 823 Verum
507 791 526 822 si
549 791 627 823 illud
650 791 779 822 verbum
791 813 800 826 ,
830 788 980 828 aliquibus
991 812 1000 827 ,
1030 790 1163 831 positum
1183 791 1217 822 in

213 834 415 874 Gregotiana
425 833 666 866 Constitutione
680 833 878 873 intelligatur
888 855 898 869 ‚
920 843 954 864 ut
967 843 1051 875 jacet
1063 833 1096 864 in
1107 844 1217 866 nume—

223 887 260 908 ro
272 878 408 918 plurali,
429 879 515 909 nulla
525 877 599 908 hinc
621 877 760 917 sequitur
780 876 938 907 correcstio
957 877 1072 918 jurium
1084 889 1091 895 ·
1113 887 1215 918 neque

220 920 308 952 enim
321 921 412 952 ullibi
424 930 552 952 cavetur
564 929 637 951 ante
649 919 743 959 ipsam
755 919 1030 956 constitutionem,
1039 929 1074 951 ut
1084 920 1216 960 porestas

225 964 364 1004 eligendi
378 963 473 994 Rom.
487 962 576 993 Pont.
591 963 735 994 inunum
754 961 919 994 transferri
932 963 1033 994 valeat
1050 985 1062 999 ‚
1085 965 1118 996 &
1138 963 1217 995 sacri

212 1006 362 1038 Canones
376 1014 540 1037 remanent
552 1005 583 1036 iri
595 1005 649 1036 suo
659 1006 772 1036 robore
783 1007 817 1037 in
829 1006 891 1037 illis
913 1005 1057 1038 terminis
1068 1028 1078 1043 ,
1094 1006 1127 1038 in
1146 1006 1218 1048 qui—

214 1050 270 1080 bus
284 1050 458 1089 loquuntur
469 1070 478 1084 ,
491 1048 520 1079 id
534 1047 576 1079 est
587 1070 597 1085 ‚
619 1049 650 1079 in
663 1048 851 1080 inferiorum
862 1048 1070 1081 eleClionibus
1083 1073 1090 1080 .
1113 1050 1218 1091 Igitur

215 1093 343 1132 pluralis
355 1091 501 1132 loquutio
513 1092 694 1123 nullatcnus
707 1092 831 1124 videtui·
843 1092 1025 1124 resolvenda
1037 1092 1070 1124 in
1082 1093 1217 1134 singula-

209 1135 336 1166 ritatem
352 1136 405 1166 z&
415 1135 624 1166 confirmatur
635 1145 670 1167 cx
683 1135 827 1167 theorica
837 1135 966 1167 Gemin.
980 1137 1013 1167 in
1022 1145 1087 1177 cap.
1097 1138 1214 1169 Omnes

210 1176 372 1218 leg.t.disr'.
384 1178 438 1209 ubi
451 1178 507 1214 tiit,
520 1177 565 1210 ita
576 1180 706 1210 demum
715 1179 865 1219 pluralem
877 1189 1044 1211 numerum
1056 1179 1168 1211 resolvi
1180 1180 1213 1211 in

208 1221 409 1261 singularem,
421 1220 442 1252 si
455 1221 488 1252 in
500 1221 612 1262 plurali
622 1232 688 1253 non
699 1222 790 1262 possit
801 1222 1051 1263 verificari,quin
1067 1222 1212 1263 sequatur

210 1264 444 1296 inconveniens
456 1286 465 1301 ,
478 1266 525 1297 vel
539 1265 704 1297 absurdum
715 1289 722 1297 .
748 1265 835 1297 Idem
846 1275 938 1300 notat
949 1265 1041 1307 Praep.
1054 1265 1130 1299 ibid.
1142 1275 1214 1298 ante

208 1316 288 1339 num.
308 1317 354 1339 ιο.
375 1308 430 1339 ubi
441 1307 521 1340 dicit
532 1310 574 1347 gl.
588 1308 630 1340 ibi
643 1311 811 1350 procedere
822 1331 832 1345 ‚
852 1308 907 1340 ubi
920 1308 1037 1350 plurale
1050 1319 1212 1341 remanere

207 1360 275 1382 non
295 1351 393 1391 potest
413 1351 444 1382 in
465 1351 697 1391 significatione
719 1352 843 1393 propria
853 1374 863 1388 ,
883 1352 962 1393 quin
985 1353 1131 1394 sequatur
1152 1353 1213 1384 ini-

208 1404 307 1434 quum
318 1405 330 1431 ,-
341 1396 375 1426 &
388 1394 621 1426 inconveniens
633 1406 644 1431 ,·
666 1396 741 1427 alias
762 1407 828 1427 non
847 1396 1018 1427 resolvitur
1038 1396 1156 1437 plurale
1179 1396 1212 1428 in

211 1437 367 1479 singulare
380 1461 389 1475 ‚
412 1440 444 1469 δε
455 1439 626 1480 sequuntur
639 1439 693 1470 alii
702 1439 792 1471 relati
805 1440 842 1471 ab
855 1437 983 1470 Everar.
1004 1438 1102 1480 insuti
1111 1449 1213 1471 centu-

206 1483 258 1512 ria
268 1483 333 1513 [οεα
344 1482 364 1512 ci
374 1484 409 1513 ω’
419 1484 535 1513 numeri
544 1491 606 1519 n.7.
619 1482 661 1513 At
673 1483 797 1514 nullum
810 1483 1040 1514 inconveniens
1053 1505 1062 1519 ,
1084 1492 1137 1514 aut
1150 1483 1210 1514 ini-

213 1525 321 1565 quitas
333 1525 473 1565 sequitur
482 1547 492 1562 ,
510 1525 531 1556 st
543 1525 576 1556 in
587 1525 786 1566 Gregoriana
796 1525 1038 1558 Constitutione
1051 1526 1129 1557 illud
1144 1537 1210 1557 ver—

210 1568 286 1600 bum
298 1589 307 1605 ,
319 1567 491 1607 aliquibus,
501 1569 678 1610 accipiatur
690 1569 724 1600 in
737 1569 860 1610 proptia
872 1569 1106 1609 significatione
1120 1580 1130 1605 ;
1144 1568 1210 1600 imo

209 1610 321 1644 utilius
331 1633 341 1648 ‚
360 1613 393 1643 ὃς
404 1610 579 1643 consultius
591 1611 633 1643 est
645 1611 789 1643 Ecclesia·
800 1612 977 1644 Catholicae
988 1635 997 1648 ,
1010 1622 1043 1643 ut
1057 1612 1213 1653 Apostoli-

208 1664 263 1686 cus
275 1666 341 1687 non
353 1655 390 1686 ab
410 1665 476 1686 uno
495 1654 622 1687 tantum
634 1677 644 1691 ‚
666 1655 716 1687 sed
735 1655 752 1686 ἐι
770 1655 910 1695 pluribus
931 1656 1212 1696 compromiffariis

205 1698 342 1740 eligatur
355 1721 366 1735 ‚
377 1707 411 1729 ut
422 1697 577 1730 ostensum
588 1698 629 1730 est
639 1697 725 1738 supra
737 1708 768 1729 n.
782 1707 832 1739 37.

245 1740 317 1774 Nec
328 1741 428 1773 obstat
439 1763 448 1777 ,
459 1743 545 1782 quod
558 1741 638 1773 Abb.
652 1740 741 1773 Host.
755 1743 786 1773 δε
799 1741 854 1774 alii
866 1741 1049 1783 supracitati
1059 1751 1146 1774 num.
1161 1746 1210 1784 38.

206 1783 320 1818 dicant
330 1784 444 1817 melius
465 1785 605 1826 expediri
624 1784 814 1817 electionem
833 1796 885 1826 per
903 1796 1023 1823 unum,
1043 1785 1139 1827 quam
1160 1796 1213 1826 per

203 1830 311 1869 plures
322 1838 448 1870 propter
460 1838 607 1860 naturam
619 1827 748 1860 facilem
760 1831 796 1860 ad
808 1829 1058 1860 dissentiendum
1067 1852 1074 1860 .
1087 1828 1214 1861 Etenim

205 1872 366 1905 celeritati
376 1871 545 1904 eleffionis
555 1871 628 1903 satis
639 1872 819 1903 consultum
830 1872 903 1907 erit,
913 1872 932 1903 fi
945 1872 1168 1904 committatur
1180 1874 1215 1904 in

207 1915 320 1957 impari
332 1926 476 1952 numero,
489 1925 527 1946 ne
540 1915 684 1956 alioquin
696 1925 742 1947 res
756 1915 792 1947 sit
805 1916 866 1947 sine
878 1915 1092 1952 exitu,l.ltem‚
1109 1928 1118 1948 ι
1130 1927 1214 1956 unus,

209 1962 238 1996 ς’.
252 1960 489 2000 Principaliter,
496 1957 571 2000 ffide
580 1958 690 1990 arbitr.
703 1956 740 1991 (ῥ’
748 1970 772 1991 c.
781 1958 926 1990 maduit.
939 1969 1031 1999 prout
1043 1958 1074 1991 fa
1107 1969 1160 1991 um
1172 1960 1215 1990 le-

207 2003 313 2044 gimus
324 2005 357 2034 in
373 2014 397 2034 c.
410 2004 446 2034 In
457 2004 566 2046 causis,
577 2013 601 2034 c.
613 2005 641 2035 C
641 2003 693 2035 um
703 2003 830 2034 dz'leffius
841 2025 849 2039 ,
861 2001 898 2034 «ζὺΝ
910 2014 934 2034 c.
945 2002 1026 2035 Cum
1035 2005 1069 2034 in
1079 2003 1143 2042 jure
1153 1999 1211 2043 inf

209 2046 271 2078 ced.
282 2047 315 2078 ὃ(
327 2055 442 2078 notant
455 2045 605 2077 idemmct
616 2045 707 2077 Host.
721 2048 752 2077 &
765 2047 845 2078 Abb.
859 2045 970 2086 Antiq.

255 2089 333 2121 Non
345 2090 429 2121 valet
441 2089 539 2129 igitur
550 2098 790 2130 argumentum,
813 2092 852 2121 de
871 2091 938 2132 jure
956 2088 1122 2121 communi
1143 2099 1214 2121 vei·-

207 2134 283 2165 buin
293 2156 303 2171 ,
314 2131 484 2171 aliquibus,
505 2132 638 2173 positum
651 2132 685 2164 in
696 2131 860 2165 Decretali
871 2155 880 2168 ,
902 2133 990 2177 Quia
1011 2142 1132 2173 propter
1147 2155 1156 2169 ,
1177 2133 1211 2165 in

208 2187 377 2209 numerum
398 2176 588 2217 singularem
611 2175 779 2207 resolvitur
790 2188 800 2206 :
820 2176 903 2215 Ergo
924 2180 956 2208 ὃ(
968 2176 1002 2207 in
1012 2176 1213 2216 Gregoriana

206 2220 451 2252 Constitutione
465 2233 471 2250 :
486 2218 684 2260 siquidem-le
697 2220 764 2262 jure
784 2221 948 2251 communi
960 2219 1114 2261 ejusmodi
1132 2219 1215 2251 reso-

208 2264 291 2296 lutio
304 2265 339 2295 fit
351 2263 534 2295 necessitate
556 2272 694 2303 cogente
707 2285 716 2299 ‚
735 2262 811 2294 cum
820 2262 891 2305 jura
903 2262 986 2295 inter
997 2263 1025 2293 se
1049 2263 1215 2294 contraria

207 2318 275 2340 non
287 2308 380 2339 aliter
395 2306 566 2338 conciliari
578 2306 703 2347 posiint.
715 2308 756 2338 At
770 2306 803 2337 in
815 2306 961 2338 terminis
970 2305 1213 2337 constitutionis

208 2352 296 2383 nulla
308 2350 397 2391 cogit
409 2350 574 2382 necessitas
585 2371 595 2386 ,
616 2359 650 2381 ut
663 2351 792 2381 verbum
806 2350 883 2380 illud
906 2349 1108 2390 singulariter
1127 2349 1212 2380 acci-

209 2395 315 2436 piatur
326 2416 333 2425 .
356 2392 426 2425 Imo
437 2394 578 2425 rationes
590 2403 701 2425 omnes
712 2393 842 2424 suadens
853 2415 863 2429 ,
884 2402 920 2424 ut
932 2392 1036 2434 potius
1047 2401 1211 2424 remaneat

210 2439 244 2471 iu
256 2438 380 2479 propria
391 2437 605 2478 signicatione
617 2459 624 2467 .
647 2434 763 2477 Neque
774 2436 850 2468 vero
869 2436 928 2468 lioc
952 2435 1023 2468 casu
1037 2437 1144 2467 locun-i
1156 2436 1210 2466 lia-

208 2483 285 2514 bent
296 2484 366 2525 jura
379 2480 546 2521 loquentia
556 2484 593 2511 de
608 2478 817 2511 eleetionibus
832 2479 1021 2511 inferiorum
1037 2478 1210 2520 2quoniam

209 2526 340 2557 illorum
351 2524 511 2565 dispositio
528 2524 560 2554 in
571 2522 728 2555 electione
748 2522 834 2563 Papae
864 2523 1013 2555 servanda
1033 2523 1074 2555 est
1092 2522 1124 2553 in
1147 2522 1209 2553 illis

210 2567 337 2600 tantum
348 2568 467 2599 casibus
479 2590 487 2603 ,
513 2567 546 2598 in
558 2567 673 2608 quibus
684 2567 763 2598 niliil
777 2566 812 2598 in
822 2567 925 2607 ipecie
935 2565 1089 2608 reperitur
1109 2565 1210 2606 dispo-

212 2613 304 2643 situm
317 2611 406 2643 circa
418 2610 597 2654 hujusmodi
609 2609 798 2642 electionem
809 2632 819 2648 ,
832 2619 868 2641 ut
878 2609 998 2651 patebit
1009 2609 1095 2653 infra'
1102 2620 1148 2640 nu.
1161 2612 1213 2649 46.

213 2656 251 2687 <ff
261 2658 293 2686 in
301 2666 325 2687 c.
338 2657 452 2693 Siquis
461 2652 638 2694 Apostolrcae
650 2663 699 2691 79.
712 2652 780 2694 dist.
792 2663 820 2684 tr
834 2655 934 2685 adtint
944 2653 1073 2685 Bellam.
1083 2664 1131 2684 nu.
1140 2663 1169 2692 4.
1181 2654 1215 2683 &

215 2698 306 2739 Praep.
315 2709 393 2730 num.
406 2710 435 2730 2.
447 2697 485 2729 Et
497 2698 537 2728 ob
549 2698 631 2729 hanc
644 2697 802 2729 rationem
813 2699 852 2729 de
864 2697 930 2738 jure
941 2697 1106 2728 communi
1128 2705 1215 2737 pote-

215 2741 269 2772 ssas
297 2741 435 2782 eligendi
465 2740 578 2781 Papam
607 2742 644 2772 ad
672 2740 850 2781 exemplum
870 2740 1004 2772 aliarum
1021 2739 1214 2772 electionum

218 2784 378 2816 committi
389 2794 509 2825 poterat
522 2784 620 2815 etiam
633 2784 689 2815 uni
701 2785 789 2826 juxta
800 2794 922 2815 textum
933 2783 983 2815 hic
996 2807 1003 2815 .
1025 2782 1146 2816 Verum
1158 2783 1210 2813 ho—

216 2827 266 2857 die
279 2828 349 2857 cum
360 2828 532 2868 Gregorius
545 2829 645 2868 legem
656 2826 737 2858 lianc
749 2826 976 2859 sacrosanciam
987 2827 1108 2863 tulerit,
1119 2827 1152 2857 &
1161 2827 1215 2857 de-

215 2870 348 2901 creverit
359 2870 546 2903 eleciionem
560 2870 701 2902 Romani
714 2870 878 2902 l‘omlficis
889 2881 941 2912 per
951 2869 1214 2911 compromissum

584 139 750 206 Prosp.
774 136 994 207 fagnan.
1033 136 1316 194 inPrimum
1337 135 1542 192 Librum
1572 135 1837 196 Decretal.

1268 231 1359 262 aliter
1368 231 1434 262 fieri
1447 241 1513 262 non
1523 231 1623 271 porse,
1643 231 1738 273 quam
1749 231 1770 263 si
1780 232 1915 273 potestas
1924 233 2255 275 eligendi-committa-

1266 283 1318 305 tur
1360 274 1497 315 liquibus
1517 284 1554 305 ex
1582 274 1669 307 l'aero
1685 273 1839 317 Collegio
1857 287 1868 307 :
1893 276 1975 308 niliil
1995 279 2180 319 proponitur
2198 290 2255 312 cur

1265 317 1327 348 ha‘c
1351 328 1385 348 ex
1399 317 1512 349 servati
1525 328 1590 349 non
1599 319 1711 350 debeat
1723 318 1757 350 in
1766 319 1891 360 propria
1901 319 2152 360 significatione,
2173 323 2256 355 itaut

1265 370 1324 391 nec
1345 361 1380 392 lit
1398 359 1532 399 amplius
1551 364 1776 394 recurrendum
1796 364 1833 395 ad
1853 362 2006 395 canones
2035 363 2199 405 loquentes
2215 368 2255 398 de

1263 402 1473 434 electionibus
1485 403 1621 436 aliorum
1632 403 1834 438 Praelatorum
1845 428 1855 443 ‚
1873 404 1948 438 cum
1967 405 2137 439 habeamus
2155 407 2256 449 legem

1262 446 1297 477 in
1306 447 1365 478 hac
1377 447 1511 478 materia
1521 446 1698 488 specialiter
1707 451 1901 490 loquentem.
1913 449 2078 491 presertim
2088 448 2253 492 verb,quia
2274 461 2317 492 44

1263 489 1297 521 in
1308 489 1397 521 Bulla
1406 489 1650 522 confirmatoria
1658 489 1901 525 Caeretnonialis
1921 493 2072 525 adimitur
2089 491 2254 531 Patribus,

1261 533 1294 564 &
1305 543 1415 564 eorum
1429 533 1516 565 sacro
1526 531 1678 574 Collegio
1689 533 1824 566 facultas
1837 535 1930 568 aliter
1947 535 2131 579 judicandi,
2151 537 2185 568 ἀ
2206 536 2255 569 in-

1262 576 1475 618 terpretandi.
1497 574 1628 617 Qubus
1638 577 1740 609 verbis
1751 577 1875 610 videtur
1883 579 2042 621 prohiberi
2068 578 2254 612 intellectus

1261 620 1314 652 ille
1325 642 1335 657 ,
1354 619 1526 652 secundum
1536 629 1631 660 quem
1643 621 1770 661 pluralis
1780 631 1928 654 numerus
1938 622 1975 654 in
1995 622 2185 664 singularem
2204 632 2251 654 re-

1239 688 1244 693 .
1260 663 1415 699 solvitur;
1435 663 1514 704 quia
1533 663 1684 694 resolutio
1695 663 1874 707 hujusmodi
1890 675 1956 697 non
1967 666 2003 698 fit
2012 676 2049 698 ex
2060 665 2251 706 proprietate

1257 705 1409 738 sermonis
1421 705 1592 738 secundum
1602 706 1743 747 rigorem
1753 708 1933 746 verborum3
1944 709 1993 741 sed
2003 706 2176 741 secundum
2186 708 2252 740 sen-

1257 749 1273 781 s
1270 749 1550 785 um,&naturalem
1562 749 1825 787 intentionem,&
1834 750 1979 784 affeclkum
1989 754 2153 784 dumtaxat
2163 752 2204 783 1.1
2211 753 2257 784 .&

1256 792 1301 824 ibi
1314 801 1406 823 notat
1416 792 1502 823 Bald.
1514 803 1544 824 η.
1552 794 1669 825 1.C.De
1678 794 1762 824 cond.
1774 793 1866 834 inser.
1877 792 1989 836 Lfinff.
1999 792 2055 826 Ad
2065 794 2202 828 Trebell.
2213 793 2252 828 0¹

1256 833 1287 866 d.
1298 846 1323 867 c.
1335 835 1379 868 Ut
1387 836 1557 875 privilegia
1566 838 1601 867 in
1603 834 1662 878 fin.
1672 835 1710 866 de
1718 837 1828 876 privil.
1847 837 1881 868 ὃς
1899 840 2060 877 propterea
2078 847 2253 879 numquam

1262 879 1329 910 fieri
1341 877 1450 920 potest,
1462 878 1518 910 ubi
1527 888 1681 920 repugnat
1692 889 1782 911 mens
1791 878 2107 920 disponentisdciem
2117 879 2254 918 quidam,

1257 923 1310 953 ubi
1325 922 1410 953 Rald.
1421 923 1454 953 in
1468 932 1493 954 1.
1504 924 1606 954 not-C.
1618 923 1668 954 De
1677 924 1720 953 im
1722 920 1830 964 pub&
1839 922 2031 965 aliisfiobstit
2050 924 2084 955 δι
2095 922 2251 956 nociores

1255 968 1290 997 in
1299 963 1423 1006 l.Falsa
1433 962 1646 1005 demonstratio
1656 987 1666 1002 ‚
1690 968 1718 1003 §.
1726 964 1783 1007 fin.
1788 964 1830 1008 βξ
1838 967 1889 999 De
1895 965 2008 1000 condit.
2065 964 2225 1007 demonstr.

1304 1008 1414 1050 Itaque
1431 1006 1505 1040 cum
1515 1018 1552 1040 ex
1573 1007 1727 1049 praediistis
1745 1019 1889 1051 appareat
1909 1020 1975 1042 tion
1987 1009 2084 1042 licere
2101 1008 2259 1042 Cardina-
2277 1018 2318 1051 45

1259 1051 1340 1084 libus
1351 1051 1490 1093 eligendi
1502 1051 1687 1092 potestatem
1697 1052 1756 1084 uni
1767 1053 1894 1086 tantum
1903 1053 2092 1086 commitere
2103 1063 2111 1083 τ
2128 1052 2255 1093 Queri-

1254 1105 1308 1127 tur
1319 1106 1405 1127 nunc
1415 1118 1426 1132 ,
1451 1106 1490 1126 an
1502 1095 1523 1126 si
1533 1096 1757 1127 committatur
1765 1096 1881 1129 eleffio
1891 1097 1907 1128 a
1918 1095 2194 1137 comproniiffario
2205 1096 2252 1128 fa-

1254 1138 1347 1170 ‹stasit
1362 1138 1452 1170 irrita
1463 1148 1564 1170 necne
1574 1160 1584 1175 ,
1593 1149 1662 1180 quae
1674 1138 1715 1170 est
1726 1139 1741 1170 s
1738 1142 1863 1172 ecunda
1874 1139 2027 1181 inspectio
2036 1137 2174 1180 superius
2185 1148 2255 1180 pro—

1254 1181 1367 1222 pofita.
1391 1181 1464 1213 Hoc
1476 1191 1582 1213 autem
1592 1182 1672 1222 petit
1684 1182 1760 1214 illud
1771 1183 1963 1224 principium
1973 1205 1984 1220 ‚
2004 1183 2155 1214 videlicet
2167 1192 2207 1214 an
2218 1180 2255 1214 il-

1255 1226 1284 1256 la
1303 1225 1396 1257 verba
1405 1247 1414 1261 ‚
1434 1224 1586 1263 aliquibus
1604 1237 1645 1257 ex
1671 1224 1841 1258 eorumdem
1860 1227 1996 1266 Collegio
2014 1225 2234 1259 Cardinalium
2244 1247 2256 1262 ,

1252 1268 1433 1309 pertineant
1454 1271 1494 1304 ad,
1512 1268 1678 1301 electionis
1689 1268 1826 1301 formam
1838 1292 1848 1305 ,
1870 1280 1971 1301 necne
1983 1294 1992 1301 .
2014 1269 2064 1301 De
2086 1269 2147 1300 lioc
2169 1269 2258 1301 enini

1254 1311 1327 1343 satis
1336 1311 1481 1343 dubitari
1492 1311 1590 1352 potest
1601 1334 1611 1349 ,
1633 1312 1708 1344 cum
1720 1313 1814 1344 verba
1823 1313 2003 1354 hujusmodi
2012 1322 2174 1354 ponantur
2184 1321 2256 1344 tan-

1253 1353 1463 1386 tummodbin
1476 1356 1503 1390 ξ.
1515 1356 1654 1387 Matura
1667 1359 1771 1394 itaque
1781 1379 1791 1393 ‚
1811 1366 1870 1388 nec
1881 1365 2063 1397 repetantur
2081 1358 2115 1386 in
2127 1357 2155 1392 ξ.
2167 1352 2257 1398 Quod

1248 1398 1282 1439 fi
1291 1398 1394 1430 elec‘zio
1404 1420 1414 1434 ‚
1435 1397 1490 1429 ubi
1502 1399 1711 1438 praescribitur
1734 1399 1835 1431 forma
1845 1399 2012 1431 electionis
2033 1408 2108 1430 cum
2125 1400 2257 1430 decreto

1256 1441 1396 1473 irritanti
1412 1464 1420 1471 .
1443 1440 1482 1472 Et
1492 1441 1623 1482 quidem
1636 1443 1655 1473 fi
1669 1444 1763 1474 verba
1783 1442 1962 1485 hujusmodi
1973 1452 2039 1474 non
2060 1442 2120 1473 sint
2139 1443 2177 1473 de
2194 1440 2257 1472 for—

1250 1495 1302 1515 ma
1312 1506 1322 1521 ,
1333 1484 1512 1516 absolutum
1523 1484 1583 1516 erit
1595 1486 1698 1518 valere
1709 1486 1967 1527 compromissum
1978 1485 2096 1517 initum
2109 1485 2142 1516 in
2153 1493 2254 1516 unum

1250 1525 1378 1559 tantum
1389 1549 1400 1564 ,
1420 1527 1499 1560 sicut
1509 1528 1594 1560 valet
1605 1527 1723 1560 initum
1733 1529 1767 1560 in
1777 1529 1939 1570 personam
1948 1538 2037 1560 extra
2045 1528 2232 1569 Collegium
2245 1537 2253 1558 ε

1251 1581 1327 1602 narn
1339 1569 1413 1601 cum
1425 1570 1476 1602 liic
1497 1571 1584 1602 casus
1603 1572 1780 1603 validitatis
1794 1595 1805 1609 ,
1824 1574 1856 1604 ὃς
1877 1572 2090 1604 invaliditatis
2110 1580 2257 1612 compto.-

1252 1613 1334 1645 mim
1347 1613 1441 1645 fuerit
1461 1615 1479 1645 a
1498 1614 1729 1646 constitutione
1739 1615 1866 1646 omiss’us
1878 1637 1889 1652 ,
1912 1615 2062 1647 servanda
2071 1615 2132 1646 erit
2141 1615 2199 1646 hac
2219 1614 2255 1645 in

1251 1667 1339 1698 parte
1350 1658 1430 1701 juris
1441 1658 1624 1689 communis
1643 1658 1804 1698 dispositio
1815 1681 1823 1689 .
1846 1658 1886 1690 Et
1896 1668 1971 1690 cum
1982 1658 2127 1690 similiter
2137 1657 2255 1700 dejure

1253 1700 1418 1732 communi
1431 1700 1509 1732 nihil
1529 1701 1705 1742 specialiter
1714 1703 1752 1733 de
1764 1701 1823 1733 hoc
1846 1701 1882 1733 sit
1891 1711 2023 1734 cautum
2041 1701 2076 1733 in
2095 1700 2251 1733 electione

1253 1742 1340 1784 Papae
1349 1765 1359 1781 ‚
1389 1754 1426 1775 ea
1444 1754 1538 1775 erunt
1557 1744 1752 1776 observanda
1770 1767 1779 1781 ,
1805 1755 1874 1785 quae
1893 1746 1910 1776 a
1941 1745 2034 1776 sacris
2062 1743 2252 1776 Canonibus

1254 1786 1498 1827 praescribuntur
1507 1787 1543 1818 in
1553 1786 1763 1819 eleotionibus
1772 1788 1962 1820 inferiorum
1973 1811 1982 1818 .
2009 1787 2058 1819 Ita
2077 1787 2207 1819 Bellam.
2218 1788 2253 1818 in

1252 1839 1317 1870 cap.
1328 1833 1367 1862 Si
1377 1833 1444 1868 quis
1455 1831 1491 1861 A
1491 1829 1634 1871 postolicae
1651 1841 1733 1863 num.
1743 1841 1775 1871 4.
1795 1841 1846 1869 79.
1856 1829 1989 1872 distinet.
2010 1830 2064 1862 ubi
2083 1830 2164 1862 dicit
2186 1840 2254 1861 orn-

1255 1884 1311 1905 nes
1322 1873 1570 1907 constitutiones
1582 1874 1658 1915 juris
1667 1875 1848 1906 communis
1858 1876 1896 1906 de
1908 1873 2106 1914 Prelatorum
2124 1872 2253 1906 elediio-

1255 1916 1350 1949 nibus
1362 1917 1527 1957 loquentes
1546 1918 1660 1949 habere
1677 1918 1783 1948 locum
1806 1917 1839 1949 in
1859 1916 2015 1948 electione
2034 1916 2140 1957 Papali
2151 1939 2161 1952 ,
2182 1926 2255 1956 prae-

1256 1969 1303 1991 ter
1320 1960 1389 1991 illas
1400 1960 1498 1995 solas,
1521 1960 1637 2001 quibus
1654 1970 1707 2000 per
1730 1960 1932 1992 Decretalem
1951 1961 2041 1992 Licet
2050 1959 2088 1991 dc
2097 1960 2255 1995 vitanda,

1254 2005 1287 2035 ὃς
1298 2013 1350 2043 pet
1361 2004 1430 2045 jura
1440 2013 1524 2034 nova
1533 2005 1572 2035 de
1591 2003 1746 2035 electione
1766 2002 1852 2043 Papae
1871 2003 2037 2044 loquentia
2057 2002 2119 2035 suit
2138 2002 2152 2034 s
2151 2003 2258 2044 pecia-

1254 2047 1326 2078 liter
1336 2047 1525 2086 derogatum
1535 2068 1546 2082 ,
1564 2056 1742 2086 argument.
1754 2047 1776 2079 l.
1796 2049 1990 2088 Praecipimus
1998 2049 2032 2078 ἐπ
2034 2044 2102 2089 fine
2113 2069 2123 2084 ‚
2144 2048 2182 2079 C.
2203 2047 2255 2078 De
2303 2083 2307 2086 ⁴

1253 2102 1272 2121 a
1275 2099 1293 2131 p
1294 2091 1402 2131 pellat.
1413 2091 1435 2121 l.
1446 2092 1611 2121 Sancimus
1622 2111 1631 2126 ,
1653 2093 1690 2122 C.
1702 2091 1752 2122 De
1759 2089 1880 2131 testam.
1893 2099 1962 2131 cap.
1975 2088 2056 2123 Cum
2064 2088 2210 2131 expediat
2220 2088 2257 2121 de

1253 2134 1339 2165 elerii.
1350 2131 1403 2164 lib.
1418 2137 1447 2164 6.
1460 2132 1643 2173 &sequitur
1654 2132 1746 2175 Praep.
1754 2132 1867 2166 ibidem
1887 2144 1967 2164 num.
1980 2145 2008 2166 2.
2029 2132 2110 2175 verfi
2128 2135 2207 2165 Item
2214 2144 2255 2164 ex

1255 2176 1306 2208 hoc
1317 2175 1411 2217 insert
1421 2198 1431 2213 ,
1453 2176 1582 2208 Bellarn.
1592 2177 1629 2207 In
1639 2176 1828 2208 inferiorum
1835 2176 1912 2209 vero
1921 2176 2128 2209 electionibus
2140 2176 2254 2208 admit-

1255 2230 1328 2251 tunt
1340 2218 1403 2250 fere
1412 2230 1524 2250 omnes
1535 2219 1676 2259 eligendi
1687 2220 1874 2260 potestatem
1881 2230 1947 2251 non
1959 2219 2060 2252 solum
2071 2219 2175 2251 valide
2185 2241 2194 2255 ,
2204 2219 2255 2251 sed

1254 2263 1352 2295 etiarn
1367 2260 1454 2294 licite
1468 2262 1501 2293 in
1513 2272 1612 2293 unum
1625 2262 1752 2294 tantum
1763 2263 1844 2303 poffe
1864 2262 2048 2299 transferri,
2067 2272 2103 2294 ut
2126 2260 2252 2294 abund&

1254 2306 1409 2338 ostensum
1428 2305 1470 2336 est
1489 2305 1574 2346 supra
1586 2329 1593 2335 .
1617 2305 1639 2336 E
1652 2315 1766 2337 contra
1777 2304 1853 2337 vero
1872 2304 1893 2337 si
1913 2308 2023 2337 eadem
2036 2306 2132 2337 verba
2150 2305 2210 2337 sint
2221 2307 2259 2337 de
2279 2309 2320 2346 46

1252 2349 1354 2381 forma
1365 2371 1374 2385 ‚
1395 2347 1526 2389 potestas
1538 2348 1676 2387 eligendi
1697 2358 1762 2380 non
1774 2348 1890 2389 poterit
1909 2349 2011 2380 valide
2023 2348 2188 2381 transferri
2211 2349 2249 2380 in

1250 2403 1351 2425 unum
1361 2390 1489 2423 tantum
1499 2402 1509 2420 .·
1528 2391 1606 2431 quia
1617 2390 1663 2423 ibi
1673 2392 1834 2431 pluralitas
1846 2391 1887 2423 est
1898 2394 1935 2423 de
1946 2391 2049 2423 forma
2059 2403 2143 2428 ‚non
2154 2391 2252 2433 potest

1251 2437 1320 2468 fieri
1333 2435 1486 2467 resolutio
1499 2433 1532 2465 in
1546 2433 1777 2474 singularitates
1789 2446 1800 2471 ;
1821 2444 1926 2467 textus
1937 2435 1979 2466 est
1991 2438 2025 2467 in
2035 2436 2057 2466 Ι.
2068 2433 2149 2468 Cum
2160 2435 2192 2468 hi
2202 2458 2212 2473 ,
2225 2437 2252 2473 §-

1251 2483 1368 2513 Pretor
1379 2500 1388 2515 ,
1403 2476 1439 2520 ff.
1451 2477 1487 2509 de
1497 2478 1648 2516 transali.
1659 2480 1694 2510 &
1705 2487 1796 2510 notat
1808 2479 1850 2518 gl.
1864 2480 1897 2509 in
1907 2478 1929 2509 l.
1945 2488 1973 2519 3.
1986 2481 2014 2515 ᾗ.
2026 2480 2094 2510 Hoc
2111 2488 2214 2511 autem
2234 2478 2255 2510 A

1250 2527 1275 2555 S
1278 2536 1293 2553 u
1296 2523 1361 2563 peri
1364 2533 1412 2553 ore
1421 2524 1455 2553 in
1465 2532 1529 2553 ver.
1550 2523 1578 2552 C
1578 2532 1624 2552 om
1626 2530 1726 2561 petere
1735 2543 1744 2557 ,
1760 2519 1798 2563 ff.
1819 2522 1869 2553 De
1885 2523 1955 2553 itin.
1975 2522 2096 2559 astuque
2115 2521 2198 2563 prii).
2219 2521 2252 2553 ὅ(

1255 2567 1341 2598 Bald.
1349 2564 1427 2640 Zonſs
1442 2575 1453 2596 1
1460 2576 1476 2596 2
1485 2575 1512 2606 3.
1525 2563 1796 2606 Reverendiffimus
1806 2567 1903 2597 Pater
1912 2576 1942 2596 n.
1949 2574 1976 2606 3.
1985 2564 2067 2606 vers.
2079 2566 2150 2596 Nec
2159 2565 2252 2597 intel-

1254 2610 1314 2649 ligo
1323 2609 1347 2641 li
1370 2632 1377 2640 .
1392 2618 1418 2648 5.

1299 2651 1414 2683 Verius
1424 2661 1531 2683 autem
1542 2650 1667 2683 videtur
1678 2651 1735 2683 illa
1745 2652 1850 2688 verba,
1860 2650 2010 2690 aliquibus
2019 2649 2058 2682 de
2067 2651 2255 2691 Collegi0,ad

1255 2694 1454 2732 fotinamJeu
1464 2695 1664 2728 validitatem
1674 2694 1760 2727 actus
1770 2705 1836 2727 non
1847 2695 2019 2736 pertinere,
2032 2695 2110 2735 quia
2120 2694 2136 2726 s
2133 2694 2255 2726 ubstan-

1254 2740 1344 2771 tialia
1354 2737 1518 2770 electionis
1530 2738 1781 2779 perstringuntur
1791 2760 1800 2775 ,
1812 2736 1842 2769 d.
1855 2741 1882 2774 ς’.
1892 2736 2019 2782 Qodfi
2027 2739 2131 2770 elesiio
2141 2760 2151 2773 ‚
2164 2747 2198 2769 ut
2208 2737 2253 2768 su-

1255 2782 1313 2814 sius
1325 2782 1479 2814 ostensum
1490 2782 1532 2814 est
1553 2783 1586 2814 in
1600 2781 1787 2823 praecedenti
1797 2780 1966 2822 quaestione
1984 2792 2064 2812 num.
2090 2784 2141 2814 28.
2152 2780 2254 2813 Caete-

1254 2825 1325 2857 rum
1339 2826 1371 2858 in
1383 2836 1414 2857 re
1425 2834 1516 2857 tanta
1525 2826 1607 2858 nihil
1619 2827 1720 2858 audeo
1739 2825 1880 2860 firmare,
1899 2823 1949 2856 sed
1969 2824 2081 2856 censeo
2100 2824 2252 2865 Apostoli-

1255 2880 1330 2902 cum
1340 2870 1398 2902 effe
1408 2869 1637 2901 consulendum
1649 2891 1657 2900 .

557 3028 726 3084 DE

223 3359 312 3442 N

884 3009 1893 3083 ELECTIONE.

765 3147 875 3197 Idem
893 3142 1139 3196 Alexander
1155 3143 1232 3194 ΙΙΙ.

858 3256 910 3310 C
979 3251 1031 3307 A
1101 3251 1142 3305 P
1211 3250 1264 3305 U
1334 3251 1391 3307 T

328 3359 408 3399 Osti
432 3361 629 3411 quomodo
649 3361 806 3403 Lincon.
830 3365 972 3405 electus
989 3361 1216 3404 concedendi
1239 3361 1401 3401 honores
1416 3385 1432 3408 ς,
1456 3360 1516 3400 vel
1528 3359 1762 3409 praebendas,
1790 3359 1956 3402 autalias
1975 3358 2038 3401 dis
2078 3358 2188 3399 nendi
2204 3359 2250 3400 de

344 3408 450 3447 rebus
464 3410 663 3458 Ecclesiae(
683 3411 769 3451 cum
781 3411 843 3451 sua
860 3427 934 3452 non
958 3410 1000 3452 fit
1012 3411 1153 3452 electio
1162 3409 1412 3455 confirmata)
1429 3423 1505 3449 non
1526 3407 1665 3449 habeat
1677 3407 1920 3451 facultatem:
1937 3409 2022 3450 &in
2041 3407 2083 3448 ra
2092 3408 2251 3449 Manda-

1262 3143 1312 3192 V
1307 3147 1440 3207 igoren
1452 3180 1462 3189 .
1469 3137 1686 3208 Episcopo.

1493 3247 1520 3303 I
1535 3250 1598 3305 X.

219 3467 301 3494 mus
323 3457 438 3503 igitur
449 3483 462 3503 ,
488 3471 670 3508 quatenus
682 3464 720 3501 ei
731 3461 969 3502 authoritate
978 3460 1102 3502 nostra
1111 3462 1300 3510 praecipias
1313 3483 1328 3507 ³
1354 3455 1674 3500 utconceffionem
1687 3484 1702 3507 ³
1715 3458 1740 3500 fi
1749 3458 1864 3509 quain
1875 3455 1969 3499 facit
1977 3457 2023 3498 de
2039 3456 2223 3504 praedietis
2238 3474 2249 3496 e

215 3500 357 3545 studeat
367 3518 541 3547 revocare
549 3533 559 3544 .

2045 3595 2196 3629 SUM-
