2397 3664
890 2 974 56 De
993 0 1159 55 Eleei.
1180 13 1224 51 e.
1262 0 1493 68 Quisquis
1513 31 1526 47 .

184 97 273 130 dicat
283 97 464 140 simplicitet
475 98 510 131 in
530 97 639 139 aliquo
648 97 721 130 casu
731 96 812 138 posse
831 94 882 127 dis
879 93 999 136 pensati
1009 115 1020 130 ‚
1038 101 1075 138 ut
1087 99 1182 123 tenet

184 140 265 171 Abb.
276 143 310 173 in
319 140 375 173 da.
386 142 473 186 Atfi
481 142 598 174 Clerici
610 163 621 178 ,
633 143 661 177 §-
671 141 721 173 De
731 138 894 172 adulteriis
902 148 950 169 nu.
965 148 991 176 ς.
1003 135 1039 167 de
1048 132 1140 174 judic.
1152 135 1185 165 δι

182 182 286 224 scripsi
295 185 419 225 plenius
429 187 462 216 in
480 184 511 217 d.
521 196 545 217 c.
555 184 695 217 Dileffins
704 194 752 214 nu.
766 192 813 220 17.
830 179 916 224 infra'
923 179 962 212 de
978 187 1071 219 temp.
1087 175 1184 226 qrdin.

183 224 273 258 Nam
279 227 480 269 respondetur
488 229 568 260 hanc
584 225 759 259 theoricam
769 235 834 256 non
844 223 993 265 applicati
1004 231 1106 254 textui
1125 230 1183 252 no—

188 268 263 306 stro,
276 272 352 311 quia
360 271 550 304 Concilium
559 268 609 301 liic
617 279 685 301 non
693 267 774 301 dicit
783 269 865 309 poffe
873 265 1050 307 dispensari,
1058 264 1106 302 sed
1117 273 1185 306 pro-

183 312 271 345 cedit
281 315 475 354 prohibendo
493 336 504 350 ‚
513 318 555 345 ne
563 312 624 343 fine
633 310 864 352 dispensatione
872 309 1051 350 promoveri
1063 308 1164 339 valeat
1174 330 1182 337 .

183 353 286 388 Unde
297 359 390 389 verba
398 357 464 393 illa,
466 357 536 399 stne
545 353 776 395 dasem-satione,
786 352 925 393 intelligi
932 349 1184 388 debent‚scilicet

183 396 271 439 Papae
281 421 292 436 ,
308 409 375 432 non
388 409 493 431 autem
503 397 559 438 Epi
567 397 649 437 scopi
661 419 670 433 ,
680 398 712 429 &
726 398 805 428 adde
813 397 899 438 quod
909 404 1003 427 notat
1014 394 1102 427 Butr.
1112 396 1147 424 in
1154 391 1185 424 d.

185 443 273 478 §.De
283 442 463 474 Adulteriis
469 452 501 472 n.
513 450 561 478 17.
573 439 651 479 v'erfi
662 443 687 473 S
687 443 699 471 ι’
711 449 813 471 autem
823 447 953 480 apparet
955 436 1100 478 specifice
1117 446 1186 478 per-

143 484 162 514 8
182 485 290 525 missa.
301 485 423 517 Sufficit
434 493 540 516 tamen
550 505 559 520 ‚
571 493 606 515 ut
617 482 696 524 Papa
705 481 894 514 sufficienter
903 481 1068 523 provideat
1079 481 1117 512 de
1130 479 1185 511 illa

186 528 345 568 dignitate
355 550 365 564 ,
385 527 419 559 in
427 537 523 568 quam
539 526 568 559 se
592 526 719 558 intrufit
747 525 862 557 electus
881 535 934 566 per
953 524 1081 556 abusum
1103 523 1185 563 laice¹

182 570 352 611 potestatis:
365 580 439 601 nam
449 580 486 601 ex
497 570 556 601 hoc
568 569 761 610 intelligitur
767 579 842 600 cnm
853 566 1011 607 e01tacite‘
1031 565 1184 606 dispensa-

142 621 161 649 9
181 623 227 650 re,
236 622 271 644 ut
281 611 333 645 hic
342 623 395 653 per
407 613 486 644 Abb.
499 625 560 644 ma.
572 612 650 653 ver-fi
661 616 736 645 Puto
746 621 858 648 tamen,
871 609 948 642 iicet
959 609 1044 641 secus
1054 609 1089 640 sit
1103 609 1138 640 in
1150 620 1179 640 a-

183 656 230 688 lio
236 655 404 696 Superiore
415 656 502 687 circa
512 655 624 696 Papam
638 656 671 688 in
683 655 746 687 illis
756 654 876 687 casibus
885 675 896 689 ‚
917 654 949 685 in
960 652 1079 693 quibus
1088 651 1182 684 habet

183 697 377 739 dispensandi
389 699 587 736 facultatem,
597 699 673 740 quia
680 699 754 730 talis
766 709 832 730 non
841 696 986 729 censetur
995 696 1048 727 dis
1045 695 1121 735 pens
1120 705 1182 732 ate,

184 741 243 773 nisi
255 740 364 774 saltem
380 742 561 783 przemiserit
583 741 804 782 cognitionem
824 740 910 781 supet
933 738 1024 773 causa
1033 738 1184 779 dispensa-

183 784 283 817 tionis
291 807 302 822 ,
319 784 494 818 secundum
504 796 577 817 eum
586 807 597 822 ,
606 786 662 826 qui
673 784 809 817 remittit
819 785 970 816 adnotata
980 792 1033 824 pet
1043 782 1091 824 Jo.
1102 782 1183 814 And.

182 828 218 860 δε
227 828 307 860 alios
317 829 352 860 in
362 840 386 860 c.
396 831 605 861 Fraterm'tati
615 826 675 870 inf.
684 827 721 860 de
729 827 897 868 Schismat.
1067 837 1070 839 ’

220 870 336 905 Tertio
346 882 423 904 nota
435 871 498 909 ibi,
517 875 636 913 penitus
640 869 862 913 suspenduntur
873 894 882 907 ,
903 871 961 901 hoc
975 869 1160 901 adverbium
1169 890 1180 905 ‚

183 917 307 955 penitus
316 937 327 952 ,
348 914 530 958 adjunctum
541 915 637 947 verbo
657 915 756 947 futuri
766 914 917 955 temporis
937 923 1004 944 non
1015 913 1184 953 importare

190 967 348 990 canonem
379 959 448 990 latae
466 959 626 990 sententiae
636 981 646 995 ,
667 958 714 990 sed
742 957 881 990 serendae
893 970 903 988 .·
923 966 998 987 nam
1022 956 1152 987 verbum
1172 977 1183 990 ,

184 999 429 1041 suspendantur,
448 1001 617 1042 exponitur
635 1000 685 1033 hic
698 1001 820 1033 scilicet
837 1010 891 1042 per
907 999 1096 1032 sententiam
1105 1020 1116 1035 ,
1144 997 1185 1029 se-

184 1042 326 1076 eundum
346 1044 496 1085 gloffam,
516 1045 548 1076 &
559 1044 673 1077 Innoc.
694 1046 726 1075 in
740 1043 797 1085 fin.
809 1046 843 1075 in
854 1055 921 1076 ver.
936 1041 1182 1082 suspendantur,

189 1087 391 1128 Abb.'Antiq.
401 1097 483 1119 num.
497 1097 522 1118 1.
531 1089 567 1118 in
575 1089 675 1119 eodem
687 1098 752 1119 ver.
763 1086 909 1119 Hostien.
918 1083 1014 1126 infin.
1037 1084 1084 1116 sed
1100 1085 1184 1116 idem

159 1145 164 1149 -
185 1130 364 1167 Hostmum.
377 1138 413 1178 ιχ
425 1130 593 1171 exponitur
607 1153 617 1167 ‚
638 1131 763 1172 penitus
781 1129 982 1170 suspendatur
993 1150 1004 1165 ,
1025 1127 1055 1159 id
1068 1128 1109 1159 est
1121 1128 1185 1168 ipso

185 1172 256 1216 jure
287 1173 480 1205 authoritate
497 1173 589 1215 hujus
605 1172 753 1206 Canonis
770 1172 900 1214 suspensi
920 1170 1184 1212 pronuntientur.

189 1215 303 1248 Subdit
313 1219 420 1248 tame'n
429 1227 509 1248 num.
522 1228 551 1248 2.
562 1217 699 1258 primum
719 1214 920 1248 intelledlmm
929 1215 991 1247 esse
1015 1214 1184 1255 benignio-

190 1268 282 1295 retn;
303 1261 336 1292 &
349 1270 423 1291 cum
434 1260 494 1291 hoc
506 1260 665 1292 transeunt
674 1261 722 1301 Jo.
734 1259 815 1291 And.
825 1269 907 1291 num.
924 1268 973 1291 ιο.
981 1260 1016 1290 in
1029 1257 1112 1299 gloſj:
1132 1267 1186 1298 per

177 1301 367 1342 sententiam
376 1325 386 1339 ‚
397 1305 430 1335 ὃς
440 1303 569 1335 Bellam.
580 1306 613 1335 in
628 1313 677 1344 13.
686 1301 778 1344 quast.
789 1301 842 1334 Tu
851 1301 925 1333 verb
935 1325 944 1338 ‚
960 1302 1040 1334 an&
1051 1304 1181 1342 quando

190 1345 294 1377 dictio
301 1368 313 1382 ,
320 1349 449 1387 penitus,
460 1346 512 1379 seu
521 1347 656 1378 omnino
666 1347 813 1387 importet
825 1346 891 1387 ipso
902 1346 967 1384 jure
977 1368 986 1381 ,
996 1345 1067 1376 vide
1080 1345 1099 1375 F
1102 1345 1177 1376 elin.

185 1389 276 1430 plura
283 1390 499 1422 cumulantem
509 1412 523 1427 ,
535 1392 568 1422 ὃς
583 1389 662 1422 nihil
671 1390 922 1421 concludentem
931 1391 970 1421 in
977 1400 1002 1421 c.
1014 1387 1183 1429 Rodulphns

189 1443 220 1464 n.
235 1441 285 1472 34.
295 1433 376 1484 vers.
386 1434 519 1465 Omnino
524 1432 592 1474 sup.
604 1435 640 1465 de
650 1433 741 1474 rescr.

228 1474 358 1508 Ultimo
369 1476 523 1513 notaibi,
541 1480 682 1518 privati.
711 1476 872 1517 Eligentes
881 1486 934 1517 pei·
955 1475 1083 1508 abusum
1096 1475 1185 1507 laica:

191 1518 354 1560 potestatis
365 1529 421 1560 pro
429 1519 484 1552 illa
493 1519 562 1552 vice
573 1519 636 1553 esse
647 1520 784 1562 privatos
803 1520 867 1560 ipso
886 1520 953 1561 jure
963 1518 1112 1560 potestate
1132 1528 1184 1559 pet

195 1562 356 1603 eligendi,
377 1573 469 1604 prout
480 1561 530 1595 hic
543 1573 636 1595 notat
647 1564 688 1604 gl.
698 1564 808 1595 ultima
819 1586 828 1600 ‚
851 1563 961 1594 innoc.
973 1565 1006 1594 in
1011 1562 1068 1604 fin.
1081 1562 1184 1594 Abbas

186 1605 402 1647 Antiq.n.1.in
412 1608 623 1643 ver.Privati,
634 1606 756 1638 Hosta'n
767 1605 1185 1647 fin.Jo.And.n.7.Bellam.in

191 1658 269 1687 12.q.
280 1648 392 1681 Simile
402 1652 436 1681 in
445 1661 473 1682 c.
479 1650 560 1682 Cam
570 1653 604 1682 in
616 1648 828 1690 ωινινὲἶὶςρφνιὶἸ
837 1648 899 1681 eod.
921 1651 954 1681 &
966 1650 1037 1682 vide
1048 1652 1133 1691 quod
1144 1649 1185 1680 le-

188 1691 276 1733 gitur
285 1714 297 1729 ,
306 1694 339 1724 &
348 1702 480 1725 notatur
489 1695 522 1724 in
531 1704 556 1725 c.
568 1694 765 1735 Quamquam
775 1693 834 1731 inf.
845 1692 906 1724 eod.
918 1692 973 1725 lib.
984 1697 1014 1723 6.

233 1735 268 1766 In
279 1735 382 1775 glossa
400 1735 502 1776 prima
510 1735 591 1778 QU
603 1736 640 1767 ΑΞ
653 1736 682 1768 R
693 1736 725 1767 O
735 1759 742 1764 .
772 1736 916 1776 Qiando
935 1735 1049 1768 elcc‘lzio
1058 1736 1185 1767 dicatur

187 1778 346 1810 celebrata
364 1778 577 1819 persaecularis
588 1780 745 1819 potestatis
759 1780 884 1811 abusum
898 1802 906 1815 ,
929 1780 1007 1810 adeo
1019 1789 1051 1810 ut
1065 1789 1185 1819 propte-

189 1822 242 1852 rea
250 1821 286 1852 sit
297 1823 404 1858 nulla,
432 1824 540 1854 &tam
558 1822 674 1855 electus
692 1822 786 1864 quam
808 1823 962 1864 eligentes
983 1823 1129 1854 incidant
1151 1823 1185 1854 in

191 1874 300 1904 poenas
310 1864 360 1896 hic
374 1864 501 1897 statutas
512 1888 520 1897 .

236 1906 297 1939 Pto
317 1908 446 1940 clariori
455 1908 634 1949 quaestionis
656 1909 814 1941 solutione
832 1909 909 1941 οέὶο
924 1909 1011 1941 casus
1029 1909 1161 1940 viden-tu
1170 1919 1184 1939 ι·

190 1950 404 1989 distinguendi
417 1964 423 1980 ·.
447 1950 568 1990 Primus
587 1952 671 1984 casus
682 1953 723 1984 est
733 1975 743 1989 ‚
767 1955 895 1993 quando
913 1952 1063 1984 electores
1082 1952 1186 1992 requi-

192 2003 268 2026 tunt
278 1992 457 2034 Principem
469 1995 585 2026 laicum
597 1994 682 2036 super
702 1996 839 2035 personis
860 1995 1014 2035 eligendis
1026 2017 1036 2031 ‚
1057 2005 1091 2027 ut
1110 2006 1187 2026 con-

193 2036 315 2069 sensum
333 2036 449 2079 praestet
460 2060 470 2074 ,
489 2038 522 2069 δε
532 2038 659 2078 planum
679 2038 721 2070 est
730 2039 789 2071 hoc
801 2039 862 2070 esse
874 2049 988 2070 contra
1009 2039 1186 2070 libertatem

193 2079 461 2117 Ecclefiallicam‘,
471 2090 507 2113 ut
518 2081 560 2113 est
572 2091 647 2113 text.
661 2081 694 2113 in
704 2091 771 2122 cap.
784 2082 865 2114 Ciam
875 2081 1027 2122 terrasup.
1039 2083 1100 2112 eod.
1115 2081 1186 2112 Un-

193 2124 231 2155 de
246 2124 316 2155 talis
327 2125 439 2155 electio
450 2124 514 2156 dici
525 2124 623 2156 etiam
633 2125 734 2166 posset
747 2124 827 2157 fatsta
835 2135 886 2165 per
911 2125 1038 2156 abusum
1056 2124 1186 2165 potesta-

198 2168 240 2199 tis
251 2166 404 2198 secularis
414 2189 425 2203 ,
437 2177 471 2198 ut
483 2167 532 2198 bic
546 2178 659 2199 notant
673 2169 840 2200 Innocent.
849 2167 892 2199 ad
903 2167 962 2210 fin.
982 2167 1143 2208 Compost.
1154 2171 1186 2199 in

191 2209 408 2254 principvers.
429 2211 484 2242 Vel
491 2211 519 2253 fi
529 2212 662 2247 Clerici,
675 2212 755 2243 Abb.
767 2211 877 2253 Antiq.
886 2223 934 2242 nu.
953 2221 977 2242 ι.
990 2210 1070 2251 vers.
1081 2213 1109 2242 E
1112 2222 1124 2242 t
1135 2210 1186 2243 dio

190 2251 311 2292 abusum
322 2275 332 2289 ‚
353 2252 441 2284 Host.
452 2263 532 2284 num.
545 2264 571 2293 3.
582 2254 662 2285 vers.
675 2255 760 2297 velfi
770 2257 941 2294 Principes,
953 2255 1000 2294 Jo.
1013 2255 1095 2286 And.
1104 2266 1184 2285 num.

190 2307 219 2333 9.
233 2294 311 2335 τεν-β
321 2296 404 2328 Idem
405 2296 572 2338 secundina
584 2308 647 2329 eum
660 2320 669 2333 ,
679 2297 850 2330 Collchar.
860 2300 893 2329 in
902 2298 1094 2338 prmc.ssutr.
1104 2308 1185 2335 nu.9.

190 2337 358 2379 verſsldem
367 2337 461 2376 dicit,
481 2344 513 2371 &
524 2341 739 2372 communiter
750 2364 757 2372 .

197 2425 203 2430 υ
237 2383 262 2411 V
267 2381 355 2429 etum
371 2381 454 2415 Card
460 2383 506 2415 in.
525 2383 576 2416 laic
587 2406 598 2421 ,
617 2385 649 2416 ὅ(
659 2396 692 2415 m
709 2384 740 2415 d.
758 2397 782 2416 c.
792 2382 873 2417 Cim
894 2393 976 2415 terra
986 2406 997 2420 ‚
1017 2383 1186 2425 utrobique

194 2436 229 2457 m
237 2435 340 2465 prima
358 2426 554 2472 oppositione
573 2426 720 2459 accurate
741 2429 882 2461 observat
894 2428 952 2459 hoc
974 2428 1045 2459 casu
1059 2428 1186 2459 electio-

194 2478 269 2515 nem
280 2477 346 2499 non
356 2469 529 2509 improbari
547 2479 670 2510 propter
689 2471 819 2503 abusum
839 2471 926 2503 laicae
935 2470 1093 2511 potestatis
1102 2494 1111 2506 ,
1130 2471 1181 2502 sed

194 2521 271 2553 quia
282 2521 348 2542 non
368 2511 464 2551 potest
477 2514 608 2552 pendere
628 2523 665 2544 ex
675 2514 825 2545 consensu
846 2515 975 2546 alterius
985 2537 994 2551 ‚
1012 2514 1071 2546 sive
1085 2514 1137 2545 illc
1150 2514 1185 2546 sit

195 2554 309 2590 laicus,
327 2553 386 2585 sive
397 2552 543 2587 Clericus
553 2577 562 2591 ,
573 2555 660 2587 &ita
670 2557 809 2598 contigit
821 2557 855 2589 in
865 2557 1016 2590 terminis
1027 2557 1056 2588 d.
1069 2569 1097 2590 c,
1105 2561 1186 2589 Cum

132 2607 168 2637 15
193 2606 276 2628 terra
288 2622 295 2628 .
318 2598 371 2628 ubl
391 2596 591 2637 capitulares
609 2599 811 2639 requirebant
841 2600 1027 2632 consensum
1052 2600 1187 2632 Pau-iar-

195 2641 259 2688 chte
270 2662 282 2677 ,
301 2641 347 2672 vel
369 2639 526 2681 Principis
535 2664 545 2671 .
565 2639 676 2683 Qiare
686 2641 744 2673 hoc
760 2644 938 2683 exemplum
949 2654 1018 2674 non
1036 2644 1185 2683 congruit

196 2684 271 2715 huic
289 2684 461 2720 decretali,
482 2694 549 2725 quat
568 2685 708 2725 loquitur
728 2685 859 2717 tantum
871 2688 908 2718 de
921 2686 1005 2718 laicae
1026 2687 1186 2727 potestatis

197 2727 292 2773 abusu
303 2749 311 2757 .
323 2726 382 2759 Sed
394 2725 480 2759 certe
490 2726 650 2769 objestum
660 2727 756 2760 Card.
767 2727 870 2760 Posset
882 2731 1047 2769 procedere
1058 2733 1187 2770 quando

197 2768 313 2801 elecho
326 2771 412 2802 fieret
422 2772 459 2802 ad
471 2771 567 2802 solam
580 2771 835 2803 nominationem
848 2771 1033 2802 l'atriarclrae
1043 2794 1053 2808 ,
1082 2774 1129 2804 vel
1142 2774 1186 2804 al-

197 2813 295 2844 tetius
304 2813 338 2844 in
347 2814 497 2854 potestate
509 2813 723 2846 Ecclesiastica
732 2814 908 2846 constituti.
920 2813 1015 2846 Tunc
1025 2815 1186 2847 enimim-

197 2855 340 2901 nifessum
351 2857 426 2889 esset
435 2856 622 2889 electionem
635 2858 802 2898 improbari
813 2868 878 2888 non
889 2857 972 2897 posse
983 2867 1105 2897 propter
1117 2860 1188 2890 abu-

200 2900 419 2944 lumlaicalem
432 2923 442 2936 ‚
459 2901 508 2932 sed
531 2902 629 2932 solum
640 2901 716 2941 quia
727 2902 861 2941 pendere
872 2910 939 2932 non
950 2900 1047 2940 potest
1056 2911 1092 2932 ex
1112 2911 1188 2932 con-

202 2940 290 2972 senlu
299 2943 427 2974 alterius
435 2965 446 2980 ‚
456 2953 489 2975 ut
502 2943 536 2975 in
547 2942 577 2975 d.
586 2956 612 2975 c.
621 2943 702 2976 Ciam
712 2953 795 2975 terra
807 2967 815 2975 .
838 2944 879 2975 At
887 2943 972 2975 secus
982 2944 1025 2974 est
1035 2943 1056 2974 si
1076 2944 1188 2976 eleffio

200 2984 253 3014 fiat
264 2988 301 3015 ad
312 2985 569 3018 nominationem
579 2987 735 3027 Principis
746 2987 841 3022 laici,
851 2987 926 3028 quia
937 2996 1013 3018 tunc
1024 2986 1188 3027 impugna-

202 3027 229 3058 ri
238 3027 333 3066 potest
343 3028 439 3060 etiam
449 3040 486 3061 ex
497 3030 600 3070 capite
611 3030 764 3062 saecularis
780 3029 889 3061 abusus
900 3053 910 3066 ,
930 3029 1018 3071 juxta
1035 3031 1095 3061 hoc
1106 3031 1188 3070 capi*

199 3070 301 3116 tulum
314 3092 321 3100 .
353 3069 520 3113 Quidquid
533 3073 641 3105 tamen
653 3073 689 3104 fit
706 3084 789 3108 ,non
801 3073 1006 3113 improbatur,
1019 3081 1053 3103 ut
1064 3072 1188 3104 electio-

201 3123 236 3145 nl
247 3122 309 3153 jam
320 3111 404 3144 faetae
416 3112 513 3156 Regis
523 3117 701 3157 requiratur
712 3116 846 3148 assensus
854 3137 866 3152 ‚
875 3126 909 3147 ut
920 3115 1038 3147 dicitur
1049 3118 1082 3145 in
1090 3115 1189 3156 d.cap.

202 3159 282 3187 Cum
293 3165 375 3186 terra
384 3156 477 3198 infin.
498 3157 536 3190 ῥ’
545 3161 578 3190 in
589 3158 619 3190 d.
630 3171 656 3190 c.
666 3159 841 3205 Quodfisut
850 3162 882 3190 in
893 3161 992 3199 princ.
1003 3157 1083 3198 vers.
1103 3160 1188 3202 jSia

201 3210 258 3229 non
266 3199 323 3240 fin:
328 3200 398 3237 plex
408 3203 572 3232 nominatio
575 3201 672 3243 suprd
681 3201 742 3233 eod.
753 3205 785 3235 ὁ(
797 3201 848 3233 hic
860 3211 949 3233 notat
960 3201 1044 3233 idem
1054 3200 1188 3234 Cardin.

201 3244 235 3275 in
250 3252 275 3273 1.
286 3239 386 3281 oppos.

238 3284 404 3332 ‘Secundus
415 3284 500 3316 casus
509 3285 562 3323 est,
571 3292 700 3328 quando
710 3288 871 3328 Principes
883 3287 956 3319 laici
967 3287 1120 3319 intersunt
1130 3288 1190 3319 ele-

203 3326 574 3373 &mnrbusCleticorum
583 3331 617 3361 in
629 3331 692 3362 vim
703 3331 873 3372 privilegii,
885 3332 931 3362 vel
941 3330 1187 3367 consuetudinis,

207 3372 240 3402 &
250 3370 310 3402 hoc
321 3377 390 3401 cnm
401 3370 502 3403 eccho
527 3382 592 3403 non
602 3372 721 3406 dicitur
739 3375 808 3406 fieri
827 3385 878 3414 per
897 3373 1023 3405 abusum
1032 3373 1190 3413 potestatis

203 3413 355 3446 saecularis
366 3435 375 3449 ,
387 3423 419 3444 ut
431 3425 455 3444 c.
467 3412 647 3446 Hadrianus
659 3421 676 3447 6
684 3426 710 3457 3.
720 3416 788 3458 dist.
797 3416 834 3450 ό·
846 3428 871 3450 c.
883 3415 985 3450 Nobis
995 3416 1078 3458 infra*
1088 3416 1125 3448 de
1129 3417 1157 3460 J
1158 3429 1189 3449 u-

282 3455 385 3498 Prosp.
395 3459 532 3498 fagnan.
543 3459 576 3490 in
585 3460 612 3491 J.
631 3459 701 3493 Lib·
712 3462 866 3494 Decretal.

121 879 158 902 10

125 1483 161 1509 11

130 1743 168 1768 12

134 1917 170 1949 ¹3

136 2393 174 2422 14

144 3287 181 3315 16

2068 15 2165 60 293

1225 91 1516 129 repmrdecunrium
1525 89 1636 126 Innoc.
1648 86 1696 120 ht‘c
1705 89 1737 119 in
1746 86 1899 130 princ.qui
1910 95 2066 128 exponens
2081 89 2223 123 verbum,

1226 131 1441 172 abufizmdicit
1453 133 1538 165 secus
1548 132 1621 164 esset
1634 131 1655 163 sl
1668 130 1830 172 Principes
1841 129 1981 161 laicihoc
1994 130 2042 172 jus
2053 130 2107 161 libi
2119 131 2226 162 vendi—

1227 185 1336 207 carent
1348 186 1385 207 ex
1395 175 1625 213 consuetudine
1636 197 1646 212 ‚
1669 175 1715 207 vel
1729 174 1907 215 privilegio,
1919 172 2011 213 eique
2021 172 2224 204 consentiunt

1226 217 1674 262 Compost.adfi71.verfiQuod
1681 218 1819 256 intellige
1829 227 1945 252 verum,
1954 215 2078 248 Host.in
2090 217 2223 256 μήνη-,ἰή

1227 273 1293 292 ver.
1305 259 1443 301 Abusum
1453 283 1463 298 ‚
1474 262 1674 303 Jo.And.n.2.
1686 263 1720 292 in
1729 259 1794 292 eod.
1803 271 1869 292 ver.
1880 259 2008 292 Bellatn.
2019 271 2048 290 n.
2055 269 2082 301 3.
2092 261 2126 291 in
2133 269 2163 290 2.
2173 267 2223 300 op-

1225 303 1284 345 poſs
1296 304 1333 336 <9⁴
1344 316 1375 335 n.
1386 315 1416 343 4.
1427 307 1460 335 z'rt
1474 315 1499 336 1.
1508 315 1554 342 qu.
1566 306 1598 337 &
1610 304 1694 335 Butt.
1707 315 1736 335 71.
1749 312 1778 343 5.
1791 317 1794 319 “

1270 346 1390 380 Verum
1400 347 1462 378 liaec
1474 347 1588 387 opinio
1599 347 1695 388 potest
1706 349 1873 387 procedere
1886 346 1920 378 in
1938 345 2083 379 terminis
2093 345 2220 387 privile-

1226 390 1273 431 gii
1285 401 1294 427 ·,
1314 392 1347 422 ὃς
1357 392 1460 431 quoad
1473 391 1531 422 boc
1543 388 1617 421 cum
1628 389 1781 430 praediCtis
1790 390 1948 423 consentit
1961 389 2059 422 etiam
2071 388 2219 420 Abusin-

1225 433 1284 473 tiq.
1295 435 1327 465 in
1335 436 1463 474 princip.
1474 434 1508 466 &
1519 432 1692 464 Panormit.
1714 444 1762 463 nu.
1779 443 1805 473 3.
1815 432 1896 473 verſs
1907 433 2015 465 Placet
2025 430 2102 464 mihi
2112 455 2119 462 .
2141 431 2220 463 Non

1226 476 1312 508 enim
1323 476 1420 517 potest
1430 480 1447 506 d
1455 476 1496 507 ici
1507 475 1616 508 abusus
1627 497 1637 511 ‚
1655 485 1691 506 ex
1701 486 1766 516 quo
1777 475 1852 507 laici
1863 476 1987 517 eligunt
1998 486 2034 508 ex
2049 475 2219 516 privilegio

1223 517 1255 551 d.
1265 528 1330 560 cap.
1340 518 1525 551 Hadrianus
1535 541 1542 548 .
1565 518 1623 550 Sed
1637 518 1773 558 respectu
1784 518 2022 551 consuetudinis
2036 529 2104 551 eam
2117 528 2222 558 repro-

1226 563 1279 594 bat
1290 562 1374 594 idem
1385 561 1529 594 Panorm.
1543 559 1690 601 ubifi⁴pra
1700 583 1709 596 ,
1720 563 1752 592 δ(
1763 560 1890 597 merito,
1900 562 1977 602 quia
1990 562 2088 593 laicus
2099 572 2135 593 ex
2147 571 2222 593 con-

1222 605 1390 638 suetudine
1401 606 1500 637 etiam
1509 603 1592 637 tanti
1603 603 1856 645 temporis,cujus
1870 603 1960 635 initii
1971 615 2037 636 non
2050 605 2092 636 est
2102 615 2223 636 memo-

1224 649 1351 685 riamon
1364 649 1460 690 potest
1471 647 1630 689 requirere
1641 646 1689 688 jus
1699 646 1839 687 eligendi
1850 646 1996 682 ctiam,ut
2006 648 2145 688 coeligat
2157 657 2232 679 curn

1225 691 1404 724 Canonicis
1415 714 1427 729 ,
1445 702 1479 723 ut
1491 691 1524 723 in
1535 702 1559 723 c.
1581 688 1730 730 Massana
1741 688 1827 730 infra'
1838 688 1898 719 eod.
1919 691 1952 721 ὃς
1962 700 2013 730 per
2023 690 2115 730 Joan.
2134 691 2222 722 And:

1224 737 1257 766 in
1267 745 1333 776 cap.
1344 735 1382 767 de
1392 734 1541 776 preb.lib.
1554 738 1583 766 6.
1608 732 1709 764 Unde
1722 730 1846 773 proprie
1868 732 1939 763 talis
1950 732 2018 763 usus
2039 733 2134 773 potest
2153 733 2222 765 dici

1225 779 1336 811 abusus
1345 801 1356 815 ‚
1366 780 1398 810 &
1411 778 1587 822 hujtismodi
1599 775 1799 809 consuetudo
1809 775 1850 806 est
1860 774 1967 815 potius
1979 777 2157 815 corruptela
2167 798 2178 812 ‚
2187 785 2222 808 ut

1223 820 1255 853 d.
1265 833 1301 854 ca
1303 830 1334 863 p.
1344 820 1496 863 Massam
1516 824 1548 852 in
1556 819 1614 863 fin.
1636 820 1723 851 Adde
1744 829 1780 850 tu
1788 817 1874 859 quod
1893 817 2007 850 electio
2027 828 2077 859 per
2098 819 2226 851 abusum

1225 865 1314 897 laica:
1321 865 1480 906 potestatis
1490 865 1530 897 est
1543 873 1656 896 contra
1666 863 1858 894 canonicam
1868 861 2048 894 libertatem
2060 883 2069 897 ‚
2081 871 2115 892 ut
2127 860 2176 893 hic
2189 862 2224 893 in

1225 908 1331 941 littera
1344 931 1353 946 ‚
1374 908 1495 940 scilicet
1506 905 1753 939 Ecclesiasticam
1765 928 1775 942 ‚
1798 915 1831 937 ut
1844 905 1877 936 in
1897 905 1938 946 gl.
1950 908 1983 936 in
2003 916 2067 936 ver.
2082 902 2222 937 Liberta-

1225 960 1285 983 tem
1295 975 1303 983 .
1324 952 1532 984 Consuetudo
1543 960 1649 983 autem
1660 959 1775 981 contra
1786 948 2036 980 Ecclesiasticam
2046 947 2226 979 libertatem

1225 1005 1292 1026 non
1305 996 1407 1031 valet,
1440 1005 1474 1027 ut
1484 995 1525 1027 est
1538 1004 1641 1026 textus
1651 994 1753 1024 clarus
1764 995 1796 1023 in
1808 1003 1833 1023 c.
1855 990 1934 1024 Cimb
1955 1001 2038 1022 terra
2052 990 2148 1031 supra'
2165 989 2227 1022 eod.

1226 1038 1272 1070 ibi
1281 1060 1291 1074 ,
1312 1039 1387 1078 quia
1399 1038 1497 1079 igitur
1508 1040 1566 1069 hoc
1576 1038 1732 1068 redundat
1746 1035 1779 1067 in
1789 1045 1961 1076 gravamen
1971 1056 1982 1071 ‚
2002 1031 2035 1066 8<
2047 1034 2222 1074 perniciem

1226 1081 1442 1122 Ecclesiastice
1453 1079 1829 1120 libertatis,praescriptam
1839 1077 2079 1110 consuetudinis
2092 1078 2227 1118 pravita-

1226 1134 1290 1156 tem
1304 1125 1458 1157 sancimus
1471 1124 1595 1165 penitus
1605 1123 1794 1155 abolendam
1805 1144 1815 1158 ,
1833 1124 1865 1154 ὃς
1879 1122 1922 1153 ibi
1949 1131 2040 1153 notat
2052 1120 2094 1161 gl.
2115 1133 2147 1152 tn
2156 1131 2223 1152 ver.

1225 1167 1458 1208 Consuetudinis
1469 1191 1478 1205 ,
1499 1169 1541 1208 gl.
1554 1167 1608 1198 ult.
1620 1169 1652 1197 in
1663 1164 1693 1196 d.
1704 1164 1887 1206 astlaffana
1899 1187 1909 1201 ,
1930 1167 1962 1196 δε
1974 1164 2020 1196 ibi
2030 1165 2097 1196 dixi
2108 1175 2156 1195 nu.
2174 1174 2220 1204 13.

1225 1212 1289 1253 post
1303 1213 1386 1244 Bald.
1399 1221 1470 1243 ante
1479 1223 1508 1242 na
1528 1208 1635 1250 Lvers.
1645 1211 1722 1241 Item
1734 1218 1806 1240 nota
1819 1231 1831 1244 ,
1848 1210 1880 1240 δέ
1892 1209 1971 1240 Abb.
1980 1220 2009 1239 n.
2023 1213 2052 1240 6.
2064 1209 2096 1239 &
2107 1209 2166 1239 hoc
2176 1217 2222 1239 tc-

1225 1265 1300 1287 neas
1313 1256 1373 1288 sine
1385 1255 1597 1296 trepidatione
1609 1263 1645 1284 ex
1658 1252 1839 1283 rationibus
1848 1274 1858 1287 ,
1879 1262 1956 1292 quas
1969 1250 2016 1283 ibi
2033 1251 2122 1291 posui
2135 1274 2142 1281 .

1269 1298 1397 1330 Tetti-us
1410 1299 1496 1330 casus
1508 1298 1549 1329 est
1559 1319 1568 1333 ,
1586 1298 1715 1337 quando
1727 1295 1826 1326 laicus
1838 1294 1964 1327 interest
1975 1293 2125 1326 electioni
2145 1303 2225 1325 tam-

1225 1352 1321 1382 quam
1339 1343 1470 1374 tabellio
1488 1364 1500 1378 ,
1509 1352 1542 1372 ut
1554 1340 1667 1372 scribat
1679 1338 1843 1370 cleffionis
1855 1361 1865 1374 ‚
1889 1338 2061 1378 procelsum
2072 1360 2081 1373 ‚
2102 1340 2133 1368 &c
2154 1340 2223 1369 lunt

1225 1386 1393 1427 opiniones
1408 1385 1488 1417 Petr.
1500 1387 1537 1415 de
1556 1382 1722 1423 Sampsone
1744 1382 1825 1415 Abb.
1837 1381 1949 1421 Antiq.
1958 1380 2063 1422 AEgid.
2082 1382 2113 1412 ὃ(
2133 1380 2222 1412 Hori.

1226 1431 1258 1460 in
1269 1439 1335 1470 cap.
1351 1430 1433 1470 Quia
1446 1437 1566 1469 propter
1572 1425 1640 1466 sup.
1662 1424 1724 1456 eod.
1745 1425 1872 1466 opinati
1891 1424 1904 1456 s
1904 1434 1961 1458 unt
1982 1424 2145 1456 notarium
2167 1424 2228 1455 cle-

1225 1472 1341 1505 &ionis
1352 1474 1464 1505 debere
1476 1471 1533 1503 esse
1544 1470 1710 1503 Clericum
1720 1492 1728 1499 .
1752 1469 1790 1500 Et
1802 1467 1994 1510 generaliter
2016 1468 2132 1499 laicum
2142 1467 2230 1507 super

1225 1516 1442 1557 spiritualibus
1459 1525 1527 1547 non
1536 1513 1615 1555 polle
1627 1512 1837 1544 iustrumenta
1856 1512 2014 1543 conficere
2024 1534 2034 1548 ,
2052 1510 2163 1542 multis
2184 1520 2228 1541 ar-

1226 1559 1388 1600 gumentis
1404 1568 1511 1591 tuetur
1523 1556 1611 1590 Hou.
1623 1559 1656 1588 in
1666 1565 1732 1597 cap.
1742 1558 1830 1588 Sicut
1839 1565 1868 1586 te
1889 1566 1967 1587 num.
1981 1560 2010 1587 6.
2028 1553 2107 1594 verfi
2129 1554 2229 1585 Num-

1226 1601 1297 1641 quid
1307 1613 1375 1641 ergo
1388 1601 1513 1635 tabellio
1525 1604 1556 1632 in
1554 1598 1611 1643 frti
1619 1611 1655 1631 ne
1666 1602 1692 1631 C
1694 1601 1780 1631 leric.
1802 1601 1854 1631 vel
1865 1597 2015 1631 Monach.
2027 1598 2086 1630 Sed
2098 1607 2228 1629 contra-

1226 1647 1310 1678 rium
1319 1647 1425 1678 tenuit
1437 1645 1596 1685 Compoll.
1609 1656 1641 1675 tn
1650 1642 1683 1674 d.
1694 1653 1761 1684 cap.
1773 1644 1858 1687 Qia
1869 1651 1987 1683 propter
1997 1654 2045 1673 nu.
2062 1652 2108 1673 11.
2119 1643 2151 1672 in
2162 1652 2228 1672 ver.

1226 1690 1358 1723 Redufta
1370 1712 1378 1726 ‚
1400 1689 1521 1730 Specul.
1532 1692 1564 1719 in
1576 1684 1886 1727 1ὶῐ.άει”η]ἶνιοη.ιάι’τ.
1902 1683 2036 1728 §.Restat
2044 1683 2122 1725 verſs
2136 1682 2227 1729 Quid

1227 1744 1293 1772 ergo
1303 1733 1430 1765 tabellio
1442 1755 1451 1769 ,
1463 1733 1542 1764 Abb.
1551 1734 1583 1762 in
1593 1731 1626 1762 d.
1635 1739 1704 1771 cap.
1713 1732 1800 1761 Sicut
1811 1739 1839 1760 te
1849 1741 1899 1761 nu.
1914 1740 1924 1760 1
1932 1739 1961 1767 7.
1973 1727 2053 1768 verfi
2068 1732 2228 1760 Anautem

1227 1778 1324 1809 laicus
1334 1799 1345 1813 ,
1365 1779 1396 1808 &
1408 1776 1492 1807 Bald.
1503 1778 1536 1806 in
1545 1784 1610 1815 cnsp.
1621 1775 1819 1806 Decernimus
1828 1783 1909 1804 num.
1928 1783 1939 1805 1
1949 1781 1978 1812 ς.
1986 1771 2071 1814 infra*
2080 1770 2226 1813 deJudic.

1226 1821 1337 1852 dicens
1359 1822 1438 1851 hanc
1451 1819 1508 1852 csse
1529 1818 1713 1853 veritatem,
1733 1816 1888 1858 quidquid
1917 1816 2003 1848 dicat
2034 1815 2124 1847 Host.
2144 1813 2229 1847 Tum
2251 1826 2296 1849 20

1227 1864 1302 1904 quia
1314 1864 1413 1895 laicus
1424 1863 1458 1894 in
1468 1861 1559 1893 causa
1570 1860 1734 1893 electionis
1745 1861 1843 1901 potest
1856 1859 1914 1892 ess'e
1927 1859 2011 1891 testis
2026 1872 2032 1889 ;
2046 1860 2164 1899 ergo&
2178 1868 2226 1891 ιιι-

1228 1908 1326 1939 bellio
1337 1930 1343 1937 .
1366 1906 1451 1938 Tum
1460 1906 1536 1947 quia
1547 1905 1678 1936 tabellio
1699 1907 1801 1944 quoad
1813 1902 1953 1935 officium
1964 1902 2051 1934 suum
2063 1902 2104 1934 est
2124 1902 2227 1934 servus

1227 1951 1370 1991 publicus
1383 1961 1393 1986 ;
1405 1948 1488 1980 unde
1501 1948 1578 1980 sicut
1598 1947 1638 1979 est
1650 1948 1752 1979 servus
1762 1947 1936 1983 laicorum,
1956 1945 2224 1979 itaClericorum.

1228 1994 1267 2025 Et
1288 1994 1366 2025 hanc
1387 1993 1578 2034 opinionem
1597 1992 1745 2032 approbat
1771 1990 1967 2022 consuetudo
1978 2011 1988 2026 ,
2010 1998 2044 2020 ut
2064 1989 2226 2021 attestatur

1227 2034 1578 2077 Compostell.ubisupr.c'
1588 2057 1599 2071 ,
1622 2035 1668 2076 Jo.
1679 2035 1762 2066 And.
1774 2037 1805 2066 in
1816 2043 1882 2074 cap.
1898 2043 1923 2065 1.
1948 2032 1983 2065 de
1996 2035 2118 2065 Procur.
2130 2030 2183 2064 lili.
2196 2037 2227 2063 (ι.

1227 2083 1260 2112 ὃς
1271 2080 1334 2120 post
1346 2091 1418 2111 cum
1435 2080 1516 2111 Abb.
1527 2089 1560 2109 in
1572 2077 1602 2109 d.
1613 2087 1678 2118 cap.
1707 2078 1793 2122 ,Qtia
1805 2086 1924 2118 propter
1941 2087 2019 2108 num.
2035 2086 2081 2107 ιο.
2101 2076 2174 2117 Qri
2192 2076 2227 2106 si—

1228 2124 1347 2155 militer
1360 2133 1429 2155 eam
1441 2132 1529 2164 putat
1542 2121 1701 2154 veriorem
1711 2144 1721 2158 ‚
1739 2121 1816 2162 quia
1828 2121 1972 2153 notarius
1984 2120 2147 2151 scribendo
2158 2120 2227 2151 nul-

1228 2168 1289 2198 lam
1302 2166 1528 2198 authoritatem
1539 2175 1674 2201 exercet,
1686 2176 1743 2196 nec
1756 2164 1875 2205 aliquid
1887 2164 2044 2205 spirituale
2055 2161 2226 2199 ministrat,

1227 2210 1277 2242 sed
1288 2209 1387 2241 solum
1399 2210 1511 2250 ptaebet
1524 2211 1643 2240 nudum
1656 2208 1864 2240 ministerium
1875 2230 1885 2243 ‚
1904 2207 1955 2239 seu
1964 2206 2105 2238 officium
2116 2216 2221 2238 exem-

1227 2254 1278 2294 plo
1289 2252 1506 2284 Procuratoris
1518 2252 1552 2283 in
1564 2262 1595 2283 re
1607 2251 1761 2292 spiritua-li
1772 2274 1782 2288 ‚
1802 2251 1860 2293 qui
1879 2251 1896 2282 a
1916 2250 2138 2292 procuratione
2158 2260 2224 2281 non

1227 2297 1388 2337 repellitur
1401 2307 1436 2328 ex
1447 2306 1486 2327 co
1496 2297 1581 2336 quod
1595 2295 1629 2326 sit
1646 2296 1744 2327 laicus
1758 2318 1768 2331 ‚
1778 2305 1813 2326 ιιι
1825 2297 1857 2326 in
1870 2292 1899 2326 d.
1911 2306 1935 2326 c.
1951 2304 1974 2324 1.
1990 2292 2137 2324 Praeterea
2147 2293 2209 2331 spe-

1227 2340 1308 2371 ciale
1318 2339 1445 2372 videtur
1459 2339 1492 2371 in
1503 2338 1719 2370 causal1.trcsls
1730 2361 1742 2375 ,
1761 2348 1794 2369 ιιι
1804 2338 1947 2370 notarius
1957 2337 2069 2368 debeat
2082 2336 2139 2367 else
2148 2334 2224 2367 Cle-

1227 2383 1311 2414 ricus
1322 2406 1332 2419 ,
1343 2382 1393 2415 scu
1408 2381 1587 2422 Religiosus
1600 2392 1652 2418 ‚ut
1666 2382 1699 2413 in
1710 2393 1735 2413 c.
1749 2381 1895 2422 Officium
1907 2403 1916 2417 ,
1938 2384 1964 2417 ς.
1978 2381 2035 2411 Ad
2043 2377 2223 2418 conscriben-

1227 2426 1284 2459 das
1293 2426 1331 2457 de
1342 2429 1452 2458 Haerct.
1464 2425 1518 2457 lib.
1531 2429 1560 2456 6.
1571 2423 1742 2457 secundum
1753 2425 1833 2456 Abb.
1846 2423 1894 2455 ubi
1902 2422 2062 2463 sup.Addc
2073 2432 2108 2453 tu
2120 2422 2218 2456 alium

1227 2470 1391 2510 specialem
1401 2469 1505 2501 casum
1516 2490 1525 2504 ‚
1538 2468 1685 2500 videlicet
1698 2467 1730 2499 in
1742 2466 1921 2498 visitatione
1932 2465 2074 2506 Capituli
2087 2465 2224 2505 Ecclelie

1227 2512 1426 2545 Catliedralis
1437 2534 1447 2548 ‚
1458 2522 1492 2543 ιιι
1506 2513 1538 2542 in
1549 2511 1717 2551 Extravag.
1730 2509 1887 2541 Bonifacii
1899 2509 1984 2541 VIIL
1997 2507 2117 2540 Debent
2125 2507 2162 2540 de
2172 2506 2220 2550 effi

1227 2557 1330 2588 ordin..
1339 2555 1422 2594 Ergo
1440 2555 1628 2594 regulariter
1640 2564 1706 2585 non
1719 2552 1892 2594 requiritur
1901 2574 1911 2589 ,
1923 2562 1957 2584 ut
1970 2552 2101 2584 tabellio
2112 2551 2146 2583 sit
2157 2562 2224 2593 per-

1227 2600 1302 2631 sona
1313 2597 1527 2630 Eccleliastica
1535 2619 1546 2633 ,
1559 2607 1623 2637 arg.
1633 2596 1869 2639 [Jusfingulare
1879 2618 1889 2631 ‚
1900 2592 1937 2627 ὁ
1947 2594 2062 2638 Agma
2074 2595 2145 2626 veria
2155 2606 2223 2627 con-

1227 2652 1278 2674 tra
1289 2665 1298 2679 ‚
1306 2640 1393 2682 ffiDe
1403 2639 1489 2679 legib.
1501 2639 1640 2672 Demum
1650 2640 1743 2672 cessat
1754 2640 1859 2671 omnis
1867 2637 2036 2670 difficultas
2045 2649 2081 2670 ex
2092 2640 2222 2670 decreto

1227 2685 1332 2718 Cone.
1344 2684 1434 2715 Trid.
1444 2695 1468 2716 c.
1485 2681 1605 2724 10.seff.
1618 2695 1667 2715 22.
1680 2693 1714 2714 ut
1724 2682 1792 2714 dixi
1801 2682 1835 2714 in
1846 2691 1913 2722 cap.
1932 2684 2019 2714 Sicut
2037 2691 2067 2712 te
2076 2679 2221 2724 circafin.

1227 2728 1309 2768 vers.
1321 2727 1454 2762 Demum
1464 2725 1558 2764 quoad
1568 2726 1619 2758 hoc
1629 2724 1714 2765 infra'
1727 2727 1780 2758 Ne
1799 2726 1910 2758 Cleric.
1931 2725 1982 2757 vel
2001 2724 2149 2758 Motmch.
2167 2724 2220 2756 An

1229 2781 1334 2803 autem
1345 2793 1353 2807 ,
1383 2772 1416 2802 &
1434 2772 1564 2810 quando
1584 2769 1729 2801 Clericus
1757 2769 1847 2810 possit
1874 2778 2018 2800 exercete
2036 2768 2220 2800 tabelliona-

1229 2825 1278 2846 tus
1289 2814 1429 2845 officium
1438 2835 1452 2850 ,
1468 2813 1569 2854 scripsi
1582 2812 1728 2848 latissime
1750 2825 1782 2844 m
1794 2811 1864 2844 diest.
1876 2820 1941 2852 cap.
1951 2814 2039 2844 Sicut
2048 2821 2078 2843 te
2086 2813 2118 2843 in
2122 2810 2221 2851 sexta

1227 2857 1378 2898 questione
1389 2879 1397 2888 .

1269 2900 1414 2941 Quartus
1433 2900 1522 2933 casus
1542 2899 1584 2932 est
1595 2922 1607 2937 ,
1624 2901 1756 2941 quando
1773 2899 1849 2931 laici
1868 2907 2031 2940 tamquam
2041 2898 2157 2939 privati
2176 2899 2223 2930 in—

1228 2944 1411 2975 terveniunt
1423 2943 1510 2977 simul
1522 2954 1596 2975 cum
1605 2943 1784 2976 Canonicis
1795 2945 1836 2977 ad,
1844 2942 2065 2984 coeligendum
2076 2965 2085 2978 ,
2105 2944 2137 2974 &
2157 2942 2219 2973 ele-

1228 2986 1294 3017 <itio
1304 2986 1345 3018 est
1358 2986 1447 3017 irrita
1460 2986 1522 3026 ipso
1534 2987 1612 3027 jure,
1623 2986 1746 3018 &utile
1756 2996 1809 3027 pet
1819 2985 1932 3019 inutile
1943 2985 2086 3022 vitiatur,
2096 2996 2153 3017 nec
2166 2996 2218 3015 va-

1228 3031 1270 3061 let
1281 3029 1443 3062 contraria
1452 3030 1649 3062 consuetudo
1659 3051 1668 3065 ,
1679 3039 1756 3061 text.
1764 3029 1847 3061 estin
1859 3026 2068 3070 tls-Massam
2078 3025 2215 3068 infr.eod.

1227 3071 1310 3104 forte
1323 3082 1428 3103 tamen
1441 3073 1499 3103 hoc
1512 3072 1583 3104 casu
1598 3083 1664 3103 non
1673 3072 1794 3105 dicitur
1806 3072 1963 3104 celebrata
1973 3083 2025 3113 per
2035 3072 2160 3103 abusum
2170 3068 2217 3101 [κ-

1229 3115 1344 3146 culatis
1356 3115 1526 3155 potestatis,
1534 3115 1611 3155 quia
1622 3115 1729 3147 adhoc
1741 3115 1924 3156 requiritur,
1935 3125 1969 3147 ut
1982 3116 2090 3149 laicus,
2098 3114 2153 3153 qui
2166 3113 2216 3144 in-

1228 3157 1320 3191 terest
1328 3157 1491 3190 electionis
1501 3158 1538 3188 lit
1545 3168 1656 3198 potens
1667 3180 1678 3195 ‚
1688 3168 1763 3199 puta
1772 3158 1918 3199 Princeps
1929 3180 1939 3194 ‚
1950 3159 1996 3189 vel
2010 3156 2143 3189 Potestas
2153 3177 2163 3191 ,
2179 3165 2214 3186 ut

1228 3200 1332 3233 dicam
1343 3200 1378 3231 in
1389 3201 1460 3231 casu
1469 3200 1609 3240 proxime
1622 3201 1782 3242 sequenti.
1794 3202 1832 3233 ht
1845 3202 2023 3236 itavidetur
2033 3198 2216 3239 intelligen-

1227 3248 1284 3275 dus
1295 3242 1393 3276 Card.
1405 3240 1452 3274 ht'c
1462 3254 1495 3274 tn
1504 3246 1600 3284 princ.
1620 3247 1695 3276 dum
1708 3244 1747 3276 sic
1760 3244 1892 3276 summat
1911 3245 1989 3275 hanc
2007 3242 2216 3278 decretalem,

1227 3287 1375 3318 videlicet
1388 3286 1586 3318 consentiens
1596 3287 1745 3322 eledkioni
1762 3290 1800 3319 de
1812 3288 1838 3320 se
1859 3286 1944 3318 faux
1953 3295 2006 3326 per
2024 3284 2153 3316 abusum
2162 3294 2215 3325 po-

1228 3330 1346 3362 testatis
1355 3328 1526 3366 saecularis,
1545 3330 1573 3361 id
1586 3330 1627 3362 est
1638 3341 1711 3362 cum
1722 3331 1891 3363 laici-simul
1912 3337 1986 3361 cum
2003 3327 2139 3360 Clericis
2159 3327 2214 3359 eli-

1227 3381 1306 3413 gunt
1317 3394 1326 3408 ,
1343 3371 1476 3403 efficitur
1495 3373 1682 3414 ineligibilis
1705 3376 1741 3406 ad
1754 3372 1950 3412 dignitatem
1966 3370 2099 3411 ideoque
2108 3370 2216 3402 Petni

1226 3414 1337 3449 Biaxio
1347 3417 1380 3448 in
1387 3416 1661 3451 Direaoraelemn
1676 3427 1732 3458 1.p.
1744 3414 1941 3488 ubireclenset
1953 3414 2071 3456 viginti
2082 3413 2155 3459 oCto
2165 3422 2212 3444 re-

1916 3467 1931 3498 3
2101 3466 2168 3497 qui-

2251 825 2288 857 17

2249 949 2287 978 18

2252 1302 2289 1330 19

2243 2909 2282 2930 22
