2397 3664
131 330 169 350 20

135 972 172 997 21

160 2659 170 2668 ³
199 2655 273 2676 cittin

286 80 357 133 94

189 147 253 187 seq.
265 156 292 183 7.
308 158 353 183 qn.
369 156 391 175 i.
406 144 442 176 Et
455 145 497 176 ita
520 144 609 175 sentit
620 145 726 174 lnnoc.
738 149 801 170 non
816 141 918 169 valere
927 136 1185 171 consuetudinem

196 201 260 221 non
277 190 511 220 relidendidata
529 188 697 229 vagatione
707 192 743 215 ex
763 191 826 212 non
847 180 1028 214 residentia,
1051 179 1187 220 proutil-

196 233 260 264 lum
278 231 425 272 intelligit
436 251 446 264 ‚
467 233 500 261 δε
525 231 658 270 sequitui·
679 226 755 257 Abb-
766 225 799 255 in
809 221 838 254 d.
850 225 876 260 §.
889 224 953 270 Qi
961 224 1034 255 vero
1049 232 1128 253 num.
1139 231 1186 262 3²·

193 275 273 316 vers
286 275 367 307 Alia
376 271 470 314 potest
480 274 551 305 elici
560 270 706 303 limitatio
716 287 725 300 ,
748 268 780 298 &
793 266 869 297 Dec.
881 265 931 298 liic
942 267 974 297 in
985 277 1012 297 2.
1023 265 1088 297 lca.
1099 276 1147 296 nu.
1161 272 1186 303 5.

193 319 316 350 Deinde
326 319 442 348 limitat
450 319 582 349 eandem
591 309 825 344 conclusionem
834 309 975 343 Hoiiien.
986 308 1036 340 hic
1045 318 1124 340 num.
1140 317 1187 341 ιο,

194 359 366 392 dummodo
386 358 572 391 Canonicus
583 355 687 386 absens
711 352 956 394 perVicarfflm,
977 352 1025 385 vel
1046 351 1120 382 alias
1130 350 1188 382 Ec-

196 403 290 435 clesiae
300 402 382 434 deser
393 406 473 437 viat3
494 398 634 439 alioquin
646 406 732 438 putat
743 395 999 427 consuetudinem
1012 404 1076 426 non
1086 394 1188 425 valere

196 455 348 487 tanquam
360 443 501 478 Ecclesiae
511 440 672 473 onerosam
682 460 691 475 ,
700 440 776 471 utin
786 446 848 478 cap.
857 448 881 470 1.
892 438 929 469 de
938 436 1105 479 sensim-Et
1114 446 1189 470 cum

195 491 251 520 bac
263 490 455 521 limitatione
466 484 625 516 transeunt
635 481 849 515 communiter
860 480 934 512 DD.
947 490 980 512 ut
990 479 1040 515 liic
1062 480 1187 512 testatur

194 533 272 564 Abb.
283 542 315 562 n.
330 542 376 563 10.
387 529 458 574 Qii
469 538 575 560 tamen
584 535 735 569 temperat
747 525 805 556 hoc
818 523 940 557 diditum
948 522 1119 555 Hostiensis
1128 543 1138 558 ,
1154 524 1189 556 &

193 575 353 615 restringit
375 574 413 604 ad
430 571 535 604 casum
545 592 555 606 ‚
576 572 610 603 in
625 580 689 611 quo
712 568 846 601 Ecclesia
868 577 990 609 propter
1011 565 1189 606 hujusmodi

194 611 854 650 consuetudinemdestituereturministris;
875 610 948 642 alias
965 619 1050 641 tenet
1059 608 1188 643 consue·

195 662 342 692 tudinem
365 660 553 700 percipiendi
583 656 702 689 fruetus
724 658 757 688 in
779 653 915 686 absentia
943 653 1081 685 validam
1099 652 1156 683 else
1178 671 1188 685 1

195 703 317 738 etiamsi
329 703 467 734 absentes
477 711 528 743 per
543 700 718 732 substitutos
728 708 792 729 non
803 696 972 729 inserviant
982 706 991 733 ς
1012 695 1086 736 quia
1095 695 1190 735 quili-

196 748 248 780 bet
259 746 402 778 Clericus
412 766 422 780 ‚
441 756 478 776 ex
488 755 551 786 quo
560 746 592 775 in
612 744 724 775 sortem
732 741 867 772 Domini
883 739 1049 779 assumptus
1059 737 1099 770 eii
1109 757 1120 772 ‚
1140 739 1189 768 in-
1210 762 1214 768 .

196 790 292 823 servit
305 789 443 822 Ecclesiae
453 786 635 821 universali,
649 795 683 817 ur
693 793 781 816 notat
792 784 901 814 Innoc.
912 782 945 813 in
954 793 978 814 c.
984 780 1044 823 fin.
1056 778 1094 813 de
1103 781 1188 812 Cler.

198 845 257 865 saon
279 832 369 874 refid.
380 832 418 864 Et
437 830 606 872 hocipsum
628 829 691 870 post
701 825 980 858 Goffred·&Alan.
990 824 1095 855 firmat
1106 824 1189 856 idem

199 878 276 908 Abb.
288 878 321 907 in
340 875 369 907 d.
380 887 404 907 c.
416 871 642 914 Extirpandae,
665 874 690 909 ᾗ.
700 871 765 915 Qi
783 868 856 902 verb
865 880 894 901 n.
907 867 1045 909 31·vers-
1055 863 1118 900 Sed
1132 863 1189 900 ad·

203 921 385 951 vertendum
393 917 434 960 est
443 917 479 949 de
485 915 571 957 praeb.

242 961 363 996 Verum
374 960 465 993 hodie
475 962 588 993 cessant
606 958 783 999 hujusmodi
793 957 936 998 ambages
946 975 956 989 ,
978 955 1051 995 quia
1061 952 1189 985 consue-

197 1008 275 1039 tudo
295 1005 483 1037 inserviendi
503 1013 554 1043 per
572 1002 784 1034 substitutum,
806 1001 838 1031 &
861 997 979 1030 fruc‘tus
996 999 1029 1029 in
1052 996 1189 1028 absentia

204 1049 395 1092 percipiendi
417 1049 450 1079 in
469 1045 705 1077 Cathedralibus
720 1063 730 1077 ,
751 1044 784 1075 &
806 1041 992 1082 Collegiatis
1014 1039 1156 1072 Ecclesiis
1179 1059 1189 1074 ,

199 1090 335 1135 expresse
354 1090 466 1121 sublata
477 1088 517 1120 est
527 1086 543 1119 a
560 1086 712 1119 Concilio
721 1085 914 1121 Tridentino
924 1086 956 1115 in
973 1091 1036 1123 cap.
1050 1093 1095 1114 12.
1106 1080 1188 1122 vers.

199 1134 372 1168 Praeterea',
387 1130 455 1172 seff-
476 1142 524 1172 24.
544 1132 596 1162 ubi
614 1129 775 1163 statuitur,
797 1138 832 1160 ut
848 1127 1062 1160 obtinentibus
1082 1126 1116 1158 in
1133 1124 1190 1156 eis-

200 1181 271 1211 dem
287 1175 524 1208 cathedralibus
535 1195 544 1209 ,
567 1182 622 1205 aut
639 1171 823 1213 Collegiatis
835 1172 1004 1212 dignitates
1015 1191 1024 1205 ‚
1046 1167 1190 1200 Canoni-

199 1231 287 1252 catus
296 1241 306 1254 ,
331 1219 503 1260 praebendas
512 1238 521 1252 ,
542 1226 596 1248 aut
607 1218 766 1257 portiones
775 1235 785 1249 ,
797 1225 862 1246 non
871 1213 962 1245 liceat
971 1215 1080 1253 vigore
1091 1211 1189 1252 cujus-

199 1265 275 1295 libet
292 1263 415 1296 statuti,
437 1270 489 1292 aut
508 1259 763 1292 consuetudinis,
784 1258 865 1289 ultra
882 1266 943 1288 tres
953 1254 1072 1287 menses
1087 1256 1124 1285 ab
1132 1252 1189 1286 eis—

199 1309 270 1338 dem
281 1305 423 1337 Ecclesiis
432 1305 570 1345 quolibet
589 1313 674 1334 anno
684 1301 797 1337 abeffe3
819 1299 910 1331 salvis
922 1299 1130 1330 nihilominus
1138 1307 1189 1328 ea-

199 1360 271 1381 rum
289 1348 494 1380 Ecclesiarum
511 1345 819 1379 Constitutionibus,
839 1353 908 1384 quae
929 1342 1052 1383 longius
1071 1340 1189 1371 servitii

198 1403 322 1434 tempus
344 1391 524 1433 requirunt:
547 1389 687 1429 alioquin
711 1389 812 1429 primo
833 1395 918 1418 anno
940 1388 1077 1426 privetur
1098 1382 1190 1414 unus-

197 1435 327 1477 quisque
335 1434 467 1466 dimidia
478 1442 562 1475 parte
585 1431 744 1463 frudiuum
753 1451 762 1464 ,
784 1440 863 1471 quos
877 1430 998 1460 ratione
1008 1429 1103 1460 etiam
1116 1436 1189 1467 prae-

198 1480 324 1513 bendae,
347 1489 382 1509 ac
405 1476 574 1508 residentiae
593 1475 668 1507 fecit
690 1473 775 1509 suos3
796 1472 880 1514 quod
902 1471 922 1503 si
945 1469 1059 1503 iterum
1081 1471 1190 1501 eadem

197 1523 293 1553 fuerit
302 1522 369 1552 usus
381 1520 589 1561 negligentia,
612 1520 750 1559 privetur
759 1517 905 1547 omnibus
920 1513 1089 1548 frustibus,
1110 1522 1189 1554 quos

199 1566 310 1597 eodem
328 1574 413 1597 anno
424 1564 557 1595 lucratus
568 1561 661 1593 fuerit
679 1573 686 1591 ε
708 1559 863 1591 crescente
880 1557 956 1589 vero
967 1558 1188 1590 contumacia,

197 1618 309 1640 contra
319 1618 372 1640 eos
389 1608 475 1649 juxta
484 1606 649 1637 Sacrorum
671 1602 843 1635 Canonum
851 1599 1102 1632 Constitutiones
1119 1608 1189 1640 pro-

201 1653 331 1683 cedatur
348 1662 355 1681 :
372 1650 472 1684 idest,
494 1650 531 1680 ad
543 1649 771 1688 privationem,
793 1647 831 1676 ad
851 1645 988 1685 quamin
998 1652 1102 1674 totum
1124 1652 1189 1673 non

197 1695 239 1726 est
249 1695 498 1737 procedendum,
523 1690 672 1731 nisilapso
692 1691 787 1721 trium
796 1697 952 1720 annorum
974 1685 1092 1727 spatio,
1113 1694 1147 1717 iit
1158 1684 1188 1716 S.

198 1737 417 1778 Congregatio
434 1735 619 1767 declaravit.
642 1733 681 1764 Et
700 1731 779 1764 infra
796 1733 830 1763 in
849 1732 1005 1768 §.Omnes
1021 1729 1111 1763 verb,
1137 1738 1189 1759 ex-

195 1780 294 1822 presse
303 1780 493 1821 disponitur,
515 1786 667 1809 utomnes
677 1777 787 1807 diviua
803 1784 855 1815 per
864 1773 909 1808 se,
930 1774 1040 1805 &non
1060 1781 1112 1812 per
1121 1770 1188 1803 sub-

195 1825 319 1856 stitutos
336 1822 563 1864 compellantur
585 1820 671 1852 obire
693 1818 814 1850 officia.
836 1819 938 1858 Atque
960 1819 1004 1848 ita
1025 1825 1063 1848 eo
1083 1816 1189 1851 dect:-

195 1877 230 1899 to
241 1869 410 1909 corrigitur
419 1875 520 1897 textus
529 1863 648 1897 noster,
669 1860 824 1904 quatenus
845 1861 980 1902 praecipit
989 1860 1026 1892 ab
1042 1859 1188 1892 omnibus

195 1912 352 1952 :equaliter
381 1909 562 1941 servandam
589 1907 646 1939 effe
685 1905 942 1938 consuetudinem
964 1926 974 1941 ,
1012 1903 1185 1938 secundum

193 1964 291 1995 quam
307 1953 467 1985 Canonici
478 1962 543 1984 non
559 1950 723 1983 residentes
746 1950 955 1991 percipiebant
977 1948 1098 1981 studius
1113 1958 1188 1989 prae-

196 1999 368 2029 bendarum
392 2000 424 2028 in
442 1995 597 2028 absentia.
623 1995 703 2026 Item
720 1994 889 2035 corrigitur
910 1995 1020 2034 opinio
1041 1992 1188 2024 Hoffien-

194 2040 252 2075 sis,
275 2040 480 2073 existimantis
496 2039 755 2071 consuetudinem
766 2037 823 2068 esse
835 2038 978 2068 validam
988 2046 1026 2068 eo
1041 2035 1130 2070 casu,
1152 2037 1186 2066 in

194 2095 259 2125 quo
269 2082 429 2115 Canonici
441 2083 578 2115 absentes
590 2082 762 2114 inserviunt
781 2091 833 2121 per
844 2080 1035 2112 substitutum
1047 2101 1054 2109 .
1077 2080 1124 2110 Ac
1134 2080 1186 2110 de-

197 2138 287 2158 inum
298 2127 586 2168 corrigituropinio
594 2124 736 2159 Goffredi
745 2145 754 2159 ,
765 2124 871 2158 Alani,
881 2124 914 2154 ὃ(
925 2122 1066 2156 Abbatis‚
1077 2131 1186 2153 teuen-

194 2173 278 2202 tium
288 2171 386 2202 valere
397 2170 654 2202 consuetudinem
664 2169 744 2200 hanc
754 2188 764 2202 ,
786 2166 906 2198 etiamsi
921 2165 1057 2197 absentes
1070 2174 1121 2205 per
1130 2164 1186 2194 Vi-

196 2216 317 2245 carium
328 2223 393 2245 non
403 2213 576 2246 deserviant
585 2234 594 2247 ,
606 2221 735 2253 excepto
744 2209 816 2243 casu
825 2231 834 2245 ‚
856 2212 889 2241 in
899 2219 963 2250 quo
973 2207 1108 2239 Ecclesia
1117 2208 1187 2238 esset

195 2256 346 2289 ministris
355 2257 516 2289 destituta.
540 2255 626 2288 Nam
637 2266 674 2287 ex
695 2253 847 2287 Concilio
864 2251 1001 2286 absentes
1025 2250 1104 2282 ultra
1126 2259 1187 2281 tres

197 2300 333 2334 menses,
356 2302 500 2340 privandi
523 2300 591 2331 sunt
614 2298 782 2333 frmitibus,
804 2295 923 2329 etiamsi
946 2294 1114 2326 inserviant
1134 2303 1186 2333 per

194 2344 273 2375 alios
283 2363 292 2378 ,
302 2345 334 2376 δε
345 2343 406 2374 sive
418 2343 552 2375 Ecclesia
563 2344 697 2374 abundet
708 2339 856 2373 ministris
866 2359 876 2375 ‚
887 2338 948 2371 five
959 2348 1023 2370 non
1032 2357 1042 2372 ,
1061 2338 1094 2371 &
1104 2337 1186 2368 tolli-

196 2397 245 2417 tur
255 2389 372 2426 quaevis
382 2389 541 2417 contraria
552 2385 744 2417 consuetudo
753 2406 761 2414 .

238 2430 324 2461 Hinc
334 2430 406 2460 cum
417 2430 509 2460 eisent
518 2428 736 2460 Canonicatus
746 2429 780 2459 in
789 2426 932 2459 Ecclesiis
942 2423 1185 2457 parochialibus,

196 2475 227 2504 ὃς
241 2473 424 2512 Collegiatis
436 2472 610 2513 Aquilejen.
620 2470 788 2505 Dioecefis,
799 2472 831 2501 in
842 2469 955 2511 quibus
965 2467 1125 2500 Canonici
1137 2468 1189 2497 de-

201 2517 370 2547 servierunt
383 2526 432 2556 per
451 2516 645 2546 iubstitutum
656 2524 728 2546 ante
750 2511 1188 2544 ConciliumTridentinum,

198 2560 373 2591 sicutliodie
392 2560 690 2593 eriaminlerviunt,
712 2556 772 2589 fuit
794 2557 989 2588 dubitatum,
1013 2564 1054 2585 an
1065 2553 1123 2584 ho'c
1145 2551 1190 2582 es-

202 2608 241 2632 let
253 2606 465 2636 tolerandum,
488 2603 534 2633 vel
547 2603 691 2633 deberent
710 2601 781 2640 cogi
791 2601 829 2630 ad
849 2598 1047 2640 personaliter
1057 2596 1190 2628 residen-

296 2658 301 2675 :
324 2646 413 2676 Sacra
432 2644 650 2686 Congregatio
669 2643 787 2675 censuit
806 2645 848 2673 ita
870 2642 1044 2682 cogendos.
1067 2638 1189 2680 Qiini—

203 2692 253 2719 iiis>
270 2699 303 2718 ex
315 2689 444 2727 ejusdem
460 2687 727 2729 Coiigregationis
739 2686 890 2716 sententia
899 2694 938 2715 eo
959 2681 1190 2714 decretolubla-

203 2742 231 2763 ta
246 2732 283 2762 cst
301 2731 488 2763 consuetudo
497 2734 592 2763 etiam
611 2729 889 2762 immemorabilis,
912 2726 1079 2759 secundum
1095 2734 1189 2766 quam

203 2787 238 2805 cx
263 2775 371 2814 quavis
387 2774 492 2810 causa,
514 2778 547 2806 ὃς
569 2775 649 2805 ultra
660 2783 720 2804 tres
744 2771 861 2804 menses
872 2771 910 2802 ab
924 2769 1036 2801 eisdem
1048 2767 1190 2800 Ecclesiis

137 2831 150 2841 a
197 2819 335 2859 quolibet
359 2827 441 2848 anno
463 2819 555 2849 :ibell'e
579 2819 671 2848 liceat
689 2841 697 2849 .
719 2815 815 2847 Unde
837 2813 1029 2845 consuetudo
1050 2809 1190 2842 Ecclesiae

203 2860 459 2902 Composiellanae
471 2882 481 2895 ,
501 2872 560 2901 qua
582 2861 751 2902 dignitates
765 2859 914 2889 habentur
929 2867 984 2897 pro
994 2854 1190 2897 praesentibus

204 2917 239 2938 ea
257 2907 395 2938 ratione,
418 2905 490 2944 quia
505 2914 658 2945 coguntur
676 2903 771 2935 abeffe
795 2899 971 2942 proJustitia
989 2897 1191 2930 ministranda

204 2952 235 2980 in
248 2949 311 2990 ejus
321 2947 532 2988 jurisdictione
542 2967 550 2980 ,
573 2958 609 2978 eo
620 2950 745 2979 decreto
755 2945 871 2976 sublata
881 2941 1084 2983 intelligitur,
1099 2949 1190 2971 utea-

204 2994 273 3023 dem
286 2990 500 3032 Congregatio
510 2991 674 3022 declaravit
685 3012 693 3020 .
703 2989 793 3030 Qiia
804 2986 988 3019 Concilium
998 2984 1113 3025 excipit
1121 2991 1191 3014 tan-

206 3034 370 3068 tummodo
380 3033 483 3067 casum
494 3055 503 3069 ,
513 3036 636 3075 quando
646 3044 702 3076 pro
711 3042 784 3064 cura
794 3033 971 3064 animarum
979 3027 1085 3060 absunt
1095 3047 1105 3061 ‚
1115 3035 1147 3058 ut
1158 3028 1190 3057 in

140 3091 180 3119 η
202 3088 265 3118 cap.
279 3089 303 3119 3.
316 3076 528 3122 werf-Qodfi
542 3078 630 3108 alicui
642 3074 721 3118 3[ι’]Ῑ.
734 3088 782 3109 22.
793 3074 877 3116 Q-lae
887 3074 968 3105 ratio
977 3073 1090 3113 poterit
1099 3079 1191 3101 excu-

143 3394 156 3403 q

143 3406 159 3416 a

207 3122 373 3153 fasciolum
386 3121 691 3161 Archiprcsbvterum
701 3141 711 3156 ‚
720 3121 774 3162 qui
784 3118 968 3161 generaliter
981 3125 1059 3147 curae
1068 3116 1192 3145 incum-

206 3167 266 3196 bit.
291 3165 327 3196 Et
337 3163 409 3196 alias
434 3163 588 3206 proposito
596 3164 707 3198 dubio,
730 3175 768 3194 an
785 3161 945 3194 Canonici
959 3159 1017 3191 sint
1026 3156 1192 3189 excusandi

205 3210 244 3239 ab
255 3209 356 3249 aliqua
366 3208 440 3239 hora
451 3208 533 3238 illius
542 3208 603 3237 diei
612 3226 622 3240 ‚
643 3216 705 3246 quo
715 3207 811 3238 choro
820 3203 959 3237 interesse
969 3210 1114 3233 tenentur
1123 3220 1133 3234 ‚
1154 3209 1193 3231 eo

205 3261 354 3293 prm-extu
364 3272 373 3285 ‚
390 3250 472 3292 quod
482 3260 590 3281 cotum
601 3251 747 3282 nomine,
767 3250 849 3281 velut
859 3251 892 3279 in
902 3242 1193 3280 Matutino,adsint

208 3294 308 3326 aliiab
328 3294 504 3333 ipsismissi,
528 3291 797 3335 praesertimsiante
816 3286 1192 3323 immemorabiliconsue-

205 3339 331 3368 tudine:
343 3336 638 3378 Sac.C0ngregatio
647 3333 766 3366 censuit
777 3344 840 3364 non
860 3335 914 3365 csse
925 3333 1113 3366 excusandos
1122 3352 1129 3359 .

247 3379 410 3420 Qiinimo
421 3381 643 3412 Tlielauiarius
655 3377 794 3409 Ecclesiae
804 3375 986 3408 Cdnsentin.
999 3375 1073 3408 cum
1089 3373 1193 3414 digni-

209 3435 254 3455 tas
274 3422 529 3456 'fixerant-arianis
541 3434 596 3454 nec
618 3421 735 3454 studius
744 3420 863 3460 aliquos
874 3439 884 3454 ,
905 3429 961 3450 nec
983 3428 1091 3450 curam
1103 3417 1193 3448 liabe-

208 3477 253 3500 rct
265 3487 274 3501 ,
298 3465 369 3500 licet
382 3465 416 3497 sit
436 3466 532 3505 major
543 3466 603 3507 post
621 3464 835 3497 Pontificalem
846 3462 878 3494 in
895 3461 1086 3497 d.Ecclesia‚
1107 3461 1192 3493 dubi-

563 54 741 127 Prosp.
761 54 996 123 Fagnan.
1016 52 1071 108 in
1094 44 1338 108 Primum
1362 48 1591 107 Librum
1612 47 1889 108 Decretal.

1229 137 1309 172 tavit
1318 156 1328 169 ‚
1353 145 1392 165 an
1410 144 1568 167 teneretur
1577 133 1705 166 residere
1723 134 1820 166 stante
1828 134 2052 169 consuetudine
2071 148 2135 170 non
2146 138 2218 170 resi-

1229 178 1333 211 dendi,
1342 187 1408 218 quae
1419 178 1512 210 valet,
1521 175 1595 208 cum
1606 176 1737 209 Ecclesia
1745 197 1755 212 ‚
1767 178 1812 207 vel
1824 176 1962 217 dignitas
1970 179 2069 212 nullos
2078 183 2215 214 redditus

1230 222 1332 255 liabet,
1340 221 1453 251 Abiu-in
1463 218 1558 259 drap.
1571 221 1598 251 E
1600 219 1783 260 xtirpana'ae,
1795 221 1820 256 §.
1833 220 1897 262 Qui
1904 220 1977 252 verb
1987 219 2023 254 de
2029 222 2113 261 ymb.
2125 224 2217 256 Sacra

1229 263 1348 304 Congt.
1356 262 1475 294 censuit
1486 261 1745 297 Tiiesaurarium,
1767 261 1840 295 licet
1853 263 1954 296 nullos
1964 263 2081 296 fruetus
2092 266 2215 298 haberet

1230 309 1328 338 teneri
1338 316 1374 337 ex
1384 304 1534 338 Concilio
1543 307 1581 338 ad
1590 306 1799 342 residentiam,
1829 306 1880 338 uia
1890 306 1943 338 illa
1950 305 2143 340 consuetudo
2152 319 2217 341 non

1229 349 1402 383 residendi,
1422 359 1490 390 quae
1502 350 1582 380 valet
1592 349 1702 392 dejure
1711 359 1794 380 comi
1821 350 1875 380 uni
1885 369 1896 384 ,
1912 349 1985 381 cum
1996 350 2073 382 nulli
2084 350 2141 382 sint
2153 351 2216 383 ftu-

1229 391 1298 424 &us
1309 412 1319 426 ‚
1340 391 1454 423 sublata
1464 391 1504 423 est
1513 391 1528 423 a
1538 390 1689 424 Concilio
1699 393 1732 422 in
1742 390 1992 424 Canonicatibus
2001 414 2010 428 ‚
2032 395 2063 425 &
2073 392 2200 425 Curatis
2208 416 2215 424 .

1273 434 1311 467 Et
1322 433 1546 466 similiterciim
1562 433 1738 467 Cardinalis
1749 455 1831 464 .....
1841 434 2007 477 Episcopus
2024 437 2220 469 Auximanus
2243 443 2279 469 26

1231 478 1360 519 petiisset
1371 498 1380 512 ,
1403 487 1442 511 an
1452 479 1519 509 duae
1529 479 1698 518 dignitates
1709 477 1765 508 suae
1775 475 1972 510 Cathedralis
1980 499 1990 514 ‚
2002 479 2149 511 videlicet
2159 480 2217 512 Ar-

1232 523 1438 553 cliidiaconus
1448 541 1458 555 ,
1479 522 1513 553 &
1531 520 1785 562 Archipi·esbyter
1793 539 1803 554 2
1825 523 1879 561 qui
1897 522 1997 554 nullos
2008 522 2145 554 redditus
2163 523 2217 555 lia-

1232 566 1316 599 bent,
1326 563 1373 595 sed
1383 562 1482 596 solum
1493 564 1610 595 stallum
1620 564 1653 596 in
1663 563 1771 598 choro,
1779 572 1945 596 teneantur
1951 566 1989 597 ad
1999 565 2196 597 residentiam
2206 585 2217 601 ‚

1230 609 1263 653 {Rc
1273 608 1311 639 ad
1320 609 1403 648 quod
1413 617 1509 648 genus
1519 606 1686 638 residentiae
1707 617 1714 636 t
1731 608 1779 637 die
1793 609 1838 638 18.
1846 605 1982 646 Januarii
1994 612 2029 640 16
2037 617 2083 649 14.
2095 608 2219 650 respon-

1231 653 1298 681 sum
1307 650 1348 682 est
1358 671 1368 685 ,
1379 649 1564 691 supradictas
1575 650 1743 691 dignitates
1753 669 1763 682 ,
1781 648 1853 680 licet
1862 650 1963 681 nullos
1973 650 2106 684 habeant
2117 653 2219 684 reddi-

1230 702 1298 728 tus,
1316 693 1556 725 teneriomnino
1569 693 1696 724 residere
1705 693 1791 734 juxta
1810 691 1967 724 formama
1983 692 2135 726 Concilio
2145 686 2219 736 prae'-

1231 736 1375 777 scriptam
1387 739 1419 768 in
1434 735 1550 776 iz.ses].
1562 747 1610 776 24.
1620 736 1692 767 licet
1700 735 1773 767 alias
1783 735 1972 766 declaratum
1983 735 2076 768 fuerit
2085 757 2095 772 ,
2114 737 2219 770 Deca-

1230 789 1341 810 natum
1350 799 1360 813 ‚
1371 779 1458 819 cujus
1468 778 1606 820 provisus
1617 778 1708 811 babet
1718 778 1831 809 nudam
1843 779 2108 818 praeeminentiam
2117 782 2149 811 in
2160 781 2218 813 Ec—

1230 822 1319 853 clesia
1330 820 1475 853 Clodien.
1486 821 1549 853 sine
1558 821 1771 863 jurisdictione
1781 840 1791 855 ,
1801 822 1833 852 &
1844 819 1994 851 fructibus
2004 842 2014 855 ,
2035 822 2068 853 ὃς
2078 824 2150 853 dote
2159 844 2169 858 ,
2178 834 2215 855 ac

1230 875 1308 897 voce
1318 885 1328 900 ,
1349 866 1382 897 δι
1392 865 1461 896 loco
1471 864 1505 898 in
1516 863 1666 906 Capitulo
1676 886 1685 900 ,
1708 875 1765 896 nec
1776 865 1983 904 participatde
1994 864 2218 897 distributioni-

1231 909 1286 939 bus
1296 928 1305 942 ‚
1328 910 1360 940 &
1369 907 1438 940 aliis
1449 907 1578 940 incertis
1588 928 1597 942 ‚
1618 908 1815 940 residentiam
1832 917 1896 938 non
1906 908 2061 949 requirere
2070 927 2080 943 ,
2102 914 2160 940 nec
2170 910 2219 940 in-

1230 953 1341 982 ducere
1360 950 1691 991 incompatibilitateiu
1700 974 1708 982 .

1273 993 1360 1025 Patet
1382 996 1524 1034 igiturex
1535 993 1738 1035 supradietis,
1759 993 1908 1026 sublatam
1925 994 1982 1026 esse
2002 1004 2223 1037 quamcunque
2245 998 2282 1028 28

1230 1036 1685 1069 consuetudineminserviendi
1706 1048 1758 1079 per
1768 1037 1961 1070 substitutum
1979 1039 2011 1069 in
2021 1037 2219 1071 Cathedrali-

1232 1081 1286 1111 bus
1295 1079 1437 1113 Ecclesiis
1448 1102 1455 1110 .
1472 1080 1698 1112 Verumtamen
1710 1081 1800 1113 Sacra
1810 1079 2026 1122 Congregatio
2035 1080 2156 1114 censuit
2165 1083 2219 1114 de—

1231 1124 1299 1154 bere
1316 1122 1504 1164 Episcopum
1518 1126 1689 1156 concedere
1708 1124 1887 1156 facultatem
1904 1122 2136 1165 Capitularibus
2159 1123 2218 1156 sese

1230 1167 1369 1198 invicem
1379 1166 1629 1199 constituendiin
1640 1167 1765 1199 servitio
1781 1176 1849 1199 tum
1860 1166 2020 1202 Ecclesiae,
2042 1176 2109 1199 tum
2131 1167 2220 1199 Cho-

1230 1212 1277 1244 ri,
1298 1210 1374 1241 dum
1393 1219 1573 1242 tamennon
1590 1211 1630 1242 iis
1640 1210 1829 1251 temporibus
1849 1210 2084 1246 substituantur,
2105 1212 2219 1252 quibus

1231 1252 1357 1284 servitio
1375 1252 1516 1285 Ecclesiae
1533 1253 1669 1285 adstritsti
1691 1253 1778 1285 sunt.
1802 1251 1882 1294 Item
1903 1253 2088 1295 Episcopum
2109 1264 2218 1286 curare

1230 1296 1358 1330 debere,
1380 1305 1413 1327 ut
1431 1296 1488 1327 hac
1498 1295 1695 1328 substituendi
1715 1296 1934 1328 facultate‘non
1958 1298 2142 1329 abutantur.
2164 1296 2224 1329 Sed
2246 1307 2284 1335 29

1231 1338 1290 1370 hoc
1313 1339 1472 1370 decretum
1483 1339 1556 1370 alias
1571 1340 1740 1371 declaravit
1753 1341 1860 1372 babere
1882 1341 1986 1372 locum
1996 1339 2220 1372 tantummodo

1231 1383 1313 1413 inter
1331 1381 1489 1423 praesentes
1500 1404 1507 1412 .
1531 1382 1570 1414 Et
1583 1382 1657 1414 cum
1672 1383 1825 1415 incidisset
1840 1383 2014 1417 dubitatio,
2039 1394 2078 1414 an
2101 1383 2219 1415 censeri

1230 1426 1338 1472 debeat
1356 1424 1515 1460 absensis,
1537 1427 1592 1466 qui
1609 1435 1695 1457 extra
1704 1428 1821 1458 moenia
1839 1428 1980 1458 medium
1997 1425 2148 1461 milliare,
2170 1427 2220 1458 vel

1231 1470 1358 1499 circam
1370 1467 1520 1500 suburbiis
1533 1468 1713 1509 pernoistet,
1733 1472 1766 1502 δι
1789 1472 1821 1501 in
1833 1471 1903 1501 loco
1926 1468 2095 1511 principue,
2115 1469 2132 1500 a
2155 1480 2220 1510 quo

1231 1510 1319 1550 possit
1339 1512 1378 1544 ad
1396 1511 1556 1543 servitium
1576 1511 1751 1553 opportune
1771 1515 1934 1550 accedere3
1955 1512 2131 1554 responsum
2154 1523 2220 1544 non

1230 1552 1348 1585 censeri
1365 1554 1538 1586 absentem.

1273 1596 1349 1629 Haec
1369 1598 1407 1629 de
1428 1598 1651 1630 consuetudine
1672 1609 1736 1630 non
1758 1599 1929 1635 residendi,
1950 1602 1984 1633 &
2007 1598 2126 1631 studius
2148 1609 2223 1641 prae-
2245 1609 2283 1641 30

1230 1640 1376 1671 bendaein
1387 1641 1523 1672 absentia
1543 1644 1731 1683 percipiendi
1742 1643 1776 1674 in
1799 1642 2040 1675 Cathedralibus
2056 1642 2218 1675 Ecclesiis.

1272 1682 1353 1725 Qio
1368 1682 1444 1715 verb
1453 1685 1491 1716 ad
1512 1683 1723 1726 Collegiatas,
1745 1685 1819 1718 cum
1838 1686 2005 1728 Episcopus
2020 1684 2157 1718 Comen.
2168 1686 2222 1718 ha·
2245 1695 2279 1728 31

1230 1727 1303 1757 bens
1313 1729 1346 1758 iri
1358 1726 1409 1759 sua
1419 1727 1553 1760 Dioecesi
1563 1729 1662 1768 plures
1673 1727 1864 1770 Collegiatas
1876 1729 2102 1764 Ecclesias‚non
2111 1738 2220 1761 tamen

1229 1770 1383 1812 insignes,
1405 1770 1601 1805 consuluisset
1609 1771 1736 1806 Sacram
1755 1772 2046 1814 congregationem
2056 1771 2220 1808 Concilii‚

1229 1823 1267 1865 an
1281 1814 1302 1846 si
1320 1816 1353 1846 in
1364 1817 1407 1847 eis
1424 1815 1440 1846 a
1450 1825 1588 1858 tempore
1606 1816 1847 1849 immemorabili
1859 1826 2032 1858 numquam
2053 1816 2221 1848 consueve-

1228 1867 1268 1891 rit
1278 1857 1400 1892 i‘cfideri
1411 1879 1420 1894 ,
1444 1861 1535 1900 poss'et
1549 1861 1734 1902 compellere
1753 1860 1937 1893 Canonicos
1947 1862 1985 1892 ad
2005 1859 2198 1891 residendum
2208 1877 2220 1895 s

1229 1903 1313 1952 justa
1322 1910 1385 1944 cap.
1392 1912 1403 1934 t
1411 1903 1756 1949 2.verfiPraetered,seffi
1762 1916 1810 1946 24.
1819 1904 1910 1937 Sacra
1920 1902 2136 1946 Congregatio
2146 1910 2222 1934 cen*

1228 1946 1243 1977 s
1241 1956 1287 1978 uit
1295 1967 1305 1981 ,
1313 1958 1337 1979 c.
1344 1957 1355 1978 1
1364 1958 1390 1979 2.
1404 1947 1651 1990 verfpraeterea’,
1661 1948 1870 1990 supradictum
1878 1948 2013 1989 intelligi
2023 1950 2059 1979 de
2070 1947 2217 1978 omnibus

1227 1988 1425 2031 Collegiatis,
1434 1994 1530 2023 etiam
1540 2002 1604 2023 non
1613 1991 1785 2034 insignibus
1795 2003 1804 2029 ς
1815 1992 1871 2024 nisi
1882 2000 1989 2025 tamen
1999 1991 2059 2023 istae
2071 2001 2134 2024 non
2146 1989 2221 2026 insi·

1226 2044 1302 2075 gnes
1311 2033 1493 2076 Collegiatae
1503 2035 1596 2067 essent
1606 2037 1719 2067 rurales
1731 2035 1855 2079 prorsus
1864 2036 2013 2070 destituta:
2021 2055 2031 2070 ‚
2042 2036 2139 2066 autin
2148 2035 2220 2076 qui-

1225 2079 1283 2108 bus
1304 2087 1466 2120 nunquam
1488 2078 1577 2110 antea
1595 2077 1680 2120 supra
1699 2079 1864 2111 hominum
1886 2081 2071 2113 memoriam
2095 2077 2220 2112 solitum

1227 2120 1297 2151 esset
1308 2121 1429 2152 residet-i
1440 2142 1450 2156 ,
1462 2131 1515 2154 aut
1524 2133 1590 2164 quie
1600 2122 1678 2155 adeo
1687 2125 1791 2154 tenuis
1800 2124 1938 2155 redditus
1946 2122 2040 2157 essent
2049 2142 2059 2156 ,
2070 2131 2104 2153 ur
2112 2119 2220 2153 Catio-⁴

1227 2165 1317 2194 nicos
1327 2174 1391 2195 non
1401 2164 1546 2196 habentes
1556 2168 1638 2197 unde
1649 2167 1760 2196 vivant
1769 2186 1779 2199 ,
1788 2167 1867 2198 alere
1879 2175 1944 2196 non
1956 2165 2072 2206 possent
2080 2186 2087 2193 .

1269 2205 1328 2238 Sed
1339 2206 1436 2247 postea
1447 2206 1519 2238 cum
1529 2207 1760 2240 subdubitatum
1768 2208 1850 2242 esset,
1862 2217 1903 2239 an
1910 2207 2024 2248 decisio
2034 2206 2063 2238 S.
2075 2205 2220 2249 Congre-

1226 2251 1376 2290 gadonis,
1386 2260 1419 2281 ut
1429 2251 1688 2284 immemorabilis
1698 2250 1820 2285 excuset
1829 2249 1846 2282 a
1855 2250 2029 2285 refidentia‚
2041 2252 2220 2291 procederet

1227 2294 1261 2324 in
1271 2290 1449 2334 Collegiata
1460 2304 1523 2325 non
1535 2293 1649 2335 insigni
1659 2294 1753 2328 rurali
1770 2293 1893 2326 tantum
1905 2315 1915 2330 ,
1937 2304 1977 2326 an
1987 2292 2061 2325 vero
2078 2295 2173 2324 etiam
2183 2293 2220 2325 in

1227 2336 1438 2370 ui·bana,itaut
1448 2337 1500 2368 illa
1509 2337 1685 2372 verba,Aut
1691 2340 1725 2368 in
1733 2336 1914 2375 quibusmon
1921 2346 2094 2379 repeterent
2104 2338 2122 2368 d
2128 2335 2220 2370 idtio-

1228 2389 1319 2413 nem,
1344 2381 1471 2412 Rurales
1483 2402 1490 2410 .
1513 2378 1598 2412 Cum
1609 2390 1714 2412 autem
1730 2382 1858 2423 quidam
1868 2383 2007 2416 dicerent
2028 2379 2221 2421 Gregoriuin

1228 2422 1315 2469 Xili.
1327 2423 1361 2454 in
1378 2432 1439 2454 una
1451 2422 1590 2454 Patavin.
1601 2425 1637 2454 de
1655 2423 1898 2456 immemorabili
1921 2427 1954 2458 in
1966 2434 2030 2455 non
2047 2423 2221 2464 insignibus

1228 2465 1317 2495 aliter
1327 2464 1459 2500 sensisse,
1481 2467 1610 2498 relatum
1621 2467 1661 2498 est
1679 2469 1716 2498 ad
1729 2477 1799 2499 eum
1810 2470 1970 2501 decretum
1986 2465 2219 2508 Congregatio-

1229 2510 1278 2555 nis
1289 2520 1295 2538 :
1307 2508 1462 2539 Sanctitas
1471 2510 1532 2542 Sua
1542 2511 1700 2550 probavit,
1722 2513 1807 2552 quod
1819 2511 1917 2545 visum
1935 2510 1975 2542 est
1987 2509 2221 2552 CongregatiOs

1229 2561 1263 2582 ni
1273 2572 1283 2586 ,
1305 2560 1339 2582 ut
1349 2550 1464 2583 scilicet
1473 2554 1599 2593 quando
1609 2552 1748 2585 Ecclesiae
1758 2564 1821 2585 non
1832 2553 1900 2585 sunt
1910 2553 2045 2598 insignes
2056 2574 2065 2587 ,
2089 2552 2149 2588 sola
2158 2554 2220 2583 im-

1230 2595 1440 2645 memorabilis
1450 2595 1642 2629 consuetudo
1663 2606 1727 2628 non
1737 2596 1886 2629 residendi
1903 2594 2220 2631 excusetCanonicos

1229 2648 1246 2668 a
1255 2637 1433 2674 residentia;
1444 2637 1491 2669 sed
1502 2640 1534 2670 in
1545 2637 1783 2672 Cathedralibus
1792 2661 1801 2675 ‚
1811 2641 1844 2673 δε
1852 2638 2037 2682 Collegiatis
2045 2637 2218 2679 insignibus

1230 2681 1489 2712 immemorabilis
1506 2683 1591 2714 nullo
1603 2684 1697 2716 modo
1713 2683 1837 2716 excuset
1848 2705 1856 2714 .

1273 2723 1416 2763 Amplius
1426 2724 1545 2756 censuit
1555 2725 1584 2756 S.
1594 2724 1828 2769 Congregatio,
1837 2728 1870 2758 in
1879 2725 2064 2767 collegiatis
2074 2723 2219 2757 Ecclesiis

1230 2777 1486 2814 unumquemque
1496 2778 1532 2799 ex
1544 2768 1675 2800 titulatis
1685 2789 1695 2803 ,
1721 2769 1772 2800 seu
1779 2767 1955 2801 Canonicis
1966 2767 2065 2800 teneri
2077 2778 2128 2816 per
2139 2768 2218 2808 seip-

1230 2809 1467 2857 sumtinservire,
1477 2811 1533 2842 nisi
1544 2812 1653 2853 aliquae
1661 2821 1697 2843 ex
1707 2811 1777 2852 ipsis
1785 2810 1862 2844 adeo
1873 2813 1990 2843 modici
2000 2813 2138 2845 redditus
2148 2810 2219 2845 sint,

1230 2863 1264 2885 ut
1282 2854 1422 2885 titulares
1432 2854 1556 2886 aliunde
1574 2865 1638 2887 nou
1650 2855 1796 2886 habentes
1813 2859 1895 2887 unde
1905 2858 2014 2886 vivant
2023 2874 2032 2890 ‚
2054 2855 2134 2888 alere
2154 2863 2220 2885 non

1232 2896 1342 2937 poffint
1352 2917 1361 2931 ,
1371 2907 1406 2928 ac
1416 2897 1574 2938 propterea
1582 2897 1659 2930 adsit
1668 2899 1763 2931 etiam
1773 2898 1965 2931 consuetudo
1975 2907 2038 2929 non
2049 2897 2199 2929 refidendi
2209 2918 2217 2926 .

1275 2939 1376 2972 Polie-i
1391 2940 1421 2971 S.
1433 2939 1650 2982 Congregatio
1665 2943 1773 2972 eadem
1781 2942 1820 2972 de
1836 2951 1867 2972 re
1878 2940 1977 2974 rursus
1999 2941 2102 2973 habita
2124 2941 2223 2972 decla·
2246 2950 2284 2982 32

1231 2985 1311 3014 ravit
1321 2983 1373 3014 illa
1382 2984 1473 3014 verba
1481 2985 1596 3016 decreti
1605 2983 1621 3014 a
1631 2983 1659 3015 se
1669 2984 1764 3018 editi,
1789 2985 1952 3020 videlicet,
1972 2986 2005 3015 in
2015 2983 2128 3027 quibus
2139 2994 2219 3016 nun-

1231 3035 1324 3067 quam
1336 3026 1425 3070 antea
1441 3028 1527 3067 supra
1536 3027 1703 3065 hominum
1722 3029 1908 3060 memoriam
1925 3027 2049 3059 solitum
2057 3027 2126 3059 esset
2148 3027 2219 3058 resi-

1233 3070 1297 3101 deri
1308 3090 1317 3103 ‚
1328 3069 1529 3110 intelligenda
1537 3070 1593 3101 esse
1604 3091 1614 3106 ,
1629 3070 1649 3102 si
1660 3071 1676 3103 ὁ,
1686 3070 1771 3103 nullo
1781 3069 1903 3112 prorsus
1913 3070 2036 3104 solitum
2048 3069 2138 3102 suerit
2148 3070 2218 3104 resi-

1232 3113 1296 3144 deri
1307 3123 1316 3149 3
1326 3112 1411 3144 secus
1420 3112 1439 3144 si
1450 3114 1501 3144 alii
1510 3113 1687 3149 resederint,
1697 3114 1750 3145 alii
1761 3123 1824 3146 non
1836 3124 1844 3152 3
1855 3123 1929 3146 tunc
1940 3116 2026 3146 enim
2034 3113 2088 3156 qui
2099 3124 2163 3145 non
2172 3123 2220 3146 re-

1232 3156 1374 3187 sederunt
1382 3176 1392 3191 ,
1402 3158 1633 3198 compellendos
1643 3157 1701 3189 esse
1710 3177 1721 3192 ,
1732 3167 1766 3189 ut
1774 3157 1925 3190 resideant
1935 3179 1943 3188 .

1274 3198 1431 3230 Caeterum
1442 3199 1463 3230 si
1474 3199 1649 3232 Canonicis
1658 3210 1732 3232 cura
1743 3202 1918 3233 animarum
1931 3202 2123 3234 incumberet
2133 3220 2142 3235 ‚
2165 3200 2225 3231 im·
2247 3208 2262 3240 3
2269 3208 2285 3240 3

1233 3243 1446 3289 memorabilis
1474 3243 1663 3275 inserviendi
1693 3253 1744 3286 per
1775 3243 1969 3277 substitutum
2009 3254 2072 3275 non
2105 3244 2220 3277 valeret

1233 3288 1327 3316 etiam
1338 3296 1370 3316 in
1380 3284 1564 3327 Collegiatis
1575 3297 1638 3318 non
1654 3286 1826 3330 insignibus
1838 3309 1846 3317 .
1868 3285 1964 3318 Unde
1975 3289 2007 3321 in
2029 3286 2138 3319 Castro
2149 3285 2219 3320 Ari-

1233 3330 1288 3360 cia*
1299 3349 1308 3362 ,
1331 3330 1382 3360 ubi
1395 3329 1461 3360 sunt
1471 3340 1597 3361 centum
1613 3329 1737 3362 familiae
1748 3351 1757 3364 ,
1779 3331 1857 3362 adest
1876 3329 2063 3363 Parocliialis
2087 3327 2219 3363 Ecclesia

1234 3371 1353 3403 saneta:
1365 3372 1493 3407 Mariae,
1514 3383 1581 3414 quae
1592 3373 1638 3403 sex
1650 3374 1850 3407 beneficiatos
1863 3374 1973 3409 habet,
1994 3376 2048 3415 qui
2061 3371 2221 3406 Canonici

1234 3425 1407 3450 vocantur,
1426 3426 1532 3457 pares,
1553 3418 1585 3449 &
1597 3416 1716 3447 nullum
1725 3426 1816 3459 caput
1827 3417 1973 3450 babentes
1984 3438 1993 3452 ,
2017 3426 2071 3447 ncc
2083 3413 2220 3455 dignita-

1234 3468 1299 3490 tem
1309 3478 1318 3494 ‚
1331 3469 1387 3490 nec
1398 3459 1530 3500 sigillum
1539 3479 1548 3495 ‚
1558 3469 1614 3491 nec
1623 3469 1726 3493 aream
1735 3471 1937 3493 communem
1948 3481 1957 3497 ,
1975 3469 2032 3494 nec
2045 3459 2146 3490 locum
2157 3455 2219 3490 Ca-

2096 3510 2175 3546 pitu·
