2397 3664
85 277 144 310 234

83 1089 139 1123 235

690 49 809 108 .De
844 47 1137 108 Constitut·
1173 67 1221 109 c.
1255 22 1354 111 Ne
1389 51 1653 112 innitaris,

170 146 373 172 communem
379 156 391 173 ,
399 136 626 177 cap-Novimus
635 156 645 171 ,
662 136 706 167 ibi
716 138 762 167 ..Ε
764 145 779 167 t
786 134 970 174 quorundam
971 136 1018 179 stt
1025 138 1126 176 opinio
1135 134 1156 168 d

164 181 301 222 pluribus
309 179 523 221 approbata,dc
531 177 754 222 verb-fignific.
763 180 881 219 cap-Dc-
889 178 1009 217 judiciis
1018 200 1028 215 ,
1049 180 1110 211 ibi:
1123 179 1157 211 ln

166 234 224 264 quo
229 224 355 265 plurimi
363 222 562 257 concordant,
573 231 598 263 3·
608 219 732 261 quest-3·
742 229 806 261 cap.
817 223 855 252 In
863 225 1025 258 canonicis,
1035 232 1049 255 1
1054 219 1155 264 adast.

160 267 203 301 ά·
211 267 234 299 l.
247 276 274 299 1.
282 271 318 298 de
327 265 375 310 off.
385 264 477 309 quast.
489 265 570 297 Bald.
581 263 738 305 postJoan.
749 265 846 295 Andr.
854 262 904 296 hic
912 276 942 297 n.
953 268 982 297 8.
992 267 1045 298 ubi
1055 265 1157 297 reddit

168 313 337 349 rationem,
345 313 420 352 quia
427 308 606 341 communis
613 308 725 347 opinio
734 307 826 339 habet
834 309 900 339 vim
908 307 1155 343 consuetudinis,

166 351 294 385 Gemin.
304 352 380 395 cons]
389 355 441 393 48.
451 353 514 382 Pro
523 351 751 381 examinatione
758 361 788 381 n.
800 357 827 389 5.
835 350 915 390 ὀι-νβ
925 353 1004 383 Item
1012 354 1081 390 quia
1089 362 1156 383 ma—

166 395 214 436 jor
223 406 363 429 numerus
371 394 536 428 Dostoram
544 412 554 427 ,
564 391 642 424 Dec.
652 392 716 434 post
724 393 802 425 alios
812 394 846 424 in
854 393 884 425 d.
893 402 990 434 capa.
998 405 1050 433 n.9
1056 404 1081 435 3.
1086 394 1154 435 sup.

167 438 394 479 eod„Al10quin
403 436 479 469 facit
489 436 577 468 litem
586 435 696 479 suam,
712 435 882 468 secundum
904 438 1014 479 Angel.
1025 439 1110 471 Aret.
1120 439 1154 469 in

167 481 246 523 confi
254 492 284 520 9.
293 479 528 519 V'idetur‘primb
537 500 547 515 ,
557 489 636 510 num.
652 488 698 511 ιο.
708 479 789 520 perſs
798 480 844 511 Et
851 480 968 512 clarum
975 479 1017 521 est
1026 483 1062 512 in>
1070 479 1134 519 jure
1143 500 1154 515 ,

167 525 300 558 Decian.
309 522 386 563 conſs
393 532 405 554 i
415 532 427 554 1
436 531 461 554 1.
471 533 500 554 n.
507 531 554 560 17.
565 519 617 554 lib.
629 530 658 559 7.
669 521 764 553 Felin.
775 523 810 553 in
819 521 849 553 d.
860 530 922 562 cap.
931 528 964 554 ·r.
974 534 1003 553 n.
1014 532 1063 563 54.
1074 523 1153 565 verſs

166 569 199 600 E
200 577 214 600 t
221 564 271 599 ubi
286 568 366 599 Da
373 566 549 608 discrepant
557 585 571 600 ,
589 566 623 597 &
631 565 746 596 dicitur
754 574 806 606 per
821 564 1015 606 imperitiam
1036 567 1155 606 judica-

165 620 216 645 te,
228 609 311 641 Bald-
322 611 355 641 in
363 609 419 648 leg.
430 609 596 648 Propterea
603 615 658 647 per·
666 607 758 639 illum
765 616 888 639 textum
897 628 906 643 ,
908 606 948 650 ff
958 607 995 639 de
1004 611 1110 640 Seme.
1121 611 1154 641 δε

165 654 295 687 Alexan.
303 652 380 692 cons.
391 660 439 691 95.
450 652 532 695 Visis
543 649 715 692 proceffibus
724 671 735 686 ,
756 661 838 683 num.
848 655 878 682 6.
887 650 940 683 tib.
951 662 979 682 2.
990 651 1110 685 Rursus
1121 654 1154 684 in

164 697 268 727 dubiis
285 696 507 737 praeferendum
516 715 526 730 ,
546 696 630 736 quod
652 695 817 735 benignius
826 693 867 725 est
876 714 887 728 ,
907 696 992 736 quod
1002 695 1154 727 verisimi-

164 739 245 775 lius,
265 740 350 779 quod
362 739 540 780 plerumque
548 739 615 772 fieri
626 736 717 771 solet,
737 736 760 768 l.
768 739 893 777 Semper
902 739 938 769 in
947 735 1064 773 dubiis,
1085 738 1107 769 l.
1118 740 1154 769 ln

163 779 310 822 obscuris,
334 781 400 813 &L
410 782 538 825 Qoties
553 779 635 812 idem
643 800 654 815 ,
667 776 707 822 ff.
715 778 751 811 de
765 790 828 819 reg.
837 780 895 818 jur.
906 781 940 814 δε
956 781 1154 822 quamplures

164 826 231 856 aliae
262 825 310 856 bis
340 825 516 856 consimiles
533 845 545 860 ,
571 833 640 865 quae
667 823 893 863 compendiose
920 823 1117 857 recensentur
1137 824 1154 856 a

164 867 283 899 Mattb.
300 867 469 899 Martliesil.
480 869 514 898 in
531 865 561 899 d.
571 866 663 908 opusc.
679 867 832 900 aemonis
852 868 985 899 verioris
1004 869 1155 909 opinionis

165 912 249 943 inter
258 911 409 942 trallatus
415 921 584 942 communes
591 932 599 940 .
805 921 810 926 ·

208 953 268 985 Sed
293 952 468 996 hujusmodi
490 954 601 994 regula:
621 952 763 985 funditus
783 961 1012 987 everterentur,
1033 954 1067 985 &
1091 952 1154 985 sru-

163 995 221 1028 stra
231 997 420 1038 legislatores
438 998 473 1027 in
482 998 521 1028 iis
531 995 758 1037 praescribendis
772 995 934 1037 tantopere
951 997 1133 1028 laborassent
1143 1017 1153 1031 ,

165 1039 188 1072 si
210 1050 267 1082 pro
275 1038 419 1080 cujusque
437 1040 588 1071 arbitratu
603 1039 709 1070 liceret
728 1039 813 1080 sequi
833 1049 1064 1080 quamcumque
1085 1042 1153 1078 opi-

162 1084 292 1115 nionem
301 1082 492 1123 probabilem
502 1104 510 1112 .
533 1082 572 1113 Et
581 1092 686 1114 tamen
696 1102 707 1117 ‚
728 1091 762 1114 ut
772 1081 952 1114 Ambrosius
967 1084 1012 1113 ait
1024 1084 1058 1113 in
1065 1083 1153 1124 aju-

163 1125 245 1158 dicet
253 1145 263 1159 ,
286 1134 313 1166 3.
321 1124 414 1165 quaest.
426 1134 454 1162 7.
466 1128 565 1158 Bonus
576 1125 687 1168 Judex
696 1123 774 1156 nihil
783 1136 823 1156 ex
832 1122 964 1156 arbitrio
978 1125 1034 1166 suo
1046 1122 1132 1167 facit
1143 1146 1153 1160 ,

165 1166 372 1209 &domestica
389 1169 540 1212 propostto
548 1169 721 1200 voluntatis
732 1179 745 1203 ,⁵
757 1167 815 1209 fid
829 1167 921 1206 juxta
938 1169 1018 1207 leges
1040 1167 1152 1205 &jum
1173 1184 1175 1186 ·

162 1213 358 1251 pronunciat.
381 1211 482 1254 Quod
499 1211 577 1244 adeb
586 1221 697 1243 verum
713 1211 771 1246 est,
794 1220 827 1242 ut
845 1210 961 1243 Matth.
981 1210 1151 1243 Matthesil.

163 1251 313 1295 ubifhprd
322 1265 401 1286 num.
417 1255 551 1287 10.fires
569 1254 692 1296 prorsus
705 1255 853 1295 ambigua
864 1253 917 1289 sit,
937 1254 1079 1288 censeat,
1100 1264 1152 1286 aut

164 1296 341 1338 Principem
361 1298 418 1329 effe
440 1298 685 1332 consulendum,
706 1307 760 1330 aut
777 1297 914 1329 omnino
935 1297 1152 1329 abstinendum

164 1339 362 1372 aconsili0&
381 1342 498 1380 judicio
515 1354 521 1372 :
544 1341 600 1373 Sed
612 1340 796 1375 siomnino,
817 1342 940 1381 inquit,
963 1339 1153 1382 sintpenitus

164 1385 250 1424 paria
259 1404 269 1418 ,
290 1386 374 1425 quod
386 1384 455 1415 raro
465 1384 579 1416 accidit
589 1404 599 1418 ,
609 1385 751 1415 dimittas
759 1383 917 1415 consulere
927 1394 1000 1415 cum
1013 1383 1110 1424 sigillo
1120 1385 1152 1414 in

164 1427 219 1458 tali
228 1427 347 1462 dubio,
368 1428 401 1459 &
419 1427 488 1459 fifis
503 1428 618 1468 Judex,
639 1437 785 1460 neutram
805 1427 990 1467 opinionem
1001 1427 1151 1467 sequaris.

81 1481 95 1490 ⁴
105 1479 115 1489 ³
161 1470 247 1501 Idem
256 1469 346 1501 iensit
354 1470 449 1512 glossa
456 1473 489 1502 in
499 1478 563 1510 cap.
572 1472 660 1502 Licet
669 1470 787 1511 causina
797 1472 850 1504 ,in
858 1469 983 1503 ver-Uti
992 1468 1154 1511 poffidetis,

162 1513 200 1545 de
215 1510 333 1553 probat.
345 1513 427 1545 Etin
442 1514 491 1546 his
500 1513 638 1548 cafibus,
660 1513 732 1546 cum
743 1513 873 1548 veritas,
897 1514 1050 1554 &opinio
1071 1514 1154 1545 invi-

162 1565 235 1588 cem
251 1555 279 1588 se
288 1556 507 1593 confundunt,
530 1556 609 1598 poffe
628 1557 763 1597 judicem
786 1557 924 1588 dividere
944 1556 1153 1588 differentiam

163 1608 288 1641 propter
307 1599 493 1632 conflictum
509 1610 785 1642 argumentorum,
807 1600 942 1631 declarat
961 1600 1097 1640 Julianus
1119 1602 1153 1630 in

163 1642 268 1681 leg-Si
279 1644 394 1677 Pater,
406 1641 604 1685 ffidehaered.
618 1641 749 1684 institut.
761 1644 811 1674 ubi
835 1643 1062 1674 Bald.1mol.&
1080 1642 1153 1676 alii,

161 1688 428 1726 quemadmodum
455 1686 603 1719 Tiberius
622 1687 792 1727 Imperator
813 1685 913 1718 fecilse
935 1686 1050 1717 dicitur
1073 1688 1106 1716 in
1129 1686 1150 1716 l.

162 1730 210 1760 Et
219 1728 271 1760 hoc
288 1727 451 1764 Tiberius,
464 1727 503 1772 ff·
523 1728 630 1762 eod.&
649 1731 701 1762 ubi
714 1730 910 1770 probationes
930 1730 1084 1760 hincinde
1109 1727 1152 1760 fa-

162 1771 220 1804 &ae
241 1771 269 1803 se
289 1771 453 1804 obscurant
467 1793 479 1808 ,
498 1774 532 1806 δι
553 1772 752 1805 confundunt
769 1794 778 1807 ,
801 1773 927 1813 transigi
949 1774 1057 1804 debere
1081 1772 1149 1803 scri>

163 1814 218 1857 plit
230 1815 341 1847 Baldus
350 1816 427 1855 confi
441 1825 506 1857 352.
517 1819 550 1848 in
562 1815 683 1856 fin-lib.
694 1829 723 1856 4.
737 1816 795 1848 late
808 1817 933 1849 Boetius
943 1816 1031 1856 decisss
1043 1827 1091 1855 42·
1103 1827 1150 1846 nu.

159 1867 208 1898 39.
231 1857 397 1900 Qiinimo
423 1870 522 1900 partes
544 1861 600 1892 effe
629 1862 818 1892 reducendas
850 1860 983 1891 absolute
1007 1861 1045 1890 ad
1076 1869 1151 1890 con-

161 1903 323 1937 cordiam,
344 1903 377 1934 &
399 1903 605 1938 divisionem,
627 1903 700 1936 ct‘im
719 1906 875 1945 utrimque
897 1905 963 1934 sunt
985 1905 1150 1943 opiniones

162 1944 353 1985 probabiles,
374 1947 534 1978 simateria
544 1947 580 1978 sit
603 1948 782 1982 divisibilis,
805 1958 840 1978 ex
864 1947 989 1979 factoin
1008 1946 1152 1978 terminis

161 1986 274 2018 nostris
291 1987 512 2029 responderunt
531 1990 648 2022 Anton.
657 1993 694 2022 de
707 1991 829 2022 Bure&
853 1989 958 2022 Petrus
969 1992 1006 2020 de
1016 1990 1151 2020 Ant-liar.

159 2029 239 2070 cons.
252 2033 410 2063 210.imer
418 2033 494 2073 cons.
504 2032 643 2065 Anchar.
654 2037 794 2073 incipien.
806 2035 891 2064 Inter
908 2035 1080 2066 contraria,
1099 2041 1153 2072 per

161 2082 256 2105 totum
267 2095 274 2103 .
298 2074 442 2115 Sequitur
451 2075 544 2106 Felin.
557 2079 589 2107 in
597 2085 662 2116 cap.
677 2087 699 2107 i.
712 2087 791 2108 rium.
805 2086 850 2115 55.
865 2076 941 2118 verf
950 2075 1085 2108 Ser-undo
1101 2087 1149 2105 no-

160 2125 214 2151 ta,
227 2117 294 2157 βφ-
305 2118 367 2148 ead.
377 2119 409 2150 ὅ(
429 2118 516 2149 Boer.
525 2118 616 2160 decis.
631 2128 695 2157 155.
707 2130 786 2150 num.
801 2131 846 2159 24.
860 2119 937 2160 vers
946 2118 1016 2150 Ideo
1026 2122 1059 2149 in
1081 2130 1151 2149 tan-

160 2168 191 2191 to
201 2157 377 2198 discrimine
385 2162 554 2198 opinionum
563 2181 573 2194 ,
595 2162 657 2201 post
669 2162 750 2192 Bald.
759 2172 851 2199 quern
862 2162 939 2193 citat
950 2164 981 2193 in
992 2162 1067 2202 cons.
1083 2166 1149 2201 ¹⁶4-

159 2202 305 2246 anaedam
316 2212 435 2233 nomme
443 2201 615 2234 Catharina
625 2224 634 2237 ,
657 2214 728 2234 ante
741 2203 828 2235 *inem
840 2207 960 2235 evurtii
972 2226 980 2237 ,
999 2202 1051 2236 lib.
1064 2214 1089 2244 3.
1102 2207 1150 2237 ld-

157 2254 219 2286 que
239 2248 383 2285 exemplo
406 2246 599 2280 Salomonis,
620 2247 675 2286 qui
698 2250 827 2281 uulnus,
849 2258 936 2282 cums
953 2248 1024 2278 elset
1047 2248 1149 2282 filius,

158 2291 401 2329 quipetebatur,
423 2291 502 2320 dixit
524 2300 532 2320 ε
553 2290 838 2330 D.ctedim1d;..-=mp
852 2300 1018 2325 artemam,
1040 2290 1077 2323 ω’·
1098 2290 1145 2321 di<

157 2331 288 2363 midiam
300 2331 407 2365 alteri,
431 2332 507 2363 urin
523 2341 585 2372 cap.
599 2330 741 2375 Afferte,
760 2333 795 2365 de
815 2343 977 2374 prqsnmpt.
989 2334 1150 2376 §Qainvis

157 2376 265 2408 enim,
286 2383 320 2405 ut
341 2376 507 2406 advertunt
519 2375 646 2408 Burn&
672 2377 878 2408 Anchantoco
893 2389 932 2408 cit
947 2388 1007 2410 lto,
1029 2389 1107 2408 num.
1122 2387 1148 2413 η.

158 2416 309 2448 Salomon
326 2417 464 2457 respectu
482 2419 642 2450 divisionis
662 2423 746 2460 pueri
765 2421 821 2451 hoc
845 2423 996 2452 tentando
1016 2421 1149 2454 dixerit,

160 2468 267 2491 tamen
289 2460 426 2500 respectu
449 2461 569 2501 justitiae
590 2462 748 2495 sententiae
771 2462 828 2495 [υτ
851 2465 908 2495 hoc
932 2463 1020 2495 ieniit
1034 2485 1043 2497 ,
1063 2464 1147 2504 qubd

158 2504 213 2535 ubi
234 2503 329 2534 dubia
346 2507 413 2534 lunt
436 2503 501 2543 jura
518 2509 654 2546 partium
676 2516 798 2547 propter
818 2506 1002 2538 conflistum
1023 2508 1146 2547 opinio—

158 2555 236 2577 num
247 2566 257 2580 ,
278 2556 329 2586 pei·
345 2547 484 2577 medium
495 2549 633 2580 dividere
650 2551 828 2590 aequitatem
839 2551 945 2581 habet.
970 2550 1011 2581 Ex
1034 2553 1148 2591 quibus

157 2589 297 2623 constat,
317 2598 413 2629 quam
431 2589 514 2621 varie
535 2591 699 2631 loquantur
722 2595 865 2624 moderni
887 2593 1044 2633 Tlieologi
1062 2605 1077 2624 a
1096 2594 1145 2634 Ju-

158 2632 239 2663 ristis
260 2642 267 2661 :
289 2632 335 2663 illi
357 2634 442 2663 enim
462 2633 588 2664 censent
607 2635 684 2674 posse
702 2635 839 2676 judicem
856 2635 1035 2668 indistincte
1052 2637 1145 2677 elige-

159 2684 192 2706 re
205 2685 436 2716 quamcumque
457 2675 659 2716 opinionem,
681 2678 777 2710 modo
796 2678 832 2710 sit
855 2680 1020 2719 probabilis
1037 2690 1045 2716 ·,
1065 2679 1143 2720 quin

157 2719 257 2749 eriam
277 2718 514 2757 bodiejudicare
535 2718 702 2751 secundum
712 2730 824 2755 unam,
845 2723 878 2754 &
901 2732 968 2754 cras
977 2722 1146 2754 secundum

160 2762 275 2796 aliam,
295 2771 329 2793 ut
350 2761 470 2793 dietum
490 2761 531 2793 est
542 2762 605 2802 sup.
623 2772 701 2793 num.
714 2771 761 2802 31·
785 2764 817 2794 bi
841 2765 916 2796 vcro
935 2766 1044 2796 contra
1065 2765 1145 2797 affir—

158 2814 265 2838 mant,
287 2804 361 2836 cum
382 2807 490 2836 onmia
506 2808 663 2845 utrimque
685 2804 754 2837 sunt
770 2808 872 2846 paria,
894 2817 1038 2840 neutram
1061 2808 1145 2849 sequi

159 2848 270 2882 licere,
291 2846 340 2879 sed
351 2848 455 2889 potius
471 2849 528 2879 effe
537 2848 760 2880 consulendum
777 2847 974 2890 Principem,
995 2861 1048 2882 aut
1068 2862 1144 2883 con-

157 2890 339 2922 troversiam
366 2890 574 2923 transactione
609 2890 818 2924 dirimendam
839 2914 847 2921 .
875 2891 987 2933 Neque
1015 2894 1112 2926 obstat
1133 2915 1144 2929 ,

157 2932 242 2973 quod
264 2935 546 2975 inquamplurimis
568 2936 686 2968 casibus
695 2935 761 2975 jura
782 2936 950 2966 decernant
960 2935 1018 2967 effe
1040 2937 1144 2968 locum

158 2974 271 3015 judicis
279 2978 427 3012 arbitrio,
447 2985 510 3017 cap.
519 2978 671 3020 Decaufis
680 2997 691 3012 ,
713 2980 740 3014 §.
754 2987 779 3010 1.
789 2977 826 3010 de
837 2977 884 3020 off.
895 2977 990 3017 deleg.
999 2978 1094 3021 l.1.ffi
1106 2978 1144 3010 de

73 3021 133 3059 238
154 3017 213 3056 jur.
222 3017 345 3052 deliber.
364 3030 437 3052 cum
449 3021 555 3052 multis
572 3020 720 3052 similibus
741 3033 749 3053 ε
770 3022 923 3062 quoniam
939 3021 992 3053 etsi
1003 3023 1037 3053 in
1057 3023 1142 3054 abso-

159 3062 227 3092 luto
244 3065 276 3094 &
300 3063 397 3095 libero
412 3064 543 3095 arbitrio
550 3064 666 3095 nullam
676 3065 814 3104 regulam
824 3084 835 3099 ,
856 3065 972 3096 nullam
982 3075 1141 3100 normam,

158 3104 276 3136 nullam
284 3106 384 3147 legem
393 3126 403 3141 ,
413 3106 518 3138 saltem
527 3107 689 3147 positivam
698 3127 709 3141 ,
724 3107 882 3138 observare
892 3107 1012 3139 necesse
1022 3107 1057 3138 sit
1067 3128 1076 3141 ,
1099 3108 1141 3139 se-

157 3148 297 3180 cundum
316 3149 429 3181 Bartol.
441 3151 473 3181 in
495 3151 676 3189 Extravag.
686 3149 743 3181 Ad
760 3152 921 3188 reprimen.
930 3152 964 3181 in
972 3160 1037 3181 ver.
1048 3149 1141 3182 Vide-

154 3188 226 3225 bis,
240 3201 318 3222 num.
330 3194 398 3224 ταδί
408 3192 486 3224 Dec.
496 3192 529 3224 in
550 3193 572 3224 l.
585 3202 611 3225 1.
622 3204 703 3224 num.
717 3190 804 3235 14.ffi
813 3192 850 3224 de
870 3191 978 3234 jurisd.
988 3203 1064 3226 omn.
1075 3193 1138 3231 jud.

154 3235 200 3266 ita
222 3242 257 3264 ut
270 3253 280 3267 ,
301 3236 355 3274 qui
374 3236 497 3275 plenum
518 3235 609 3268 habet
628 3237 808 3270 arbitrium,
830 3235 1007 3276 potestatem
1030 3236 1138 3268 habeat

154 3276 335 3318 praeferendi
355 3278 499 3318 ‘iniquum
519 3289 627 3320 aequo,
647 3280 732 3320 juxta
747 3280 804 3318 leg.
823 3276 1086 3320 fideicommissa,
1110 3282 1136 3317 §-

151 3320 365 3365 Qamquam,
387 3318 424 3351 de
439 3322 578 3362 leg-3.ac
600 3324 729 3363 proinde
738 3332 803 3354 non
824 3322 933 3354 babeat
943 3321 994 3353 hic
1017 3321 1137 3354 necesse

153 3362 237 3403 sequi
257 3363 350 3403 juris,
372 3364 506 3395 rationis
518 3366 717 3406 &aequitatis
731 3375 886 3399 canones,
909 3374 942 3396 ut
960 3367 1062 3405 inquit
1080 3365 1134 3405 Jas.

152 3407 185 3436 in
194 3406 307 3448 l-Sific
314 3406 448 3445 legatum
457 3425 467 3439 ,
476 3417 557 3437 num.
569 3419 616 3438 22.
627 3408 665 3440 Θ·
676 3413 723 3440 26.
734 3409 769 3440 de
779 3409 835 3447 leg.
849 3418 874 3439 1.
883 3408 964 3439 aliud
976 3417 1080 3439 tamen
1088 3410 1134 3439 di-

1201 135 1250 168 sed
1259 139 1432 178 regularum
1441 142 1549 170 dicitu.
1565 160 1574 173 ‚
1588 135 1619 170 tit
1629 147 1680 178 per
1686 135 1740 179 Jas.
1751 137 1787 170 δε
1795 137 1873 171 alios
1881 75 2084 179 supracitatci
2091 76 2185 171 ,ςυη-

1200 181 1239 211 de
1249 179 1358 212 Baldus
1369 183 1402 212 in
1412 189 1474 221 cap.
1488 191 1512 213 i.
1524 181 1682 225 §.Judi'ces
1690 201 1700 215 ,
1709 191 1790 213 num.
1802 190 1828 220 5.
1839 184 1876 212 de
1882 189 1956 221 pace
1963 181 2185 223 juramfirma.

1199 223 1346 264 scriptum
1355 223 1480 265 reliquit
1489 245 1499 259 ,
1508 224 1643 271 judicem
1654 225 1735 273 brine
1745 225 1888 257 arbitrari
1895 226 2004 256 debere
2015 225 2185 258 secundum

1200 275 1340 298 mentem
1353 267 1448 308 legis,
1469 267 1562 308 juris,
1583 278 1618 299 ac
1640 269 1790 303 rationis,
1810 278 1847 300 ac
1869 266 1996 299 demum
2019 267 2187 300 secundum

1198 310 1394 350 aequitatem.
1417 309 1496 342 Non
1509 320 1585 351 ergo
1594 310 1747 352 sequitur3
1764 311 1858 353 Judex
1880 313 1913 342 in
1923 311 2062 342 articulis
2083 312 2100 343 a
2122 312 2186 352 lege
2213 322 2244 334 ³⁸

1198 362 1264 383 non
1286 351 1429 390 diffinitis
1451 352 1542 384 habet
1570 354 1736 386 arbitrium
1757 365 1765 385 :
1787 365 1862 396 ergo
1883 354 1978 395 potest
1999 356 2037 391 ad
2060 354 2184 386 libitum

1199 394 1282 436 sequi
1290 395 1372 428 hanc·
1379 416 1390 430 ,
1408 396 1455 427 vel
1467 396 1553 428 illam
1561 393 1764 437 o'pinionem3
1778 399 1896 430 etenim
1905 398 2029 429 arbitrii·
2037 398 2164 429 verbum
2174 418 2184 432 ‚

1198 439 1259 471 viri
1267 438 1342 470 boni
1349 439 1511 470 arbitrium
1521 459 1532 472 ,
1541 441 1575 471 ὅ(
1585 440 1601 470 a
1613 439 1676 478 iure
1686 441 1859 481 regularum
1868 439 2023 481 significat
2033 461 2043 476 ,
2053 441 2138 473 Aret.
2150 443 2184 472 in

1196 480 1419 519 leg-Videamus
1427 501 1438 517 ,
1449 484 1474 519 §.
1483 481 1633 525 Deferre,
1642 492 1753 520 num.7.
1755 481 1794 525 ff
1804 483 1840 515 de
1849 486 1883 515 in
1892 484 1979 516 litem
1989 483 2046 522 jur.
2054 483 2108 525 Jas.
2120 484 2184 525 post

1196 524 1312 555 multos
1321 525 1356 555 in
1364 523 1509 599 tid-Salar
1517 526 1649 563 legatum
1658 546 1668 559 ,
1678 536 1726 556 nu.
1733 535 1779 557 10.
1790 525 1827 557 de
1836 527 1891 565 leg.
1905 537 1928 558 i.
1941 527 1961 558 F
1963 528 2035 559 elin.
2045 527 2080 559 in
2087 535 2150 567 cap.
2158 536 2182 558 1.

1195 566 1251 598 col.
1259 574 1289 604 7.
1309 568 1392 598 circa
1411 577 1457 598 me
1481 589 1488 598 .
1496 567 1562 608 sup.
1571 567 1634 598 eod.
1654 568 1829 609 semperque
1853 571 1968 601 bonum
1976 591 1986 604 ,
2007 572 2041 602 &
2063 580 2186 611 aequum

1196 610 1351 651 significat
1359 630 1369 644 ,
1379 609 1547 642 secundum
1559 611 1642 642 Bald.
1654 612 1686 641 in
1695 610 1841 653 c.zp.Nisi
1849 611 1917 644 cam
1921 611 2042 652 pridem
2051 634 2061 648 ,
2071 614 2184 646 col-ult.

1196 650 1233 683 de
1249 663 1368 685 renunc.
1378 653 1418 685 Et
1438 653 1697 695 quotiescumque
1708 656 1920 686 committitur
1942 666 1993 696 per
2013 655 2163 688 clausulas
2173 676 2184 691 ‚

1196 694 1367 728 Prudentiae
1374 705 1427 728 tuae
1435 695 1575 740 ,judicio
1583 705 1634 728 tuo
1643 696 1854 737 ,Discretiom'
1863 706 1916 738 tim
1925 719 1934 732 ,
1943 701 2028 739 quod
2040 699 2183 741 frequen-

1196 738 1343 771 tissimum
1352 740 1393 772 est
1402 742 1482 781 apud
1493 739 1592 772 sacros
1603 739 1752 772 Canones
1761 761 1771 775 ‚
1794 741 1868 772 boni
1878 743 1938 772 viri
1955 743 2119 774 arbitrium
2135 744 2183 773 in-

1196 782 1345 823 telligitut
1353 783 1409 815 effe
1430 784 1579 815 collatum
1590 804 1599 817 ,
1622 793 1656 815 ut
1675 785 1813 824 ‘pluribus
1832 784 1980 824 exemplis
2001 786 2182 826 comprobat

1196 825 1347 857 Menoch.
1358 824 1396 858 de
1404 825 1514 859 arbitr.
1523 825 1612 864 judic.
1623 824 1674 858 lib.
1683 837 1708 858 1.
1718 825 1841 867 quaestss.
1847 834 1904 866 per
1910 836 2007 858 totam
2018 849 2025 857 .
2036 828 2074 859 Et
2084 830 2116 859 in
2127 830 2182 859 du—

1196 869 1249 900 bio
1258 869 1374 901 censeri
1384 870 1557 902 concess‘um
1566 871 1729 901 arbitrium
1736 872 1752 900 ἐι
1761 870 1827 911 jure
1836 872 2011 910 regularum
2021 891 2031 904 ,
2053 881 2117 902 non
2127 881 2166 902 au
2173 889 2182 892 -

1196 920 1261 943 rem
1273 913 1402 946 liberum
1411 934 1421 947 ,
1432 913 1481 944 seu
1492 913 1618 953 plenum
1627 933 1637 947 ,
1646 913 1784 946 crebrior
1795 913 1946 945 sententia
1957 914 1996 945 est
2006 934 2016 948 ,
2034 923 2066 945 ut
2077 915 2182 945 multis

1194 955 1299 986 relatis
1309 955 1434 988 testatur
1442 958 1526 988 idem
1537 956 1686 988 Menoch.
1697 954 1821 996 questo
1833 967 1912 988 num.
1922 966 1945 988 i.
1958 956 1997 988 Et
2006 957 2164 997 propterea
2173 977 2183 991 ,

1194 996 1270 1028 cum
1279 997 1294 1028 ii
1303 998 1468 1039 Signatum
1476 1001 1687 1031 committitur
1696 999 1771 1031 caus
1768 1011 1785 1031 a
1794 1010 1867 1031 cum
1878 999 2021 1034 clausula,
2036 998 2182 1031 Arbitrio

1197 1042 1275 1072 Rotae
1283 1061 1293 1074 ,
1315 1040 1450 1073 servatur
1461 1063 1471 1077 ,
1489 1052 1522 1074 ut
1532 1044 1694 1075 arbitrium
1704 1042 1879 1084 hujusmodi
1890 1043 2000 1075 debeat
2009 1043 2065 1075 effe
2076 1043 2135 1083 juri
2150 1046 2183 1074 &

1195 1083 1312 1124 legibus
1322 1084 1497 1116 consonum
1507 1106 1516 1119 ,
1538 1095 1571 1116 ur
1581 1087 1615 1116 in
1622 1088 1764 1117 terminis
1783 1086 1872 1127 hujus
1883 1085 2022 1117 clausulae
2033 1085 2092 1117 fuit
2102 1086 2182 1118 reso-

1195 1126 1296 1157 lutum
1318 1127 1353 1157 in
1361 1128 1451 1159 causa
1472 1127 1657 1167 Hispalensis
1668 1128 1822 1167 penfionis
1845 1139 1950 1160 coram
1958 1131 1996 1161 d'e
2016 1128 2130 1160 Grasiis
2150 1140 2180 1170 4.

1195 1167 1389 1201 Novembris
1402 1179 1414 1200 i
1421 1178 1487 1209 575.
1499 1172 1532 1202 in
1541 1167 1762 1210 impreffideciss
1769 1180 1838 1203 100.
1845 1171 1928 1203 alias
1938 1181 1966 1208 7.
1975 1170 2138 1213 desem-&⁴
2146 1183 2181 1204 re

1194 1210 1286 1250 iudic-
1295 1214 1329 1244 &
1338 1222 1446 1244 coram
1455 1212 1549 1245 Card.
1560 1212 1719 1254 Seraphin.
1730 1213 1819 1255 decess
1833 1223 1920 1251 1017.
1930 1226 1959 1245 n.
1975 1225 2001 1246 1.
2010 1215 2076 1247 Stat
2087 1217 2184 1257 igitur

1196 1265 1251 1295 pro
1269 1255 1326 1286 hac
1339 1255 1490 1288 sententia
1500 1258 1635 1295 primum
1644 1276 1655 1291 ,
1675 1259 1708 1289 &
1730 1258 1899 1298 principale
1920 1257 2161 1290 fundamentum
2170 1278 2181 1294 ,

1195 1298 1342 1330 videlicet
1353 1311 1359 1329 :
1369 1298 1439 1340 Qii
1452 1300 1565 1338 judicat
1576 1302 1651 1332 duas
1660 1301 1826 1340 opiniones
1836 1300 1891 1331 effe
1906 1302 2062 1341 aequalirer
2073 1303 2182 1342 proba.-

1195 1341 1269 1373 biles
1279 1362 1289 1375 ,
1301 1342 1348 1372 vel
1357 1342 1455 1383 quasi,
1465 1353 1528 1373 non
1538 1352 1641 1374 certus
1650 1345 1819 1377 moraliter,
1831 1342 1878 1374 sed
1889 1344 2000 1375 dubius
2009 1344 2060 1378 est,
2070 1354 2103 1377 ut
2111 1356 2182 1386 pro-

1195 1386 1300 1415 batum
1311 1385 1351 1415 est
1362 1388 1394 1415 in
1404 1396 1502 1425 prima
1512 1385 1710 1419 conclusione
1719 1386 1736 1418 a
1746 1398 1775 1417 n.
1783 1396 1794 1417 i
1803 1395 1848 1424 25.
1860 1386 1944 1427 usque
1953 1385 1994 1418 ad
2005 1387 2182 1430 71.17i.‹Q11

1195 1437 1302 1459 autem
1313 1429 1425 1460 dubius
1434 1429 1474 1459 est
1483 1449 1494 1462 ,
1510 1437 1631 1461 tenetur
1641 1439 1678 1460 ex
1689 1439 1839 1470 praecepto
1849 1429 1930 1470 sequi
1939 1431 2123 1470 opinionem
2133 1441 2182 1462 ru-

1195 1473 1309 1502 tiorem
1319 1491 1329 1505 ,
1339 1481 1373 1502 ut
1383 1470 1535 1502 ostensum
1544 1471 1585 1503 est
1595 1473 1628 1502 in
1639 1472 1769 1505 secunda
1779 1473 2001 1504 conclusionessi
2013 1485 2041 1504 n.
2057 1482 2124 1510 171.
2135 1473 2182 1514 us-

1195 1523 1248 1551 que
1257 1514 1297 1544 ad
1307 1525 1335 1544 n.
1346 1525 1361 1544 2
1371 1524 1416 1549 29.
1427 1513 1527 1556 Quod
1538 1514 1556 1545 fi
1570 1525 1634 1546 non
1643 1525 1786 1557 appareat
1795 1537 1805 1550 ,
1815 1526 1882 1556 qux:
1891 1518 1990 1548 tutior
2000 1516 2053 1550 sit,
2071 1518 2103 1547 in
2113 1518 2180 1557 opi-

1195 1559 1291 1588 nione
1307 1558 1471 1598 deligenda
1481 1567 1604 1589 tenetur
1614 1557 1732 1590 servare
1747 1560 1867 1600 regulas
1876 1559 1892 1590 a
1901 1560 1965 1599 jure
1976 1560 2162 1601 praescriptas
2170 1581 2181 1596 ‚

1196 1610 1229 1631 ut
1240 1600 1357 1631 constat
1367 1610 1404 1631 ex
1413 1600 1506 1632 distis
1518 1603 1549 1631 in
1559 1603 1651 1633 tertia
1666 1602 1865 1634 conclusione
1875 1601 1891 1633 a
1900 1614 1928 1634 n.
1941 1614 2010 1640 229.

1237 1642 1382 1674 Secundo
1392 1644 1603 1684 principaliter
1614 1655 1669 1685 pro
1680 1645 1736 1677 hac
1747 1645 1899 1677 sententia
1916 1648 2131 1687 ponderandus
2142 1647 2181 1679 est
2205 1657 2216 1669 ³

1194 1695 1296 1717 textus
1305 1690 1336 1717 in
1348 1698 1370 1718 c.
1383 1689 1573 1729 Inquisitiom
1584 1708 1592 1721 ,
1615 1687 1736 1729 deserit.
1747 1699 1890 1720 excomm.
1900 1692 1954 1730 qui
1962 1691 2064 1731 aperte
2074 1701 2180 1732 pi‘ooat

1194 1739 1373 1760 omnestres
1389 1730 1603 1761 conclusiones
1614 1730 1750 1771 superius
1768 1732 1922 1768 firmatas.
1946 1734 1990 1764 lbi
2000 1736 2086 1765 enim
2110 1744 2180 1774 pro-

1194 1775 1316 1813 ponitur
1330 1774 1473 1813 quaestio,
1495 1783 1534 1804 an
1547 1773 1660 1816 conjux
1674 1795 1684 1807 ,
1705 1777 1760 1815 qui
1771 1776 1861 1806 babet
1884 1775 2109 1808 conscientiam
2120 1779 2179 1808 im<

1195 1816 1364 1855 pedimenti
1381 1817 1558 1848 dirimentis
1569 1838 1578 1850 ,
1602 1816 1688 1857 possit
1698 1820 1838 1859 exigere,
1860 1829 1895 1851 ac
1904 1821 2027 1851 reddere
2038 1821 2178 1852 debitum

1194 1859 1357 1899 conjugale
1380 1873 1386 1892 ι
1410 1860 1752 1893 ὅιάὶίῖὶηριιυηωτῑκς
1769 1861 1872 1893 easus.
1897 1862 2083 1898 Primusest,
2105 1873 2179 1894 cum

1196 1915 1344 1945 proterio
1356 1905 1701 1944 scitimpedieuentum.
1730 1906 1953 1940 secundusest,
1976 1917 2050 1938 cum
2073 1909 2179 1938 deim-

1195 1950 1373 1987 peiiinento
1396 1953 1484 1980 nabet
1506 1950 1724 1981 credulitatem
1746 1951 1868 1984 levem,
1897 1953 1930 1981 ἅ
1953 1952 2148 1981 temerariam
2171 1972 2177 1979 .

1194 1992 1322 2024 Tertius
1333 1993 1392 2027 est,
1413 1994 1484 2023 ct'im
1501 1994 1538 2024 de
1556 1993 1708 2024 illoli.ibet
1731 1996 1949 2025 credulitatem
1971 1993 2178 2033 probabilem,

1193 2037 1224 2066 ὁ(
1248 2036 1410 2066 discretam
1428 2058 1434 2064 .
1458 2035 1560 2066 Prima
1582 2036 1679 2075 igitur
1701 2036 1859 2068 concitum
1880 2039 1910 2068 id
1931 2036 1998 2072 est3
2019 2036 2089 2078 Qu
2113 2046 2179 2066 ver-

1194 2076 1273 2109 satur
1285 2082 1363 2109 inter
1372 2079 1543 2110 contrarias
1553 2081 1720 2119 opinione<
1729 2080 1900 2120 probabiles
1910 2100 1918 2113 ,
1931 2090 1993 2110 non
2005 2080 2044 2110 est
2055 2089 2156 2110 certus
2167 2099 2178 2112 ,

1194 2121 1241 2152 sed
1259 2123 1389 2155 dubiust
1412 2123 1556 2161 probatur
1576 2121 1656 2153 clare
1674 2124 1705 2153 in
1715 2133 1750 2153 ea
1761 2124 1924 2158 decretali,
1947 2133 2010 2154 rum
2022 2125 2094 2163 quia
2115 2131 2180 2153 cer·

1192 2165 1542 2203 titudoimpedimenti,
1563 2175 1630 2205 qua:
1642 2166 1811 2205 ponirurin
1834 2168 2032 2207 primocruu,
2055 2175 2179 2196 contra-

1191 2207 1412 2247 distinguitura
1422 2209 1624 2242 credulitate,
1646 2210 1695 2239 leu
1704 2211 1854 2249 opinione
1867 2209 2033 2249 probabili,
2047 2219 2112 2249 qui·
2125 2218 2177 2248 po-

1192 2251 1318 2282 niturin
1329 2253 1518 2286 tertiocaiu3
1542 2261 1609 2282 tum
1620 2253 1694 2292 quia
1704 2252 1838 2292 conjux,
1853 2255 1908 2294 qui
1919 2252 2177 2283 babetcouscien-

1191 2294 1269 2325 tiam
1280 2295 1498 2335 impedimenti
1508 2304 1544 2325 ex
1553 2295 1735 2326 credulitate
1746 2296 1913 2335 probabili,
1935 2296 1970 2326 in
1980 2295 2036 2326 bac
2046 2294 2176 2325 fluctua-

1191 2339 1278 2368 tione
1287 2338 1404 2371 animi,
1427 2348 1465 2369 an
1485 2340 1726 2369 matrimonium
1737 2339 1771 2370 sit
1790 2340 1944 2371 validum,
1969 2340 2012 2368 vel
2032 2338 2173 2370 nullum,

1191 2381 1287 2421 potest
1297 2382 1421 2411 reddere
1439 2380 1598 2415 debitum,
1621 2380 1850 2421 licetpostulare
1865 2381 2064 2413 nondebeat,
2088 2380 2175 2411 utibi

1190 2423 1230 2454 est
1242 2425 1380 2455 decilum
1392 2426 1423 2454 in
1432 2425 1546 2455 ultimo
1553 2430 1638 2455 calu.
1662 2423 1745 2464 Ergo
1761 2434 1823 2454 non
1835 2424 1874 2453 est
1885 2423 2041 2453 moraliter
2051 2432 2153 2453 cerrus
2162 2442 2174 2457 ,

1191 2466 1238 2497 sed
1248 2469 1359 2498 dubius
1369 2489 1376 2496 .
1400 2465 1632 2507 Consequentia
1644 2475 1726 2505 patet
1736 2485 1745 2499 ,
1758 2466 1831 2505 quia
1843 2466 1861 2496 si
1873 2474 1974 2495 certus
1984 2465 2053 2496 effer
2064 2467 2100 2496 de
2112 2465 2173 2496 im-

1191 2510 1372 2550 pedimento
1394 2509 1579 2541 dirimente,
1601 2517 1658 2538 nec
1682 2507 1774 2547 poliet
1796 2507 1936 2539 debitum
1952 2510 2092 2547 exigere,
2115 2518 2172 2540 nec

1189 2552 1383 2583 redderesine
1396 2550 1518 2581 mortali
1530 2560 1675 2589 peccato,
1691 2559 1724 2581 ut
1735 2551 1775 2581 ibi
1787 2552 1938 2581 deciditur
1948 2553 1978 2581 in
1991 2553 2087 2590 princ.
2097 2552 2171 2583 &in

1188 2596 1394 2634 capLitteras
1403 2614 1412 2627 ,
1424 2591 1460 2624 de
1470 2591 1872 2633 restitut.ffioti.7t.8ecunda
1881 2593 1991 2624 itidem
1997 2593 2172 2628 concluiio,

1187 2640 1271 2679 quod
1286 2640 1319 2668 in
1330 2635 1481 2668 concursu
1491 2639 1679 2675 opinionum
1703 2636 1908 2676 probabilium
1917 2638 2058 2676 eligenda
2076 2637 2110 2668 sit
2122 2647 2171 2668 tu-

1188 2684 1267 2717 tior;
1290 2682 1433 2720 probatur
1454 2680 1590 2712 ibidem,
1610 2681 1685 2719 quia
1701 2680 1835 2719 conjux,
1856 2682 1910 2719 qui
1934 2689 1987 2719 pro
2003 2689 2065 2710 una
2087 2689 2170 2719 parte

1188 2724 1384 2764 probabiliter
1402 2724 1527 2763 putabat
1547 2722 1786 2753 matrimonium
1807 2722 1823 2752 ii
1839 2721 1868 2752 se
1888 2722 2024 2762 legitime
2047 2732 2173 2754 contra-

1187 2767 1337 2799 &umeise
1348 2767 1505 2797 validum,
1527 2767 1560 2796 ὃς
1579 2775 1634 2806 pro
1644 2766 1704 2796 alia
1723 2766 1850 2796 babebat
1862 2764 2087 2797 conscientiam
2110 2777 2169 2797 im-

1187 2811 1356 2851 pedimenti
1378 2810 1554 2840 dirimentis
1574 2818 1611 2838 ex
1632 2809 1812 2840 credulitate
1835 2808 2003 2848 probabili,
2026 2810 2168 2840 debitum

1186 2855 1307 2893 exigere
1330 2863 1393 2884 non
1404 2852 1518 2892 potest,
1540 2850 1614 2882 cum
1636 2851 1901 2891 hocproculdubio
1921 2851 1959 2883 fit
1973 2851 2086 2888 tutius;
2110 2863 2166 2884 ne,

1186 2906 1220 2928 ut
1241 2897 1284 2927 ibi
1305 2897 1440 2929 dicitur,
1462 2904 1571 2926 contra
1593 2895 1690 2934 legem
1708 2893 1905 2925 conscientiae
1924 2898 2103 2926 committat
2119 2894 2166 2926 of-

1186 2939 1320 2971 fensam.
1343 2938 1452 2969 Tertia
1469 2939 1595 2968 demum
1613 2936 1788 2972 conclusio,
1808 2935 1911 2978 quod,
1933 2939 1984 2969 ubi
2007 2948 2070 2969 non
2092 2948 2167 2969 con-

1186 2983 1258 3016 stat,
1280 2980 1510 3022 quaeopiniofit
1520 2981 1635 3013 tutior,
1659 2981 1690 3009 in
1706 2980 1847 3020 eligenda
1869 2980 2020 3021 opinione
2044 2982 2163 3012 servan-

1185 3027 1229 3057 dae
1238 3024 1296 3055 fint
1307 3023 1517 3064 regulaejuris3
1540 3025 1570 3053 in
1583 3031 1713 3054 eorextu
1731 3024 1895 3063 probatur,
1915 3024 1990 3065 quia
2007 3024 2118 3062 conjux
2129 3025 2162 3053 in

1185 3066 1335 3099 conflictu
1344 3066 1549 3106 probabilium
1558 3065 1745 3105 opinionum
1753 3067 1905 3098 nullitatis
1916 3087 1926 3101 ,
1949 3070 1982 3098 &
1993 3066 2161 3097 validitatis

1183 3109 1343 3152 conjugii,
1366 3107 1676 3148 debitumconjugale
1684 3110 1806 3140 reddere
1816 3109 1910 3149 potest
1921 3130 1930 3144 ,
1953 3120 1990 3141 ne
2002 3109 2163 3140 contrale-

1182 3162 1254 3194 gem
1270 3151 1599 3192 coniugiicommittat
1619 3151 1782 3183 offensam.
1805 3152 1888 3194 Ergo
1902 3153 2043 3193 quamvis
2053 3161 2162 3190 pecca-

1182 3205 1251 3227 tum
1268 3195 1325 3226 effe
1336 3195 1425 3235 poffet
1445 3195 1549 3224 tamin
1571 3195 1743 3229 reddendo,
1764 3195 1857 3236 quam
1873 3196 1905 3227 in
1916 3195 2099 3234 denegando
2108 3197 2160 3226 de-

1183 3239 1283 3270 bitum
1304 3237 1486 3280 conjugale,
1506 3237 1579 3277 quia
1601 3236 1621 3267 si
1645 3240 1882 3269 matrimonium
1903 3247 1966 3267 erat
1989 3238 2125 3268 validum
2147 3257 2157 3272 ,

1180 3292 1245 3313 non
1254 3281 1366 3313 licebat
1383 3282 1551 3320 denegare3
1572 3278 1593 3310 si
1605 3282 1842 3312 matrimonium
1860 3288 1922 3310 erat
1934 3280 2070 3314 nullum,
2094 3290 2157 3312 non

1181 3325 1292 3356 licebat
1313 3324 1437 3353 reddere
1460 3332 1467 3352 :
1489 3331 1612 3357 tamen,
1634 3323 1707 3355 etim
1724 3326 1878 3362 utrimque
1899 3322 1970 3353 effer
1993 3324 2158 3364 probabilis

1179 3369 1289 3407 opinio
1308 3366 1477 3396 validitatis
1492 3385 1502 3399 ,
1523 3366 1556 3397 δε
1578 3367 1729 3397 nullitatis
1750 3365 1890 3405 conjugii
1909 3386 1920 3400 ,
1951 3368 1983 3397 in
2004 3376 2043 3397 eo
2064 3367 2157 3397 dubio

1179 3408 1320 3440 Pontifex
1331 3409 1445 3439 decidit
1452 3409 1508 3439 esse
1518 3410 1697 3449 eligendum
1708 3428 1717 3441 ,
1738 3409 1820 3447 quod
1833 3407 2031 3440 favorabilius
2041 3409 2079 3439 est
2091 3419 2156 3438 im-

149 3451 284 3479 ccndum
307 3450 388 3480 estin
412 3451 541 3480 arbitrio
555 3451 627 3481 boni
647 3454 725 3486 viri,
745 3453 829 3493 quod
851 3461 916 3484 non
931 3449 1103 3483 absolutum
1123 3471 1133 3485 ,
1176 3453 1347 3485 trimonio,
1369 3449 2060 3492 juxtai‘egulamcapfin.cici·cyi1aic.idei)qiie
2071 3452 2156 3481 dciii<

235 3493 373 3532 fugam.
385 3493 453 3524 inl.
466 3490 533 3524 Lib.
545 3493 702 3524 Darem

1841 3494 1857 3521 )
1901 3505 1920 3532 4
2050 3504 2115 3523 iiiiii

2206 967 2265 997 ιφ
