2397 3664
192 2438 251 2472 267

208 3166 267 3197 268

357 76 426 127 62

270 155 360 197 quast.
372 165 421 193 70.
433 161 493 184 art.
506 165 534 185 2.
544 152 576 183 &
587 150 678 182 fusius
688 153 804 180 isicium
817 150 853 177 eil
868 150 952 185 supra
976 156 1005 175 in
1016 141 1250 186 0.fundametito

267 211 320 240 pro
331 207 386 230 hac
397 198 548 229 sententia
557 215 567 229 ,
588 197 621 226 δέ
631 202 709 233 patet
722 191 818 221 etiam
828 198 906 218 num.
918 196 967 224 70.
980 186 1018 221 <7
1031 191 1078 220 ⁹8.

311 242 420 273 Minor
439 235 752 280 propositiosimiliter
772 240 877 272 patet,
899 229 974 272 quia
995 230 1113 261 cumex
1132 230 1250 261 duabus

265 284 465 324 opinionibus
484 280 631 321 oppositis
640 284 779 315 oporteat
799 274 926 305 alteram
935 273 991 304 esse
1013 273 1134 307 falsam,
1156 282 1189 303 ut
1201 270 1250 302 saz-

268 327 336 368 pitis
345 326 510 367 repetitum
519 323 557 353 est
575 331 611 352 ex
623 317 806 357 philosopho
816 317 849 348 in
866 327 894 356 4.
904 314 1084 360 Metaphys}
1092 326 1118 347 c.
1127 319 1156 347 6.
1165 317 1198 347 δε
1208 314 1248 346 D.

266 370 393 401 Thoma
401 363 684 406 d.quodlib.art.12-
694 363 727 391 δι
736 359 848 392 sanitas
859 359 1056 391 verisimilius
1066 358 1137 390 insit
1146 357 1251 389 minsis

269 413 438 454 probabili,
458 418 524 449 qua:
542 404 741 438 debilioribus
758 403 871 434 nititur
887 401 1098 434 fundamentis
1115 414 1122 432 :
1144 402 1251 441 utique

269 458 323 496 qui
334 456 416 486 illam
425 451 531 491 eligit,
552 447 660 479 relista
670 445 888 487 probabiliori,
911 455 976 477 non
986 447 1064 476 vitat
1075 465 1085 479 ,
1099 453 1253 486 quantum

271 497 365 538 potest
376 517 386 530 ‚
407 493 577 535 periculum
587 491 722 532 eligendi
734 488 860 523 falsum,
881 490 966 529 quod
974 497 1128 529 quantum
1139 486 1251 528 potest,

271 540 368 574 idest,
392 535 651 568 adhibitamorali
672 534 853 573 diligentia,
877 541 999 563 tenetur
1016 533 1128 562 vitare.
1153 529 1191 560 Et
1203 529 1252 560 hic

266 583 377 624 junge,
397 580 505 620 quaein
517 576 673 618 proposito
688 577 832 607 dicentur
842 574 920 606 infra
936 577 970 606 in
983 576 1029 605 28.
1034 572 1234 616 fundamento
1244 593 1251 600 .

305 623 606 655 Decimumtertium
617 619 858 652 fundamentum
870 618 1032 650 deducitur
1042 627 1079 647 ex
1090 617 1139 647 lib.
1153 625 1177 654 3.
1190 615 1253 646 Re-

266 678 340 709 gum
350 677 416 706 cap.
432 675 443 696 r
452 676 477 696 2.
490 665 650 696 videlicet:
662 660 825 703 Respondit
836 663 904 693 Rex
915 661 1018 700 populo
1027 659 1103 691 dura
1113 680 1122 694 ‚
1143 657 1254 689 dereli-

266 712 310 742 ilo
321 709 444 751 confilio
453 710 631 740 Seniorum,
653 704 726 743 quod
737 707 765 736 ei
787 703 937 737 dederant
947 724 958 738 ,
980 701 1017 735 ὠ
1027 704 1139 734 locutus
1147 700 1189 742 est
1210 702 1254 731 eis

263 750 429 794 secundum
447 751 606 794 confilium
627 749 785 787 juvenum.
808 746 853 778 Ex
873 757 938 788 quo
948 748 1017 778 loco
1038 748 1178 785 arguitur
1194 743 1252 776 sic.

269 795 521 837 Reprehenditur
533 793 678 825 Roboam
687 811 696 825 ‚
716 791 799 832 quod
811 790 929 821 secutus
940 790 976 821 sit
997 788 1162 820 consilium
1171 788 1254 825 dete-

266 843 350 876 rius3
373 848 437 870 non
447 839 532 869 enim
547 833 823 877 appatethocideo
838 832 955 864 fastum
974 831 1076 865 fuisse,
1096 832 1253 871 quiacon-

268 883 372 914 silium
395 881 614 920 illudaliquam
633 876 881 918 probabilitatem
903 875 1120 908 nonhabetet‚
1142 872 1254 904 videli-

266 935 317 958 cet
328 925 473 965 populum
491 924 548 954 else
559 921 756 953 tractandum
771 917 865 953 dure,
886 928 924 949 ne
934 916 1110 949 assuesceret
1129 916 1169 947 sic
1180 915 1255 947 libe-

268 968 300 1000 re
312 969 396 1009 loqui
406 988 416 1001 ,
426 968 458 999 &
471 966 652 997 seditionem
661 965 795 994 excitare
811 973 818 992 :
834 960 891 993 Sed
901 963 974 1001 quia
987 960 1145 1000 juniorum
1156 957 1255 989 consi-

273 1012 350 1043 lium
374 1010 504 1051 praetulit
514 1007 644 1040 consilio
660 1006 833 1038 seniorum,
855 1014 919 1035 non
938 1003 997 1033 alia
1006 1001 1074 1033 sane
1091 1003 1127 1033 de
1148 1000 1255 1035 causa,

269 1056 327 1086 nisi
343 1053 534 1094 quiamelius
543 1050 622 1084 hoc,
643 1047 736 1089 quam
747 1047 822 1079 illud
833 1067 842 1081 ,
861 1045 1049 1078 censendum
1057 1044 1115 1076 est.
1138 1044 1187 1076 Ad
1197 1044 1254 1074 hoc

268 1100 367 1129 bonus
377 1105 477 1126 textus
487 1094 520 1124 in
529 1104 552 1124 c.
565 1094 616 1124 De
625 1090 727 1130 quibus
745 1102 794 1123 20.
803 1087 934 1131 distintt.
946 1090 989 1120 ibi
1012 1100 1019 1119 :
1039 1090 1180 1120 Seniores
1186 1096 1256 1126 pro-

266 1142 373 1172 vinciae
382 1147 526 1176 congrega
535 1156 545 1170 ,
554 1133 591 1167 (ῥ’
600 1146 647 1166 eos
654 1137 810 1172 interroga
820 1154 829 1167 ‚
840 1135 872 1165 &
883 1132 1007 1173 pulcher
1016 1141 1118 1163 textus
1128 1133 1160 1162 in
1172 1130 1254 1161 autt-

267 1179 396 1222 84.dist.
407 1180 450 1212 ibi
472 1192 478 1210 :
501 1179 612 1211 Gloria
627 1178 889 1218 Jenumcanities3
912 1177 976 1207 haec
986 1174 1061 1206 vero
1071 1174 1202 1205 canities
1213 1172 1255 1203 sa-

268 1224 421 1266 pientiam
429 1222 586 1264 designat,
603 1222 709 1261 dequa
718 1220 865 1260 scriptum
874 1218 915 1250 est
933 1230 940 1249 ε
958 1219 1098 1250 Canities
1107 1216 1256 1248 hominum

263 1265 431 1310 prudentia
439 1263 484 1307 est
492 1287 500 1296 .
522 1265 560 1296 Et
571 1264 614 1296 ibi
622 1264 715 1304 glossa
729 1273 753 1294 1.
764 1265 816 1294 dat
827 1263 1053 1294 concordantes
1064 1271 1070 1290 ε
1081 1260 1139 1291 Sed
1149 1261 1203 1299 qui
1215 1258 1256 1288 se-

265 1312 375 1352 quitur
392 1308 496 1342 minus
508 1307 715 1348 probabilem,
738 1305 936 1346 probabiliori
947 1303 1053 1335 relicta
1064 1325 1073 1337 ‚
1093 1302 1256 1334 consilium

268 1354 405 1394 sequitur
415 1353 550 1384 deterius
560 1371 570 1386 ,
580 1352 612 1382 &
622 1350 727 1381 minsis
737 1348 909 1388 sapientum
917 1369 925 1377 .
944 1346 1030 1379 Nam
1038 1347 1110 1378 teste
1120 1344 1256 1376 Philoso-

267 1398 330 1439 pho
339 1397 374 1428 in
387 1397 522 1434 1.T0pi·c.
533 1402 595 1433 cap.
604 1403 628 1424 i.
639 1390 892 1433 Probabiliasunt
901 1411 911 1425 ,
922 1400 978 1428 quae
986 1388 1256 1429 videntursapien-

268 1438 367 1474 tibus,
389 1435 570 1471 &maxime
579 1438 676 1468 notis.
702 1435 739 1467 Et
750 1437 893 1476 probatur
904 1437 936 1464 in
954 1441 1017 1472 cap.
1029 1433 1107 1476 Qis
1124 1431 1256 1470 nesciat,

267 1485 324 1516 ubi
333 1481 511 1523 Ptaepositus
521 1489 582 1517 n.7.
593 1478 758 1521 distintis-9.
770 1477 853 1518 Ergo
861 1477 916 1517 qui
926 1475 1062 1518 sequitur
1071 1475 1257 1515 opinionem

271 1525 380 1560 minus
391 1524 598 1566 probabilem,
617 1521 786 1563 posthabita
796 1520 1016 1562 probabiliori,
1037 1518 1077 1550 est
1088 1516 1201 1549 merito
1211 1527 1257 1547 re-

270 1569 523 1612 prehendendus.
540 1566 579 1598 Et
589 1565 658 1597 sane
680 1565 785 1596 silicet
802 1562 947 1604 amplesti
959 1561 1064 1593 minus
1087 1560 1256 1601 probabiles

267 1612 457 1654 opiniones,
481 1611 553 1642 licet
562 1611 659 1641 etiam
675 1610 780 1639 vivete
791 1605 958 1638 secundum
979 1604 1144 1637 consilium
1153 1601 1257 1634 minus

266 1656 460 1696 sapientum,
481 1652 549 1684 imo
558 1653 735 1693 plerumque
745 1650 981 1690 desipientium,
1004 1647 1053 1679 seu
1069 1648 1256 1681 errantium,

268 1709 343 1730 nam
353 1708 390 1729 ex
399 1695 654 1729 contradiemtiis
663 1704 757 1726 unam
765 1693 889 1724 tantum
899 1692 954 1723 esse
966 1700 1069 1721 veram
1079 1689 1194 1720 necesse
1205 1690 1256 1722 est,

269 1752 303 1773 ut
313 1744 345 1772 in
363 1751 394 1780 4.
405 1737 546 1779 Metaph.
557 1736 587 1769 d.
598 1749 622 1769 c.
634 1742 662 1769 6.
673 1739 707 1769 &
716 1747 751 1768 ur
762 1735 929 1776 plurimum
940 1735 1029 1765 debet
1048 1733 1104 1764 esse
1116 1733 1257 1772 probabi-

270 1787 346 1819 lior,
356 1785 388 1816 ὃ(
400 1784 498 1824 magis
509 1781 625 1822 sapiens
636 1782 750 1811 dicitur
760 1799 768 1812 ,
779 1780 832 1819 qui
841 1781 878 1808 de
887 1779 975 1808 rebus
987 1777 1101 1816 judicat
1113 1776 1195 1815 juxta
1206 1784 1257 1805 ea-

267 1838 336 1859 rum
347 1828 481 1867 pondera
491 1845 502 1860 ,
522 1834 590 1866 quae
601 1823 668 1855 suut
681 1831 841 1854 momenta
849 1823 1010 1852 rationum
1019 1839 1029 1854 ,
1042 1820 1135 1857 c.Ego
1141 1817 1217 1858 solis
1226 1827 1255 1854 9.

267 1870 398 1913 distinst.
417 1867 647 1912 c.]udicantem
664 1877 710 1907 30.
722 1864 814 1907 quest.
828 1874 853 1904 5.

308 1914 626 1952 Decimumquartum
643 1910 882 1942 fundamentum
896 1909 1060 1940 deducitur
1081 1917 1118 1939 ex
1139 1905 1255 1938 Aristo-

268 1959 328 1990 tele
339 1959 371 1989 'in
383 1967 410 1987 2.
420 1955 457 1986 de
473 1956 595 1986 Anima
603 1963 683 1985 text.
699 1961 765 1992 152.
776 1954 827 1984 ubi
837 1954 881 1983 ait
903 1963 910 1982 ε
931 1952 1127 1990 Intelligere,
1149 1952 1181 1981 in
1204 1959 1257 1986 quo

269 2000 310 2043 est
319 1998 397 2031 νεὲἶὲ
407 1997 525 2037 quidem
535 1996 697 2037 prudentia
707 2017 717 2031 ,
739 1994 913 2036 &scientia
922 2015 932 2030 ,
940 1994 977 2027 &
988 1997 1086 2034 opinio
1095 2004 1171 2025 vera
1181 2013 1190 2027 ,
1199 2003 1257 2023 non

269 2042 347 2076 reffi’
367 2051 468 2074 autem
486 2043 643 2073 contraria
663 2038 782 2072 horum.
806 2039 850 2070 Ex
867 2049 931 2079 quo
949 2039 1019 2070 loco
1032 2039 1172 2078 arguitur
1191 2037 1231 2067 sic
1250 2045 1257 2065 τ

269 2085 371 2119 Rene
395 2085 585 2126 intelligere,
605 2085 638 2116 δι
660 2083 781 2124 sapere,
802 2083 842 2113 est
864 2081 947 2122 sequi
965 2081 1131 2121 opiniones
1154 2088 1258 2109 veras:

269 2130 330 2162 Sed
339 2131 395 2170 qui
416 2128 551 2169 sequitur
562 2125 667 2158 minus
690 2126 879 2167 probabiles,
900 2121 1111 2164 utplurimum
1126 2122 1260 2162 sequitur

270 2172 378 2207 falsas,
398 2173 472 2212 quia
494 2181 528 2202 ut
545 2170 717 2212 plurimum
737 2170 818 2200 ratio
835 2168 971 2198 humana
991 2166 1055 2206 post
1076 2165 1261 2204 diligentem

272 2214 488 2248 discussionem
509 2224 575 2245 non
593 2213 725 2245 fallitur.
747 2211 834 2243 Nam
852 2212 974 2241 ratione
995 2208 1128 2240 naturali
1149 2206 1260 2238 discet-

270 2261 376 2291 nimus
396 2259 473 2299 quid
496 2257 532 2288 sit
554 2258 672 2288 bonum
694 2276 704 2290 ,
730 2257 763 2287 &
785 2255 859 2295 quid
881 2253 917 2284 sit
940 2253 1056 2283 malum
1079 2262 1085 2281 :
1108 2250 1262 2290 signatum

272 2303 313 2334 est
323 2303 408 2333 enim
418 2301 578 2342 supernos
588 2300 694 2331 lumen
712 2298 815 2329 vultus
826 2296 906 2330 Dei,
926 2297 960 2327 δε
972 2295 1031 2326 hoc
1050 2294 1155 2325 lumen
1165 2292 1204 2324 est
1216 2293 1263 2323 lex

273 2354 391 2376 naturae
399 2364 410 2378 ,
431 2354 498 2384 quae
507 2343 545 2375 est
554 2341 710 2383 impteslio
720 2340 820 2372 divini
831 2341 959 2371 luminis
977 2341 1010 2370 in
1019 2337 1166 2368 rationali
1177 2345 1264 2366 crea-

273 2398 360 2422 tura,
382 2396 416 2418 ut
427 2387 530 2427 inquit
550 2385 734 2417 S-Thomas
755 2386 789 2415 in
809 2393 834 2414 1.
848 2379 1042 2422 2.quaest.9i.
1062 2389 1122 2411 art.
1136 2379 1206 2410 2.&
1227 2387 1264 2408 ex

275 2433 327 2463 illo
338 2431 524 2462 Fortunatus
534 2429 649 2460 Garzia
656 2427 694 2459 de
702 2427 802 2458 ultim.
805 2424 864 2468 fin.
872 2423 1022 2465 utriusque
1032 2425 1106 2461 turis
1117 2433 1141 2453 c.
1149 2432 1172 2452 i.
1182 2431 1264 2452 num,

275 2478 324 2507 80.
334 2474 500 2505 trafflaeom.
511 2480 615 2503 tom-1.
625 2479 693 2510 pag.
708 2480 774 2510 130.
785 2470 930 2501 &lumen
942 2467 1081 2498 naturale
1091 2464 1266 2496 intellectus

275 2517 355 2549 nihil
378 2517 418 2548 est
438 2516 540 2549 aliud,
560 2513 654 2556 quatu
671 2512 880 2544 manifestatio
902 2511 1060 2544 veritatis,
1082 2517 1115 2540 ut
1129 2510 1214 2538 idem
1235 2505 1265 2537 S.

275 2561 420 2592 Thomas
428 2560 536 2590 docuit
558 2560 591 2589 in
605 2567 630 2588 1.
643 2568 669 2588 2.
681 2554 773 2597 quast.
785 2555 836 2592 67ss
858 2562 919 2585 art.
931 2563 956 2585 1.
966 2552 1065 2584 Unde
1087 2553 1139 2582 vix
1149 2551 1268 2590 aliquid

277 2604 428 2644 reperitur
448 2610 559 2633 contra
578 2601 750 2631 naturalem
771 2600 946 2631 rationem,
965 2597 1051 2637 quod
1068 2605 1131 2625 non
1151 2602 1268 2624 remor-

281 2649 349 2678 deat
361 2644 607 2677 conscientiam,
630 2652 662 2674 ut
672 2644 714 2673 ait
727 2642 836 2672 Baldus
848 2642 880 2671 in
891 2638 969 2679 consi
985 2634 1267 2678 38.incip.D.Tho-

282 2700 346 2720 mas
356 2691 387 2719 in
402 2687 461 2729 fin.
472 2685 526 2720 lib.
540 2697 566 2718 1.
578 2686 657 2717 Item
667 2693 852 2726 argumenta
873 2684 917 2713 rei
927 2683 1068 2713 indicant
1080 2679 1175 2720 ipsam
1184 2689 1268 2713 rem,

283 2731 516 2770 c-Intelligentia
523 2729 560 2762 de
569 2727 728 2761 verborum
731 2724 900 2771 fignificat.
910 2724 993 2766 Ergo
1000 2725 1054 2764 qui
1064 2721 1197 2763 sequitur
1209 2723 1268 2752 mi-

284 2775 344 2806 mis
355 2775 539 2814 probabiles,
560 2782 594 2805 ut
610 2771 780 2813 plurimum
793 2779 856 2801 non
878 2767 960 2799 reete*
980 2767 1147 2806 intelligit,
1170 2773 1269 2804 neque

287 2817 380 2856 sapit,
403 2819 481 2847 unde
492 2827 547 2848 nec
564 2812 824 2857 prudenscenser'i
840 2811 953 2852 potest,
976 2820 1033 2841 nec
1056 2810 1175 2842 bouus,
1195 2809 1271 2848 quia.

286 2858 359 2892 cum
380 2869 417 2890 ex
432 2860 546 2890 duabus
568 2857 821 2892 contradictoriis
839 2854 1006 2886 necessario
1027 2863 1089 2884 una
1109 2852 1145 2882 sit
1167 2860 1239 2882 veta
1259 2869 1271 2884 ,

287 2904 383 2935 altera
391 2901 462 2933 salsa
472 2921 481 2935 ,
496 2904 527 2933 ὃς
539 2903 716 2943 plerumque
726 2899 798 2932 falsa
808 2898 843 2930 sit
853 2897 957 2929 mimis
969 2894 1132 2937 probabilis
1143 2914 1152 2928 ‚
1163 2895 1270 2933 utique

289 2946 359 2978 talis
381 2945 571 2979 voluntarie,
593 2956 627 2976 ac
648 2943 820 2976 relutstante
841 2939 1034 2972 conscientia
1055 2937 1189 2978 sequitur
1208 2937 1238 2967 id
1259 2955 1271 2970 ,

287 2989 372 3030 quod
383 2988 613 3028 plerumqueiest
621 2997 730 3019 contra
745 2987 909 3018 veritatem
919 3005 926 3012 .
949 2983 997 3013 Ad
1011 2982 1069 3012 hoc
1089 2982 1188 3012 bonus
1195 2987 1270 3011 text.

289 3034 324 3064 in
332 3042 358 3064 c.
369 3027 475 3062 Abbas
484 3027 577 3070 sane,
599 3032 625 3066 §.
635 3029 783 3063 Caeterum
795 3050 804 3064 ,
826 3029 886 3060 ibi:
899 3027 968 3057 Nec
976 3027 1067 3057 etiarn
1075 3022 1184 3066 judex
1193 3022 1271 3062 ipse,

290 3073 546 3114 cognitarealiter
568 3075 718 3108 veritate,
738 3073 932 3112 pronuntiare
942 3071 974 3100 in
991 3068 1175 3100 contrarium
1182 3064 1273 3105 poffct

292 3128 357 3151 cum
365 3114 464 3148 libera
473 3115 653 3156 conscientia
662 3115 697 3146 (ῥ’
707 3115 832 3154 secura,
852 3112 888 3145 de
897 3114 978 3155 sent.
990 3109 1027 3144 δ’
1037 3121 1068 3142 re
1078 3109 1168 3148 judic.
1178 3106 1230 3140 lib.
1242 3112 1271 3139 6.

332 3160 650 3199 Decimumquinrum
665 3157 902 3189 fundamentum
911 3156 1073 3187 deducitur
1091 3163 1129 3184 ex
1142 3163 1167 3184 c.
1178 3153 1214 3183 In
1225 3162 1274 3182 ca-

294 3205 410 3237 nonicis
423 3212 469 3239 19.
482 3199 613 3242 distim‘t.
623 3201 675 3231 ubi
685 3201 871 3240 Augustinus
881 3201 924 3232 ait
946 3210 953 3230 τ
974 3199 1010 3229 In
1020 3197 1043 3228 il
1047 3197 1088 3228 lis
1091 3195 1254 3236 scripturis
1265 3214 1275 3228 ,

297 3258 352 3285 quae
360 3257 417 3277 non
424 3243 461 3279 ab
469 3242 604 3276 omnibus
614 3245 812 3281 recipiuntur,
831 3238 1041 3283 praeponendas
1053 3251 1102 3271 eas
1111 3236 1163 3279 effe
1173 3258 1183 3272 ,
1204 3247 1275 3275 quas

293 3291 396 3331 plures
404 3287 617 3327 gravioresque
626 3287 771 3325 recipiunt
780 3306 790 3319 ‚
798 3289 851 3320 eis,
860 3296 929 3323 quas
936 3286 1088 3325 pauciores
1098 3279 1277 3321 minorisque

298 3330 492 3365 authoritatis
503 3330 751 3371 Ecclefiaetenent
776 3340 782 3357 :
802 3328 902 3368 Ergo,
923 3339 959 3359 ex
970 3327 1119 3358 sententia
1129 3323 1273 3364 Augusti-

298 3377 331 3407 ni
342 3395 352 3409 ,
363 3375 445 3414 juxta
454 3375 578 3413 plura&
588 3374 732 3415 graviora
743 3372 861 3401 motiva
871 3372 909 3401 est
922 3372 1119 3410 judicandum
1130 3378 1139 3405 ·‚
1160 3377 1194 3398 ac
1209 3376 1278 3407 pro-

301 3419 374 3451 inde
385 3417 494 3456 opinio
504 3417 686 3456 probabilior
697 3415 812 3454 semper
829 3413 867 3443 est
879 3416 1028 3453 sequenda
1036 3435 1045 3443 .

343 3459 634 3493 Decimumlcxtum
656 3458 893 3491 fundamentum
916 3456 1043 3487 sumitur
1062 3465 1097 3486 ex
1120 3453 1148 3486 S.
1162 3453 1277 3495 Joannc

628 62 807 134 Prosp.
825 60 1060 132 Fagnan.
1079 60 1136 114 iii
1156 57 1400 115 Primum
1423 56 1652 113 Librum
1671 55 1950 114 Decretal.

1290 144 1351 175 §lii
1360 144 1512 184 ysnstomo
1521 161 1531 176 ‚
1542 140 1603 172 sive
1613 139 1749 172 Audiore
1760 140 1948 180 imperfecto
1958 141 1990 172 in
1998 141 2123 182 Mqteh.
2133 138 2222 186 cuju's
2230 152 2278 175 ta-

1289 195 1360 217 men
1381 184 1553 216 authoritas
1562 185 1665 225 gravis
1686 183 1726 215 esi
1736 185 1815 223 apud
1831 182 2030 225 Tlieologos‚
2052 188 2086 219 δε
2107 186 2215 219 crebrb
2239 188 2277 218 ab

1290 228 1350 259 illis
1358 229 1472 259 citatur
1482 237 1492 264 ·,
1511 228 1556 258 ait
1564 228 1649 258 enim
1660 227 1801 258 Homilia
1810 236 1859 266 44.
1870 227 1903 258 in
1910 234 1974 265 cap.
1986 236 2032 267 23.
2041 230 2080 260 Si·
2093 227 2278 270 vestimenta

1291 278 1441 309 empturus
1446 280 1543 314 gyras
1552 280 1642 301 unum
1651 271 1867 309 negotiatorem
1876 289 1886 303 ‚
1908 267 1946 300 (ῥ’
1953 271 2084 302 alterum
2094 290 2104 305 ‚
2114 274 2152 304 θ
2160 270 2208 304 ubi·
2215 283 2277 304 me-

1291 315 1382 345 liores
1393 310 1489 352 vestes
1496 314 1651 344 inveneris
1658 333 1668 348 ,
1689 310 1727 345 &
1732 314 1830 352 pretio
1840 312 1950 343 viliori
1959 333 1969 347 ,
1990 310 2026 345 ab
2034 313 2092 344 illo
2101 321 2254 354 comparas
2263 314 2275 345 ’.-

1291 354 1445 400 Quomodo
1454 366 1514 387 non
1521 363 1635 395 oportet
1640 355 1778 396 populum
1787 357 1913 387 circuire
1921 366 2019 387 omnes
2028 356 2223 391 Douma&
2231 359 2280 389 in-

1292 401 1411 437 quirere
1420 419 1431 433 ,
1452 396 1625 441 ubc'fincera
1636 400 1754 430 veritas
1763 397 1879 438 Christi·
1886 398 2079 431 venundatur
2086 419 2096 434 ‚
2112 402 2151 431 Φ·
2158 397 2207 431 ubi·
2215 410 2280 432 cor-

1291 449 1400 482 rupta,
1422 439 1460 473 &
1476 443 1630 472 veriorem
1640 441 1749 479 eligere
1767 440 1921 480 plusquam
1931 440 2161 483 vestimentum?
2183 441 2220 473 Et
2233 442 2280 475 su-

1294 484 1395 526 perius
1415 486 1535 515 dixerat
1553 484 1628 515 tales
1650 484 1707 514 esse
1728 482 1946 516 inexcusabiles
1956 505 1965 520 ‚
1987 484 2009 516 si
2030 495 2133 516 errant
2143 485 2177 516 in
2201 484 2259 517 side
2269 507 2278 516 .

1293 527 1393 569 Cujus
1408 527 1623 559 testimonium
1642 525 1729 557 valde
1740 528 1836 557 etiam
1858 527 2015 569 redarguit
2033 528 2188 560 Authores
2210 537 2281 559 mo-

1294 573 1425 605 dernos,
1445 571 1501 611 qui
1522 569 1584 601 ausi
1595 568 1663 601 sunt
1683 569 1835 600 affirmare
1845 578 1949 600 tutum
1959 571 2013 602 esse
2031 571 2065 602 in
2087 570 2280 603 conscientia

1293 624 1386 647 eum,
1406 615 1462 654 qui
1479 611 1668 653 propositum
1679 612 1769 643 habet
1791 613 1894 642 varios
1906 611 2059 647 Dostores
2081 613 2280 648 consulendi,

1291 655 1451 697 quousque
1473 655 1616 687 inveniat
1639 655 1776 696 aliquem
1800 652 2034 694 respondentem
2056 657 2143 699 juxta
2164 656 2281 689 deside-

1294 703 1375 731 rium
1386 698 1474 730 suum
1483 719 1493 733 ,
1515 707 1549 729 ut
1558 699 1622 729 dixi
1636 697 1720 738 supra
1729 707 1807 728 num.
1822 706 1870 737 30.

1337 740 1676 782 Decimumseptimum
1686 740 1924 772 fundamentum
1940 739 2068 773 sumitur
2075 751 2112 774 ex
2129 741 2236 774 Tullio
2248 744 2281 774 in

1294 783 1346 817 lib.
1356 783 1393 816 de
1398 785 1575 820 Seneflute3
1592 785 1636 816 ait
1646 785 1732 815 enim
1743 794 1750 814 :
1760 785 1825 816 Ma
1824 793 1885 821 gnae
1885 780 2056 823 felicitatis
2064 784 2105 825 est
2114 795 2207 817 veras
2217 787 2281 825 opi-

1295 830 1398 875 niones
1407 829 1441 858 in
1455 825 1607 868 senec'lute
1616 826 1732 867 saltem
1741 825 1848 866 affequi
1858 847 1866 855 .
1888 825 1947 857 Sed
1958 835 2044 858 vetas
2053 827 2218 867 opiniones
2227 838 2280 869 per

1295 881 1340 902 rei
1350 870 1541 902 evidentiam
1549 869 1663 910 assequi
1672 880 1735 901 non
1746 869 1917 910 possumus,
1931 869 2005 900 cum
2017 869 2165 904 moralia,
2175 871 2280 902 saltem

1296 923 1330 945 ut
1341 916 1374 945 in
1385 913 1531 954 pluribus,
1542 922 1606 943 non
1616 912 1675 944 sint
1683 911 1942 946 demonstrabilia,
1951 921 1984 944 ut
1993 921 2029 943 ex
2040 912 2225 953 philosopho
2234 916 2282 945 di-

1297 956 1385 988 stum
1393 956 1433 987 est
1444 963 1524 994 n.50.
1536 953 1573 987 <⁷3-
1582 962 1629 994 51.
1641 954 1723 996 Ergo
1732 964 1765 986 ut
1775 965 1862 986 vetas
1870 955 2061 996 assequamur
2071 975 2080 990 ‚
2101 957 2281 996 magis'pro-

1297 1000 1411 1031 babiles
1422 997 1681 1039 sequidebemus,
1702 1008 1767 1029 non
1775 1007 1879 1029 autem
1892 998 1996 1030 minus
2004 999 2174 1038 probabiles
2184 1018 2194 1033 ,
2213 1009 2282 1040 qua:

1297 1044 1474 1084 plerumque
1485 1040 1553 1073 sunt
1564 1040 1640 1072 salsae
1650 1061 1660 1076 ‚
1682 1041 1847 1073 utdidium
1855 1041 1894 1072 est
1904 1043 1937 1072 in
1950 1051 1996 1082 14.
2000 1040 2202 1090 fundamento
2211 1063 2219 1071 .

1340 1083 1661 1116 Decimumoetavum
1675 1084 1915 1116 fundamentum
1934 1083 2063 1117 sumitur
2083 1094 2120 1116 ex
2139 1084 2180 1116 D.
2196 1083 2286 1116 Tho-

1297 1138 1348 1159 ma
1358 1125 1484 1165 quodlib.
1498 1127 1623 1167 3.'artic.
1640 1137 1686 1160 10.
1697 1128 1749 1160 ubi
1759 1130 1849 1159 docet
1870 1139 1877 1158 :
1898 1129 1935 1159 In
1942 1126 1990 1159 his
1998 1149 2009 1163 ,
2031 1138 2087 1166 quae
2095 1127 2135 1159 ad
2139 1126 2238 1170 fidem
2246 1126 2284 1160 θ’

1297 1181 1392 1202 mores
1398 1173 1554 1210 pertinent
1565 1191 1574 1205 ,
1585 1171 1701 1202 nullum
1712 1171 1850 1211 excusari
1861 1171 2107 1214 exſsmplicitate
2116 1191 2127 1206 ,
2141 1171 2284 1214 fisequa-

1297 1223 1348 1244 tur
1357 1224 1510 1245 erroneam
1526 1215 1692 1253 opinionem
1699 1213 1824 1252 alicujus
1834 1212 2006 1256 Magistri3
2026 1215 2060 1246 δέ
2071 1216 2176 1246 reddit.
2188 1216 2284 1245 ratio—

1297 1266 1372 1288 nem
1381 1277 1391 1291 ,
1400 1256 1508 1299 dicens
1525 1269 1532 1286 :
1551 1258 1587 1288 ln
1596 1254 1683 1289 rebus
1691 1259 1772 1289 enim
1780 1255 1879 1289 dubiis
1887 1268 1945 1289 non
1953 1256 1995 1299 est
2003 1255 2136 1301 defacili
2141 1255 2284 1298 praestan-

1297 1299 1351 1331 dus
1361 1298 1488 1347 affensus
1496 1321 1503 1329 .
1527 1300 1678 1341 intelligit
1693 1310 1767 1342 ergo
1776 1301 1804 1333 S.
1816 1299 1937 1332 Dofiior
1947 1302 1982 1332 de
1992 1301 2089 1333 dubio
2097 1320 2106 1335 ,
2127 1302 2210 1342 quod
2220 1303 2286 1331 ori-

1298 1351 1348 1374 tur
1369 1352 1406 1373 ex
1426 1342 1601 1374 diversitate
1623 1345 1812 1384 opinionum
1825 1364 1835 1378 ,
1859 1343 1992 1385 ideoque
2015 1353 2142 1385 peccare
2163 1344 2252 1374 illum
2274 1363 2285 1377 ,

1297 1387 1351 1435 qui
1373 1395 1424 1417 eas
1435 1395 1499 1417 non
1520 1385 1697 1421 examinat,
1723 1395 1758 1418 ut
1775 1386 1917 1428 sequatur
1931 1397 2035 1421 veras,
2058 1388 2107 1418 sed
2127 1385 2218 1418 facile
2242 1384 2285 1417 se-

1296 1439 1403 1469 quitur
1411 1429 1592 1460 alterutram
1600 1434 1724 1469 propter
1731 1430 1954 1462 authoritatem
1962 1430 2092 1470 alicujus
2116 1428 2266 1461 Βοᾶοι-ἰς
2274 1451 2283 1459 .

1297 1471 1337 1503 Et
1347 1468 1478 1521 quodlib.
1489 1474 1516 1502 8.
1527 1480 1588 1503 art.
1601 1481 1645 1510 13.
1656 1471 1789 1504 affirmat
1798 1493 1809 1508 ,
1829 1473 1911 1506 Cum
1912 1474 1987 1515 sunt
1997 1475 2157 1505 contrariae
2167 1474 2283 1512 opinio-

1299 1526 1352 1546 nes
1374 1513 1411 1546 de
1420 1514 1519 1551 aliquo
1540 1516 1687 1550 articulo,
1709 1524 1824 1556 oportet
1844 1515 1962 1552 adhoc,
1983 1525 2016 1548 ut
2025 1519 2088 1555 quis
2096 1514 2254 1556 excusetur
2264 1513 2287 1547 d

1296 1566 1417 1597 peccato
1425 1577 1435 1592 ,
1444 1566 1475 1588 ut
1483 1559 1696 1603 ex'contrariis
1703 1557 1890 1598 opinionibus
1900 1563 1934 1592 in
1941 1560 2058 1592 nullam
2065 1557 2288 1591 dubitationem

1297 1599 1466 1632 adducatur
1473 1620 1484 1635 2
1505 1606 1543 1633 (Υ
1548 1599 1613 1641 post
1620 1600 1792 1634 adhibitam
1802 1601 1998 1641 diligentiam
2005 1613 2065 1634 non
2074 1603 2217 1634 inveniat
2225 1601 2290 1633 ali-

1299 1642 1368 1682 quid
1378 1664 1388 1679 ,
1404 1644 1487 1694 'quod
1493 1654 1559 1675 eum
1570 1654 1691 1676 moveat
1700 1644 1741 1676 ad
1749 1646 1927 1677 credendum
1936 1644 1990 1687 effe
1998 1646 2145 1677 illicitum
2152 1643 2187 1676 id
2193 1665 2204 1680 ,
2214 1642 2290 1683 quod

1298 1697 1386 1726 agere
1396 1685 1550 1718 intendit.
1573 1687 1631 1719 Sed
1650 1688 1849 1730 quisequitur
1867 1688 1972 1720 minus
1980 1688 2170 1729 probabilem
2183 1708 2192 1723 ‚
2215 1688 2287 1720 reli-

1298 1730 1348 1761 Cia
1358 1730 1576 1770 probabiliori,
1594 1732 1701 1772 utique
1711 1733 1834 1763 invenit
1844 1733 1961 1773 aliquid
1970 1752 1980 1767 ,
2004 1733 2089 1773 quod
2099 1741 2170 1762 eum
2178 1739 2287 1763 movet

1298 1776 1337 1805 ad
1360 1774 1554 1823 opinandum
1564 1774 1640 1805 illud
1661 1774 1719 1806 esse
1729 1775 1895 1810 illicitum,
1918 1774 1984 1806 imo
1999 1776 2085 1816 quod
2099 1774 2199 1814 magis
2219 1784 2290 1805 mo-

1299 1826 1371 1865 uet,
1391 1826 1486 1857 quam
1505 1819 1676 1848 moveatad
1696 1817 1994 1858 opinandumillud,
2015 1817 2099 1858 quod
2124 1826 2210 1858 putat
2231 1817 2288 1849 effe

1298 1860 1438 1908 licitum,
1457 1860 1491 1891 &
1509 1869 1546 1890 ex
1557 1861 1780 1892 contrarietate
1800 1861 1990 1902 opinionum
1999 1860 2033 1891 in
2057 1861 2289 1893 dubitationem

1297 1904 1460 1935 adducitur
1479 1913 1486 1933 :
1508 1902 1575 1934 imo
1587 1905 1621 1934 in
1639 1903 1736 1946 pejori
1744 1903 1822 1935 statu
1840 1906 2012 1945 reperitur,
2033 1905 2175 1944 &magis
2184 1903 2291 1943 culpa‹

1299 1947 1494 1987 bilitetagit,
1514 1945 1609 1987 quam
1617 1947 1685 1981 ille,
1706 1948 1761 1988 qui
1771 1946 1854 1978 estin
1871 1948 1987 1981 dubio,
2007 1947 2083 1987 quia
2100 1947 2167 1987 agit
2176 1954 2289 1977 contra

1298 1990 1540 2021 inclinationem
1549 1988 1727 2021 imeneorus
1737 1990 1772 2021 in
1781 1989 1911 2022 alteram
1928 1998 2046 2030 partem
2054 2008 2064 2023 ‚
2086 1989 2119 2021 &
2129 1988 2172 2020 sic
2181 1998 2292 2021 contra

1299 2031 1460 2064 distamen
1478 2032 1610 2063 tationis
1626 2042 1751 2072 propter
1767 2032 1898 2064 fortiora
1916 2034 2057 2066 motiva,
2077 2041 2144 2073 quae
2166 2031 2236 2064 sunt
2256 2033 2292 2063 in

1299 2078 1400 2116 magis
1422 2075 1592 2115 probabili,
1612 2085 1709 2116 quain
1728 2076 1897 2116 relinquit,
1916 2085 1952 2107 ut
1971 2077 2133 2107 evidenter
2141 2075 2293 2107 monstra-

1301 2129 1368 2150 tum
1388 2118 1430 2149 est
1446 2117 1531 2158 supra
1542 2119 1574 2148 in
1592 2117 1745 2150 undecimo
1758 2116 1961 2159 fundamento
1976 2128 2032 2160 pro
2040 2118 2099 2153 hac
2120 2117 2292 2150 sententia:

1301 2162 1385 2202 Ergo
1399 2161 1452 2191 iste
1463 2160 1586 2207 Xpraestar
1603 2160 1728 2192 facilem
1745 2161 1893 2192 assensum
1910 2160 1978 2194 his,
1998 2171 2066 2201 quse
2087 2162 2181 2192 dubia
2203 2160 2290 2195 sunt,

1302 2206 1381 2245 quin
1390 2203 1493 2244 potius
1512 2203 1580 2237 his,
1600 2213 1668 2243 quae
1686 2205 1786 2243 magis
1797 2212 1944 2243 apparent
1962 2202 2054 2237 falsa,
2074 2206 2167 2243 quiim
2189 2213 2261 2235 veta
2281 2225 2291 2238 ‚

1305 2255 1416 2279 contra
1437 2244 1627 2286 Angelicum
1647 2243 1847 2281 Do&orem3
1868 2247 1902 2277 &
1922 2244 1988 2276 cito
2007 2247 2106 2276 credit
2122 2265 2132 2279 ,
2159 2245 2292 2288 ideoque

1304 2289 1381 2322 levis
1397 2288 1437 2320 est
1448 2290 1559 2322 corde,
1575 2297 1685 2320 contra
1701 2289 1846 2319 divinum
1855 2287 2088 2323 testimonium,
2110 2289 2228 2330 Ecclefi
2243 2300 2290 2328 19.

1305 2335 1337 2366 id
1348 2332 1388 2363 est
1398 2352 1407 2366 ‚
1429 2333 1640 2370 imprudenter
1655 2332 1739 2371 agit,
1762 2332 1795 2363 δε
1806 2340 1929 2372 peccat.

1349 2375 1387 2423 ξι
1403 2374 1627 2409 confirmatur,
1647 2373 1722 2415 quia
1742 2373 1923 2407 S.Thomas
1943 2374 2010 2406 vult
2021 2375 2054 2406 in
2071 2376 2292 2407 contrarietate

1305 2420 1497 2459 opinionum
1511 2437 1522 2451 ,
1542 2417 1564 2448 si
1587 2427 1650 2448 una
1669 2416 1887 2457 atnpletstenda
1907 2417 1966 2452 est,
1987 2420 2032 2449 ita
2052 2419 2142 2450 nobis
2163 2419 2294 2451 alteram

1307 2461 1543 2502 'improbabilem
1553 2461 1671 2495 videti,
1694 2470 1728 2492 ut
1737 2461 1815 2492 nihil
1836 2471 1893 2492 nos
1904 2471 2028 2492 moveat
2038 2481 2048 2496 ,
2069 2464 2146 2502 quin
2158 2462 2294 2494 nostram

1309 2505 1519 2536 indubitatam
1530 2512 1691 2535 teneamus
1701 2525 1709 2533 .
1731 2503 1868 2545 Qianto
1878 2503 1982 2536 minus
2003 2506 2100 2545 igitur
2110 2505 2159 2536 ille
2181 2515 2295 2537 conce-

1309 2549 1393 2579 deret
1403 2557 1459 2578 nos
1471 2546 1550 2592 posse
1560 2546 1645 2578 illam
1654 2546 1800 2587 amplecii
1808 2567 1818 2581 ,
1841 2547 1928 2589 cujus
1937 2548 2096 2579 contraria
2105 2548 2149 2579 ita
2160 2558 2217 2579 nos
2225 2559 2294 2579 mo-

1309 2599 1397 2624 veat,
1419 2599 1453 2621 ut
1463 2590 1605 2621 solidiora
1614 2599 1798 2630 argumenta
1816 2592 1956 2622 veritatis
1968 2591 2052 2622 illam
2071 2592 2181 2622 habere
2192 2591 2294 2622 existi-

1310 2637 1450 2680 memus?
1471 2631 1580 2680 Quam
1590 2632 1701 2674 longe,
1720 2632 1821 2673 quaeso
1830 2653 1839 2667 ‚
1861 2633 1974 2665 distant
1993 2631 2102 2664 asensu
2124 2637 2204 2664 tanti
2225 2634 2295 2666 Do-

1310 2676 1407 2708 &oris
1416 2676 1481 2709 illi,
1503 2686 1577 2723 qui,
1595 2677 1798 2716 quantumvis
1806 2676 1977 2708 reluctante
1992 2676 2203 2711 conscientia,
2225 2687 2294 2718 quae

1311 2719 1447 2760 sequitur
1457 2718 1621 2750 validiores
1638 2720 1773 2750 rationes
1784 2720 1817 2750 δε
1839 2719 1968 2751 fortiora
1987 2719 2106 2749 motiva
2117 2739 2126 2753 ,
2150 2723 2295 2752 nituntur

1308 2772 1381 2793 earn
1389 2763 1570 2808 detorque-re
1580 2763 1613 2792 in
1629 2771 1696 2792 eam
1706 2771 1824 2802 partem
1833 2782 1843 2797 ,
1866 2764 1900 2793 in
1908 2771 2020 2802 quam,
2043 2765 2295 2803 pmponderame

1311 2814 1396 2853 parte
1407 2814 1582 2839 contraria,
1604 2805 1691 2836 nullo
1700 2806 1817 2838 modo,
1838 2814 1938 2845 neque
1957 2804 2053 2836 etiam
2062 2805 2183 2846 physice
2202 2808 2296 2837 incli-

1311 2849 1505 2894 natiporest?
1527 2847 1646 2879 Nonne
1665 2847 1725 2878 hoc
1735 2847 1776 2878 est
1790 2846 1923 2880 formare
1937 2846 2163 2879 conscientiam
2185 2858 2295 2880 contra

1312 2893 1538 2924 conscientiam
1554 2910 1563 2925 ,
1593 2891 1627 2922 &
1649 2889 1772 2930 opinati
1803 2900 1867 2922 non
1887 2890 2054 2922 secundum
2082 2893 2298 2932 apparentiam

1311 2937 1376 2969 rei,
1398 2933 1446 2965 sed
1458 2933 1575 2974 fingere
1585 2942 1694 2964 vetum
1702 2942 1738 2964 ex
1747 2932 1849 2964 nostro
1857 2933 1988 2965 arbitrio
1995 2953 2005 2968 ,
2015 2935 2156 2966 adversus
2165 2944 2200 2965 ea
2207 2954 2217 2969 ,
2228 2944 2297 2976 quae

1313 2978 1449 3009 diximus
1459 2975 1542 3018 supra
1550 2975 1585 3007 in
1598 2984 1622 3007 1.
1624 2973 1828 3017 fundamento
1847 2987 1902 3017 pro
1911 2977 1967 3008 hac
1977 2976 2145 3008 sententia?

1356 3020 1652 3066 Deciinumnonum
1671 3017 1909 3051 fundamentum
1923 3019 1982 3054 est,
2002 3021 2076 3060 quia
2091 3020 2158 3062 jura
2179 3021 2298 3062 expres-

1314 3062 1345 3095 se
1366 3065 1577 3094 determinant
1599 3064 1631 3092 in
1656 3063 1803 3093 varietate
1824 3064 2013 3103 opinionum
2039 3064 2212 3102 eligendam
2242 3064 2298 3095 esse

1314 3107 1414 3147 magis
1423 3106 1629 3146 probabilem,
1638 3104 1734 3136 Clem.
1744 3107 1821 3136 unic.
1834 3107 1860 3142 §.
1870 3103 1925 3147 fin.
1935 3106 1980 3138 ibi
1990 3116 1997 3136 :
2007 3100 2186 3145 Opinionem
2189 3106 2298 3148 sei-un-

1314 3148 1385 3181 dam
1396 3158 1538 3186 tanquam
1549 3145 1780 3187 probabiliorem
1789 3168 1799 3183 ‚
1816 3146 1852 3180 (θ’
1861 3149 2042 3181 c--duximus
2051 3150 2220 3187 eligendam
2228 3170 2238 3185 ,
2259 3149 2297 3181 de

1314 3195 1442 3225 Summa
1452 3192 1632 3237 Trinitate,
1654 3189 1692 3223 ὠ·
1705 3189 1771 3233 fide
1780 3189 1958 3227 Catholica,
1978 3203 2003 3224 c.
2013 3194 2213 3232 Capelianus,
2234 3194 2296 3224 ibi.

1317 3236 1375 3267 Sed
1399 3234 1544 3275 posterior
1553 3235 1702 3265 sententia
1723 3234 1888 3266 meliori&
1911 3235 2062 3267 subtiliori
2071 3238 2182 3267 nititur
2203 3237 2299 3266 rario-

1318 3289 1356 3309 ne
1367 3298 1376 3312 ‚
1398 3288 1489 3319 arque
1507 3279 1625 3309 ibidem
1634 3285 1745 3308 notant
1761 3274 2034 3310 Abb.&Doci.dc
2047 3278 2161 3322 feriis,
2183 3278 2203 3309 l.
2214 3278 2298 3310 Idem

1319 3332 1381 3353 cuni·
1391 3322 1492 3352 eodem
1500 3318 1595 3364 infin.
1606 3329 1677 3351 cum
1685 3320 1730 3351 ibi
1741 3323 1856 3352 notatis
1868 3331 1919 3362 per
1929 3321 2124 3361 Bam-Augei.
2132 3324 2165 3353 &
2177 3320 2298 3352 Docto-

1319 3375 1365 3396 res
1374 3362 1426 3405 ,ff
1438 3366 1488 3395 De
1497 3362 1645 3402 jurisdit‘l.
1657 3373 1732 3394 omn.
1743 3364 1833 3400 pudic.
1845 3364 1866 3395 l.
1878 3364 2037 3400 AEmilius,
2051 3356 2085 3407 [Ji
2096 3366 2145 3396 Dc
2155 3366 2263 3397 minor.
2276 3365 2299 3396 l.

1320 3409 1414 3439 Pater
1425 3404 1528 3448 ,ff-De
1539 3406 1662 3452 epifi&
1673 3414 1773 3436 textus
1785 3405 1872 3438 fortis
1882 3411 1912 3439 in
1925 3411 1950 3445 ς’.
1962 3410 2038 3440 Item
2046 3409 2173 3447 pretium
2183 3406 2252 3447 inst.
2263 3411 2301 3438 di·

1320 3458 1408 3490 (πμ.
1420 3456 1456 3483 &⁶
1466 3448 1556 3482 vend·
1567 3450 1609 3481 ibi
1621 3459 1627 3480 ;
1638 3454 1656 3482 ὸ
1665 3452 1699 3480 αἱ
1708 3450 1830 3481 Proculi·
1835 3451 1985 3490 sementia
1993 3451 2122 3483 dicentis
2131 3470 2140 3484 ‚
2146 3458 2301 3490 permuta-

2202 3502 2260 3524 tio-

2303 745 2362 780 269
