2397 3664
283 66 384 105 σου

225 141 276 179 ras
287 145 493 178 S.D.N.haud
506 145 638 178 fideliter
648 145 757 182 referri
767 147 804 182 ab
815 146 970 190 aliquibus
979 148 1220 182 recentioribus:

230 199 305 224 narn
317 190 410 223 verba
421 189 488 227 illa,
497 201 544 226 ne,
554 189 587 220 in
597 189 642 224 sui
652 189 783 229 quidem
794 189 917 225 ordinis
930 189 1076 222 Ecclesiis
1088 191 1182 223 liceat
1189 192 1225 223 il-

229 233 268 265 lis
278 234 456 273 praedicare,
466 232 644 264 referuntur
654 232 717 267 fine
730 232 785 264 illa
794 232 949 273 particula
961 233 1120 274 negativa,
1131 246 1178 273 ne,
1190 244 1225 267 ut

187 297 194 299 ⁴
225 279 302 317 apud
320 276 447 317 August.
460 275 587 307 Batb.in
596 274 805 311 Collcelamad
814 274 1037 318 c.4.fi2ſj{24.de
1045 275 1223 319 refhr.71.z4.

158 415 200 447 43

155 1324 200 1355 44

150 2277 187 2310 45

223 319 323 361 Qlod
338 319 443 352 multis
451 317 649 350 occasionem
672 320 801 359 ptaebuit
821 321 949 351 decreta
959 319 1022 352 haec
1033 322 1224 362 detorquen-

225 363 258 394 di
268 363 300 394 in
312 363 411 395 sensus
421 363 437 392 a
449 371 554 392 mente
565 360 596 393 S.
608 361 728 404 Synodi
737 362 859 403 prorsus
871 363 990 395 alienos
1002 387 1010 393 .

266 405 466 438 Undecimus
479 404 609 437 habetur
620 406 653 436 in
663 404 804 446 c.:..verſs
814 408 852 438 Si
863 406 935 438 veri>
943 405 1017 444 quod
1025 406 1176 449 abfitseff.
1190 415 1216 447 5.

223 449 256 482 in
271 448 436 490 Regulari,
447 446 502 487 qui
516 457 654 485 errores,
667 450 699 481 δι
710 449 854 481 scandala
865 450 1112 485 disseminaverit
1125 451 1158 482 in
1172 462 1225 491 po-

224 493 331 532 pulum
342 515 351 528 ,
363 489 482 523 etiamsi
496 489 530 522 in
541 489 736 524 Monasterio
748 492 802 530 sui,
815 494 862 524 vel
875 493 1004 525 alterius
1015 494 1138 526 ordinis
1152 505 1224 535 prae-

222 535 378 567 dicaverit
388 555 399 570 ‚
410 535 501 565 debet
514 534 599 566 enim
610 535 640 566 ei
652 536 689 567 ab
700 535 854 578 Episcopo
863 547 978 568 munus
987 538 1133 577 praedicat
1141 538 1223 569 ionis

223 577 393 613 interdici,
416 587 449 608 ut
462 577 526 609 illic
541 578 719 619 praecipitur
730 603 737 610 .
760 580 848 612 Adde
868 582 953 620 quod
975 582 1137 613 decretum
1149 580 1223 613 cum

221 622 300 654 olim
312 620 424 659 fratres
435 619 530 652 saneti
543 620 696 653 Francisci
711 622 880 663 Provincie
891 625 941 656 del
952 624 1062 656 Zuzco
1072 624 1223 665 petierint

221 664 374 696 declarari
387 686 396 699 ,
419 674 458 695 an
479 663 532 704 ipsi
555 664 665 705 vigore
685 666 809 698 suorum
830 667 1066 707 privilegiorum
1088 668 1224 699 eximen-

222 708 304 739 tium
314 718 367 740 eos
376 708 414 738 ab
425 706 608 741 Ordinariis
620 730 629 745 ,
651 719 691 749 po
699 709 768 741 ssint
781 710 801 740 si
816 710 1016 750 praedicando
1027 711 1152 752 aliquod
1165 711 1223 742 hae-

222 752 380 788 rericum,
402 751 448 782 vel
461 761 628 787 erroneum
653 753 865 793 protulerint,
884 753 1027 794 castigari
1040 755 1077 786 ab
1088 753 1224 789 Ordina·

221 795 282 832 rio,
299 796 385 835 juxta
395 793 453 826 clm.
466 806 493 825 2.
507 804 580 825 cum
592 805 702 827 eorum
715 796 880 836 privilegia
892 796 951 827 sint
962 796 1024 837 posi
1037 796 1223 831 Concilium

219 839 411 871 confirmata
423 849 429 868 t
440 837 510 869 ΞΜ.
522 836 741 879 Congregatio
751 839 870 872 censuit
885 850 936 879 per
946 841 1222 876 confirmationem

220 882 463 922 privilegiorum
475 891 540 913 non
552 881 610 917 esse
620 884 807 921 derogatum
819 881 911 915 d.c.2.
924 882 1003 923 vers.
1015 885 1051 915 Si
1063 883 1133 915 verb
1145 905 1154 920 ,
1163 883 1222 915 vnisi

221 925 255 957 in
267 924 334 965 ipsis
350 924 522 964 privilegiis
535 934 679 964 appareat
691 924 827 964 expresse.
840 924 1011 966 dispositio,
1022 937 1088 966 quae
1100 926 1134 958 sit
1146 938 1221 962 con-

221 968 320 1000 traria
331 966 528 1008 dispositioni
541 966 685 999 Concilii
699 991 706 998 .
734 967 849 1001 Rursus
869 969 992 1001 censuit
1004 968 1222 1011 congregatio

219 1012 258 1043 ab
270 1010 510 1051 Archiepiscopo
522 1009 750 1042 Mediolanensi
772 1011 915 1047 consulta
935 1023 971 1044 ex
990 1012 1080 1044 Bulla
1101 1013 1147 1045 I’ii
1168 1014 1220 1044 1V.

219 1056 257 1086 de
268 1054 341 1085 fidei
352 1052 539 1093 profeffione
550 1075 559 1088 ,
582 1052 757 1093 Regulares
771 1055 945 1087 conciones
956 1056 1067 1088 habere
1079 1058 1221 1091 volentes

218 1108 285 1129 non
298 1107 402 1128 tenere
415 1096 515 1127 facere
526 1095 611 1127 illam
625 1097 697 1128 fidei
717 1097 938 1137 professionem
948 1121 958 1135 ‚
980 1109 1149 1141 antequam
1162 1100 1220 1131 hoc

215 1149 332 1172 munus
344 1140 498 1171 assumant
512 1152 516 1169 ;
539 1140 620 1180 posse
645 1151 751 1175 tamen
772 1141 965 1173 Ordinarios
976 1165 985 1178 ,
1006 1153 1070 1182 quo
1082 1152 1221 1182 tempore

216 1183 432 1215 concionandi
446 1182 612 1214 licentiam
624 1194 659 1216 ex
670 1186 802 1220 decreto
813 1184 957 1222 Concilii
975 1195 1041 1226 cap.
1076 1185 1155 1227 ,seffi
1168 1197 1219 1226 24.

216 1228 334 1260 dabunt
348 1225 560 1265 Regularibus
571 1248 580 1262 ,
600 1227 724 1267 exigere
745 1229 782 1260 ab
804 1228 850 1260 eis
862 1229 940 1260 banc
953 1228 1039 1270 profe
1068 1240 1173 1262 ionem
1184 1231 1220 1262 fi-

219 1270 288 1306 dei,
313 1269 332 1301 si
346 1270 391 1300 ita
412 1268 481 1309 ipsis
500 1270 642 1310 expedire
655 1272 833 1306 videbitur,

264 1313 483 1349 Duodecimus
495 1312 535 1344 est
546 1313 633 1350 circa
652 1313 919 1351 conservatores,
941 1326 1014 1347 nam
1035 1316 1091 1348 etsi
1111 1318 1219 1348 decre-

218 1367 286 1393 tum
297 1355 442 1393 Concilii
453 1359 588 1396 cap.5.in
598 1355 769 1398 fi’hs‘ffhl·
779 1360 882 1400 quoad
897 1359 956 1390 hoc
967 1360 1158 1393 nominatim
1169 1371 1220 1391 ex-

215 1400 313 1441 cipiat
325 1399 483 1440 regularia
496 1401 565 1432 loca
577 1411 588 1435 ;
601 1410 707 1433 tamen
719 1401 896 1442 supervenit
908 1402 1008 1442 postea
1019 1402 1219 1436 Constitutio

215 1443 367 1483 Gregorii
389 1443 460 1473 XV.
483 1444 533 1474 De
549 1442 841 1484 Conservatoribus:
862 1445 975 1478 itidem
993 1446 1166 1486 compilata
1184 1447 1218 1478 in

213 1486 283 1519 Sac.
295 1485 557 1527 Congregatione
569 1486 711 1520 Concilii
722 1510 731 1524 ‚
749 1499 812 1529 qua
834 1489 917 1524 inter
929 1498 1042 1521 caetera
1053 1489 1198 1522 statuitur
1209 1513 1218 1526 ‚

216 1540 251 1562 ut
262 1528 433 1570 Reguleres
443 1552 452 1566 ,
469 1530 529 1571 qui
548 1529 632 1562 secus
653 1541 747 1571 quarn
770 1532 857 1574 juxta
881 1531 1015 1565 formam
1028 1532 1071 1564 ibi
1084 1533 1218 1574 praescti-

214 1582 301 1616 ptam
320 1572 567 1606 Conservatores
579 1574 697 1614 eligere
708 1597 717 1610 ‚
740 1585 793 1606 aut
814 1574 920 1607 elestis
940 1576 987 1607 uti
1003 1576 1064 1609 ausi
1078 1576 1197 1608 fuerint
1208 1599 1217 1613 ,

213 1627 293 1650 voce
305 1616 405 1648 activa
415 1638 425 1652 ,
448 1618 480 1647 &
501 1617 615 1656 paffiva
636 1617 696 1649 sint
709 1619 771 1657 ipso
790 1619 856 1659 jure
880 1619 995 1659 privati
1006 1641 1016 1655 ,
1036 1621 1068 1651 ὃς
1089 1620 1218 1652 illorum

214 1660 403 1694 Conventus
413 1682 423 1696 ‚
445 1670 480 1691 ac
504 1659 697 1694 Monasteria
708 1683 718 1699 ‚
739 1672 912 1703 eorumque
933 1653 1070 1702 personae
1082 1685 1091 1699 ,
1115 1674 1150 1694 ac
1165 1665 1219 1695 bo-

213 1715 255 1737 na
270 1713 397 1735 careant
408 1702 642 1738 Conservatore
662 1707 699 1737 ad
723 1715 842 1736 annum
856 1727 865 1741 ,
885 1705 967 1737 itaut
981 1706 1107 1737 illorum
1121 1706 1218 1738 causae

213 1748 337 1780 interea
345 1757 453 1789 coram
464 1747 609 1778 locorum
630 1747 815 1780 Ordinariis
838 1748 1008 1789 cognosci,
1031 1760 1066 1781 ac
1087 1749 1217 1782 diffiniri

213 1794 347 1823 deveant
358 1813 365 1821 .
389 1789 536 1821 Praeterea
548 1792 582 1821 in
596 1793 623 1826 ξ.
637 1791 760 1832 Insuper
771 1814 780 1828 ,
803 1792 985 1825 decernitur
998 1802 1031 1823 ut
1044 1791 1218 1834 Regulares

214 1834 296 1867 infra
325 1844 445 1873 tempus
475 1833 516 1864 ibi
550 1835 760 1875 praescriptum
793 1834 1044 1871 Conservatores
1066 1837 1183 1875 eligere
1205 1859 1215 1874 ,

214 1879 339 1921 ejusque
350 1877 512 1913 elestionis
531 1879 760 1910 documentum
781 1878 861 1923 infra
888 1879 972 1910 idern
985 1889 1105 1921 tempus
1125 1891 1217 1920 penes

215 1922 284 1954 aCta
293 1920 399 1953 Curiae
412 1920 658 1953 Ordinatiorum
681 1922 827 1954 exhibere
838 1945 848 1959 ‚
870 1923 902 1953 ὃς
917 1921 1077 1955 dimittere
1090 1933 1218 1955 tenean-

213 1975 281 1997 tur:
306 1965 447 2004 alioquin
460 1975 498 1996 eo
510 1974 649 1996 termino
661 1965 762 2005 elapso
772 1988 781 2002 ‚
804 1966 955 2006 quamdiu
967 1965 1216 1998 Conservatores

216 2006 391 2041 secundum
403 2006 537 2039 formam
548 2008 683 2049 ejusdem
700 2008 952 2042 constitutionis
967 2019 1031 2040 non
1043 2010 1196 2050 elegerint
1207 2033 1217 2047 ‚

214 2062 324 2083 coram
338 2050 450 2082 eisdem
463 2050 642 2082 Ordinariis
655 2053 900 2084 conveniantur.
911 2052 949 2084 Et
960 2052 1042 2083 infra
1053 2075 1062 2088 ,
1076 2063 1108 2084 ut
1131 2052 1217 2085 Con-

215 2094 387 2127 servatores
409 2095 498 2125 semel
510 2095 651 2136 deputati
673 2098 808 2127 durante
829 2096 1051 2137 quinquennio
1076 2097 1217 2129 amoveri

214 2148 282 2170 non
297 2137 411 2178 possint
424 2159 432 2172 ,
452 2137 507 2168 nisi
520 2148 556 2169 ex
569 2138 711 2178 legitima
724 2139 814 2170 causa
828 2141 843 2169 a
854 2139 933 2170 Sede
947 2139 1148 2178 Apostolica‚
1163 2150 1215 2171 aut

214 2183 360 2213 locorum
379 2180 580 2222 Ordinariis,
604 2191 695 2221 prout
718 2181 929 2223 Regularibus
953 2182 1082 2214 libuerit
1107 2194 1216 2224 appro-

212 2226 334 2256 banda.

253 2267 523 2302 Decimustertius
543 2266 584 2303 est
603 2269 706 2307 quoad
733 2268 1007 2307 indulgentiarum
1029 2268 1216 2307 publicatio-

213 2312 333 2346 nem,&
349 2311 616 2353 eleemosynarum
627 2312 888 2350 coi-rogationem
899 2333 908 2347 ,
930 2313 968 2343 de
980 2311 1093 2351 quibus
1106 2312 1138 2342 in
1149 2323 1173 2344 c.
1186 2324 1214 2349 9.

207 2353 275 2397 seff.
289 2366 304 2386 z
317 2365 341 2385 1.
355 2364 428 2386 narn
439 2364 511 2385 cum
524 2353 704 2385 dubitatum
719 2354 813 2389 fuerit
823 2377 832 2390 ,
845 2365 883 2385 an
898 2353 1109 2394 Regularibus
1123 2355 1222 2388 liceat

212 2398 315 2440 public
322 2399 434 2433 are,vel
447 2407 619 2437 proponere
632 2398 746 2438 populo
758 2398 975 2437 Indulgentias
986 2397 1062 2428 oli-m
1076 2398 1128 2430 sibi
1141 2410 1216 2430 con-

213 2441 309 2473 cessas
320 2440 381 2472 sine
395 2441 536 2475 licentia,
550 2440 595 2471 vel
609 2441 845 2480 approbatione,
858 2441 903 2472 vel
918 2441 1110 2472 authoritate
1121 2441 1216 2473 Ordi-

212 2485 315 2520 narii,
337 2494 388 2516 aut
402 2484 468 2515 illas
479 2494 546 2523 quae
557 2483 884 2516 Consraternitatibus
895 2483 1142 2524 quibuscumque
1157 2484 1214 2517 sint

215 2527 375 2559 conceffae:
391 2526 583 2567 §.Congreg
595 2527 714 2559 censuit
727 2538 791 2559 non
807 2526 1065 2569 licereAEtquoad
1078 2528 1213 2559 eleemo-

215 2571 303 2612 synas
313 2570 618 2606 declaravit,Fi‘atres
627 2570 788 2603 Ordinum
801 2570 1062 2602 Mendicantium
1074 2580 1138 2605 non
1150 2571 1215 2611 pos-

217 2614 245 2645 se
257 2614 384 2654 quidein
396 2615 433 2645 ab
446 2613 603 2654 Episcopis
617 2614 794 2654 prohiberi,
815 2614 987 2655 quominus
1000 2624 1051 2654 per
1062 2613 1169 2654 seipsos
1180 2614 1214 2646 in

216 2657 387 2696 diecesibus
404 2679 413 2693 ,
436 2657 491 2688 ubi
503 2657 618 2688 habent
630 2656 834 2693 Conventus,
846 2657 1057 2698 eleemosynas
1066 2667 1213 2698 queranu

218 2699 276 2729 Sed
290 2709 396 2731 tamen
410 2700 428 2730 s}
441 2710 528 2731 extra
541 2700 678 2736 loca2ubi
689 2700 881 2732 Monasteria
891 2700 1038 2736 existunt,
1050 2700 1215 2740 quaeritare

218 2743 379 2774 voluerint
391 2765 399 2779 ‚
412 2744 515 2775 teneri
526 2743 649 2776 suorum
660 2743 853 2783 superiorum
866 2744 1028 2775 licentiam
1040 2743 1215 2774 Ordinatio

219 2784 376 2817 ostendere
389 2798 395 2816 τ
410 2786 454 2817 Ac
468 2787 486 2817 si
498 2797 585 2818 exrra
595 2787 742 2827 diocesim
753 2808 762 2825 ,
775 2787 875 2819 teneri
887 2787 982 2818 ctiam
994 2786 1076 2818 illius
1087 2786 1216 2818 consen-

219 2827 284 2858 sum
297 2828 437 2861 obtinere
449 2852 456 2858 .
481 2829 641 2861 Ceterum
654 2831 733 2862 nulli
744 2832 802 2861 ess'e
815 2830 1058 2868 permittendum
1069 2852 1079 2867 ,
1093 2840 1127 2861 ut
1137 2831 1216 2863 elec·
1233 2828 1237 2832 ’

221 2870 364 2911 mosynas
374 2882 513 2912 quaerant
525 2883 576 2915 per
588 2873 664 2905 alios
673 2895 682 2908 ‚
693 2872 786 2914 quam
798 2873 842 2906 sui
854 2872 988 2905 Ordinis
1001 2873 1109 2904 fratres
1120 2896 1128 2904 .

260 2913 541 2955 Decimusquartus
552 2917 724 2948 habeturin
735 2916 999 2955 c.unic.leff.22.de
1010 2915 1140 2955 absim&
1150 2918 1216 2948 evi-

221 2955 342 2988 tand.in
353 2957 453 2988 celebr.
466 2957 557 2997 Mass.
573 2959 634 2989 ibi:
657 2958 747 2991 Neve
760 2959 921 3000 patiantur
934 2960 1061 2998 privatis
1072 2959 1104 2990 in
1117 2960 1216 2990 domi-

222 3001 278 3031 bus
289 3022 299 3035 ,
319 3009 412 3040 atque
434 3001 566 3032 omnino
588 3012 675 3033 extra
687 3003 874 3038 Ecclesiam,
900 3006 931 3033 ὅ(
944 3005 979 3035 ad
992 3003 1135 3034 divinum
1148 3013 1216 3033 tan-

220 3053 290 3074 tum
303 3043 580 3075 cultumdcdicata
598 3044 749 3077 Oratoria
770 3047 807 3076 ab
827 3046 939 3077 eisdem
948 3045 1129 3077 Ordinariis
1141 3046 1216 3077 desi-

221 3087 348 3125 gnanda
358 3108 367 3121 ‚
378 3087 410 3117 &
423 3085 573 3117 visitanda
583 3109 591 3121 ,
615 3088 751 3124 sanctum
764 3090 820 3119 hoc
834 3089 1023 3121 sacrificium
1037 3088 1053 3119 a
1066 3088 1216 3120 saeculari-

222 3130 278 3160 bUS>
289 3151 298 3165 ⁷
321 3139 373 3160 aut
387 3129 584 3168 regularibus
595 3131 844 3171 quibuscumque
864 3132 969 3172 peragi
983 3155 990 3162 .
1011 3130 1138 3173 Qubus
1150 3141 1216 3162 ver-

224 3173 271 3203 bis
292 3173 447 3203 sublatum
458 3171 498 3202 cst
509 3172 707 3212 privilegium
729 3176 765 3205 ab
786 3175 935 3206 Honorio
957 3175 1009 3205 111.
1035 3175 1214 3206 concessum

223 3215 370 3246 fratribus
383 3214 687 3252 Praedicator-filma&
698 3216 882 3249 Minoribus
893 3218 1072 3249 celebrandi
1084 3218 1116 3251 in
1128 3217 1216 3248 Alta-

223 3268 250 3288 τι
262 3258 391 3289 Viatico
404 3259 499 3289 ctiam
515 3257 665 3297 Episcopo
677 3269 740 3290 non
750 3260 949 3299 permittente
963 3261 1050 3302 juxta
1062 3271 1136 3292 texo
1150 3263 1214 3292 inc.

226 3302 262 3331 ln
275 3300 320 3330 hir
332 3300 367 3331 dc
378 3301 560 3340 privilegAEt
573 3302 757 3340 =iteneraliter
769 3304 826 3333 hoc
839 3305 999 3334 decretum
1012 3304 1130 3335 censuit
1146 3304 1213 3334 Sac.

225 3342 448 3382 congregatio
459 3346 720 3384 comprehendere
741 3345 837 3376 ctiam
861 3345 1031 3386 Regularcs
1044 3356 1215 3387 quantum-

229 3385 276 3416 vis
288 3388 569 3428 cxcinpt(›s,c·osquc
583 3399 618 3418 ca
630 3388 818 3428 oinnia,qu:c
832 3388 869 3418 ab
879 3388 1059 3420 Ordinariis
1071 3391 1215 3420 locorum

230 3428 317 3459 circa
327 3429 534 3466 observanda,
555 3432 586 3462 ὅ(
606 3431 754 3466 evitanda
773 3431 803 3461 in
822 3430 984 3461 Missarum
1003 3432 1214 3464 celebratione

233 3470 346 3503 statuta
357 3471 472 3503 suerint
484 3495 493 3509 ,
504 3474 636 3506 omnino
647 3474 764 3506 servare
774 3473 887 3509 teneri,
898 3475 933 3506 ad
946 3473 1037 3514 idque
1047 3475 1142 3506 ctiam
1152 3485 1216 3515 poe-

637 51 803 124 Prosp.
823 51 1045 125 fagnan.
1069 52 1122 108 in
1150 51 1369 109 Primum
1393 53 1600 110 Librum
1614 53 1878 113 Decretal.

1265 147 1314 182 nis
1326 169 1336 184 ,
1345 157 1381 182 ac
1396 147 1535 182 censuris
1546 145 1768 182 Ecclesiasticis
1779 148 1817 179 ab
1827 147 1936 182 iisdem
1942 150 2112 185 ordinariis
2122 154 2218 195 cogi,
2229 153 2262 192 δι’,

1264 190 1413 231 compelli
1434 190 1515 230 posse
1525 213 1534 221 .
1555 188 1632 231 Qia
1642 193 1679 221 de
1691 200 1723 222 re
1733 200 1819 224 extat
1829 192 1928 226 etiarn
1937 203 2141 235 extravagans
2162 197 2193 229 S.
2215 196 2262 229 Pii

1265 233 1472 274 V.publicata
1481 233 1530 264 die
1543 243 1593 269 29.-
1605 232 1719 268 Martii
1735 237 1824 271 1566-
1837 244 1905 275 quae
1914 237 1990 271 dum
2000 238 2163 271 interdicit
2175 240 2263 272 Pres-

1265 276 1381 318 byteris
1391 276 1539 308 omnibus
1550 275 1613 308 tam
1625 276 1928 318 secularibus,quam
1938 280 2135 321 regularibus
2145 283 2197 314 sub
2208 293 2260 324 pe-

1264 330 1305 355 na
1315 319 1418 359 suspen
1425 319 1518 351 fionis
1527 318 1544 352 a
1555 319 1725 356 divinisme
1736 330 1880 361 pretextu
1891 322 2160 363 licentiarum,aut
2170 325 2266 358 facul-

1265 372 1367 394 tatum
1380 362 1487 394 Mitras
1499 363 1658 398 celebrent
1670 363 1845 403 vespertino
1856 374 1996 406 tempore
2006 378 2018 403 ,⁰
2028 367 2162 409 precipit
2176 368 2261 399 loco-

1264 416 1335 437 rum
1345 404 1528 440 ,Ordinariis
1538 428 1547 442 ‚
1557 416 1591 438 ut
1602 408 1743 438 eamdem
1755 406 2017 442 constitutionem
2029 410 2082 442 sub
2093 409 2257 452 praedietis,

1264 450 1297 485 &
1308 448 1377 481 aliis
1388 448 1442 480 sibi
1453 448 1531 481 bene
1544 449 1612 480 visis
1622 449 1710 490 penis
1722 450 1950 484 inviolabiliter
1961 454 2116 486 observari
2127 453 2257 487 faciant,

1307 491 1594 532 Decimusquintus
1604 492 1645 524 est
1657 492 1691 524 in
1703 492 1912 533 Regularibus
1923 497 1996 538 ,qui
2005 496 2261 531 Confraternita-
2279 505 2321 537 47

1264 545 1332 567 turn
1341 558 1351 572 ,
1377 536 1425 567 vel
1444 535 1655 577 Hospitalium
1674 536 1978 573 administrationem
1998 540 2184 581 suscipiunt:
2206 550 2259 582 po,

1264 578 1319 611 test
1330 579 1416 614 enirn
1426 579 1591 620 Episcopus
1611 590 1663 611 eos
1682 590 1795 621 cogere
1814 582 1851 612 ad
1871 584 2042 617 reddendas
2054 583 2193 615 rationes
2205 585 2259 615 ad—

1263 622 1517 659 ministrationis,
1527 625 1558 654 &
1570 623 1601 654 in
1614 633 1678 659 eos,
1688 634 1766 664 quos
1777 624 1949 665 culpabiles
1959 627 2119 666 repererit,
2131 629 2168 658 ad
2183 626 2259 668 juris

1263 665 1471 707 praescriptum
1483 666 1732 698 animadvertere
1746 667 1834 710 juxta
1841 668 1982 709 capAEP&
1993 669 2179 710 9.seff.22.ur
2189 669 2259 701 Sac.

1263 707 1485 749 Congregatio
1495 710 1678 741 declaravit.
1690 708 1809 744 Verum
1820 711 1975 748 consulta,
1988 724 2026 744 an
2039 714 2187 750 Abbates‚
2199 713 2260 746 Ah-

1268 752 1383 786 batissae
1393 774 1401 788 ‚
1411 754 1443 783 &
1456 752 1610 792 Praepositi
1623 752 1795 793 Regulares
1806 776 1815 790 ‚
1826 755 1881 795 qui
1893 756 2007 787 liabent
2021 757 2148 788 liberam
2161 756 2261 788 admi-

1264 794 1477 833 nistrationem
1496 795 1619 827 suarum
1638 796 1844 828 Ecclesiarum
1864 809 1900 829 ex
1920 798 2163 834 immemorabili
2183 810 2261 833 con-

1264 839 1429 875 suetudine
1440 860 1450 875 ‚
1472 847 1642 874 teneantur
1662 841 1788 871 reddere
1809 841 1968 872 rationem
1988 841 2178 877 fabricarum
2198 842 2261 874 sua-

1263 892 1333 913 rum
1342 881 1550 914 Ecclesiarum
1563 882 1713 925 Episcopo
1723 883 1833 923 vigore
1857 885 1977 916 decreti
1997 882 2027 916 d.
2036 896 2060 917 c.
2072 895 2102 922 9.
2121 884 2260 930 Respon-

1263 925 1331 961 dit:
1355 924 1432 956 Non
1451 926 1552 956 teneri
1572 949 1579 956 .

1306 968 1562 1000 Decimussextus
1583 968 1624 1000 est
1636 992 1646 1005 ‚
1667 970 1769 1009 quoad
1791 968 2082 1003 Confraternitates
2103 971 2260 1006 laicorum

1262 1011 1295 1042 in
1309 1011 1453 1044 Ecclesiis
1466 1011 1676 1052 Regularium
1684 1011 1846 1045 existentes
1858 1036 1867 1049 ‚
1886 1024 1962 1054 quas
1983 1014 2151 1055 Episcopus
2163 1014 2261 1055 potest

1263 1055 1363 1087 visitat
1371 1067 1386 1087 e
1397 1079 1406 1092 ‚
1429 1066 1521 1095 atque
1534 1056 1570 1086 ab
1590 1056 1716 1087 illarum
1737 1057 1772 1087 ad
1778 1056 2039 1089 ministratoribus
2057 1058 2194 1091 rationes
2206 1059 2259 1092 ad-

1263 1098 1501 1135 ministrationis
1512 1099 1636 1139 exigere
1648 1110 1682 1129 ac
1696 1098 1904 1139 pritscriptum
1916 1099 2089 1143 d.cap.8.&
2097 1100 2258 1142 9.fi‘ss.22.

1262 1152 1327 1173 non
1338 1152 1444 1178 tamen
1457 1142 1552 1182 potest
1564 1153 1670 1173 earum
1682 1141 1826 1182 Capellas
1846 1143 1927 1175 inibi
1949 1145 2018 1177 sitas
2030 1167 2040 1180 ‚
2063 1155 2115 1177 aut
2137 1144 2260 1176 Altaria

1262 1185 1385 1216 visitare
1407 1208 1416 1222 ‚
1447 1185 1502 1217 nisi
1533 1196 1688 1226 quatenus
1719 1185 1927 1218 Confi-atrum
1951 1188 2260 1222 administrationem

1263 1238 1463 1262 concernunt
1480 1251 1490 1266 ,
1512 1239 1545 1261 ut
1567 1229 1709 1264 similiter
1732 1229 1762 1260 S.
1771 1228 1992 1270 congregatio
2001 1231 2131 1264 resolvit
2143 1255 2150 1262 .

1304 1271 1602 1313 Decimusseptimus
1623 1273 1662 1305 est
1679 1275 1782 1313 quoad
1804 1273 1969 1308 inter-‘litia
1978 1297 1987 1310 ‚
2009 1276 2042 1306 &
2060 1285 2191 1307 examen
2205 1285 2258 1306 or-
2279 1285 2320 1317 49

1259 1313 1471 1347 dinandorum
1481 1319 1513 1346 in
1522 1326 1606 1356 cap-1
1617 1325 1717 1351 1.12.1
1728 1326 1740 1353 3
1751 1314 1797 1348 ,(Τ
1814 1315 1987 1358 Iti-sessa}
1999 1328 2071 1350 nam
2082 1317 2158 1353 curn
2167 1318 2258 1350 dubi-

1260 1367 1361 1390 tatum
1374 1358 1523 1394 fuerman
1537 1358 1807 1399 d.c.11,122&13.
1817 1361 1931 1400 quibus
1943 1360 2132 1400 disponitur,
2143 1371 2177 1392 ut
2190 1371 2257 1402 pro-

1260 1401 1340 1433 moti
1353 1403 1390 1433 ad
1402 1401 1528 1436 ordines
1540 1401 1671 1434 minime}
1684 1402 1797 1443 possint
1808 1404 1845 1434 ad
1857 1404 2004 1438 altiorem
2014 1405 2146 1444 gradum
2157 1403 2259 1436 ascen-

1261 1445 1405 1481 dere,nisi
1419 1445 1452 1476 in
1463 1444 1604 1486 subjectis
1613 1445 1777 1478 ordinibus
1789 1445 1847 1478 sint
1860 1447 1992 1484 versati,
2003 1447 2161 1489 regulares
2172 1457 2258 1479 com-

1262 1488 1474 1529 prehendant,
1498 1488 1664 1530 praesertim
1674 1499 1745 1526 eos,
1763 1490 1820 1531 qui
1830 1491 1876 1522 vel
1889 1490 1943 1523 suo
1953 1490 2117 1527 instituto,
2136 1491 2184 1522 vel
2197 1491 2259 1522 alia

1262 1532 1386 1563 ratione
1401 1533 1433 1563 in
1445 1532 1538 1564 sacris
1548 1532 1715 1565 ordinibus
1726 1532 1752 1568 se
1763 1543 1907 1566 exercere
1916 1545 1982 1566 non
1991 1534 2111 1566 solent:
2135 1532 2256 1568 StCon—

1261 1575 1407 1616 gregario
1419 1575 1540 1607 censuit
1550 1576 1812 1615 comprehendere
1824 1598 1834 1612 ,
1845 1577 1921 1617 quia
1929 1577 2203 1618 c.11.generaliter
2215 1578 2258 1608 lo—

1262 1620 1383 1659 quitur,
1394 1620 1425 1650 &
1436 1620 1544 1650 eadem
1556 1619 1637 1650 ratio
1650 1618 1745 1651 subest
1757 1630 1768 1655 ,·
1779 1621 1813 1651 &
1823 1621 2005 1652 mentiones
2014 1623 2053 1653 de
2062 1621 2259 1661 regularibus

1261 1664 1295 1693 in
1306 1674 1331 1694 c.
1344 1672 1355 1693 1
1364 1673 1393 1693 2.
1405 1661 1441 1694 (Τ
1456 1672 1503 1703 13.
1518 1662 1596 1693 fiunt
1610 1664 1645 1694 ad
1659 1662 1834 1700 tollendam
1843 1663 2076 1696 dubitationem
2086 1667 2124 1696 de
2136 1663 2260 1705 privile-

1264 1705 1324 1746 giis
1338 1704 1545 1746 Regularium
1557 1729 1565 1737 .
1578 1706 1616 1738 Et
1629 1706 1744 1738 iterum
1755 1706 1938 1747 disponente
1949 1719 1974 1739 c.
1989 1718 2001 1739 1
2012 1705 2083 1739 L&
2092 1718 2118 1739 c.
2132 1717 2180 1748 14.
2192 1707 2259 1739 ead.

1258 1746 1326 1789 seff-
1347 1749 1512 1781 ordinatos
1524 1751 1559 1781 ad
1572 1749 1713 1784 minores
1735 1750 1860 1782 ordines
1870 1772 1880 1787 ‚
1898 1751 2023 1783 nonnisi
2036 1750 2099 1792 post
2114 1750 2258 1782 annuina

1261 1792 1456 1833 susceptione
1476 1792 1620 1834 postremi
1638 1792 1760 1824 ordinis
1780 1796 1817 1829 ad
1829 1793 1930 1826 sacros
1941 1795 2069 1828 ordines
2079 1793 2258 1834 promoveri

1258 1836 1369 1867 debere
1381 1858 1391 1871 ,
1406 1846 1463 1867 nec
1477 1840 1513 1867 ad
1526 1835 1757 1876 presbyteratus
1765 1836 1911 1869 ordinem
1922 1839 2148 1874 assumendum,
2158 1837 2258 1877 quiin

1260 1878 1441 1910 Diaconatu
1455 1879 1614 1919 integrum
1632 1890 1750 1912 annum
1770 1880 1905 1914 versatus
1924 1891 1989 1914 non
2012 1880 2106 1912 fuerit
2117 1902 2126 1916 ‚
2149 1880 2205 1911 nisi
2225 1891 2259 1911 u-

1259 1932 1371 1962 troque
1388 1922 1459 1953 casu
1470 1922 1591 1954 utilitas
1603 1945 1611 1958 ‚
1622 1923 1669 1954 vei
1682 1923 1845 1958 necessitas
1856 1923 2000 1956 Ecclesiae
2011 1924 2096 1956 aliud
2108 1923 2233 1955 suadeat
2247 1934 2256 1959 ;

1259 1965 1343 1997 Cum
1355 1965 1547 1998 dubitassent
1561 1965 1733 2005 Regulares
1753 1966 1783 1998 S.
1797 1966 1953 2001 Francisci
1964 1969 2002 1999 cle
2014 1966 2125 2002 Paula,
2146 1976 2185 1997 an
2197 1968 2257 1997 hoc

1258 2008 1412 2051 judicium
1422 2012 1526 2050 quoad
1548 2008 1722 2049 Regulares
1739 2011 1811 2042 esset
1830 2010 2035 2044 Generalium
2045 2032 2055 2045 ‚
2075 2011 2108 2045 ὅ(
2127 2008 2257 2041 Provin—

1263 2053 1393 2084 cialium
1404 2051 1538 2085 Ordinis
1549 2075 1558 2088 ,
1581 2052 1695 2084 adeout
1708 2053 1760 2093 ipsi
1774 2053 1913 2086 utilitate
1925 2052 2166 2087 provinciarum
2177 2075 2186 2089 ‚
2207 2053 2254 2084 vel

1261 2095 1490 2127 Conventuum
1504 2095 1638 2136 inspecta
1650 2117 1660 2132 ,
1681 2096 1713 2127 in
1732 2096 1910 2138 hujusmodi
1931 2096 2052 2128 casibus
2061 2097 2202 2128 valerent
2213 2096 2260 2130 di-

1260 2138 1707 2180 spensare:Sac.Congregatio
1718 2139 1838 2171 censuit
1850 2140 2004 2183 judicium
2014 2140 2074 2174 hoc
2086 2141 2123 2171 ad
2135 2139 2259 2180 Episco-

1260 2194 1332 2225 pum
1344 2179 1443 2214 {olum
1455 2183 1613 2224 pertinere
1626 2205 1635 2219 ,
1648 2194 1712 2214 non
1725 2185 1761 2215 ad
1775 2184 1945 2217 Generales
1956 2206 1966 2219 ‚
1987 2183 2034 2218 vel
2045 2182 2258 2218 Provinciales

1262 2226 1409 2259 ordinum
1421 2238 1428 2257 :
1441 2227 1522 2267 posse
1532 2236 1637 2259 tamen
1649 2236 1702 2258 eos
1714 2226 1748 2258 in
1756 2226 1818 2258 suis
1828 2226 1942 2258 litteris
1952 2226 2210 2261 dimifforialibus
2219 2228 2256 2258 ad

1261 2269 1447 2309 Episcopum
1461 2269 1636 2309 significare
1646 2269 1752 2301 causas
1760 2269 1922 2306 utilitatis,
1933 2269 1985 2302 seu
1995 2269 2189 2302 necessitatis
2199 2268 2257 2301 suae

1259 2311 1439 2353 Religionis
1458 2335 1467 2349 ,
1496 2323 1532 2344 ex
1561 2313 1675 2353 quibus
1696 2312 1788 2354 possit
1809 2312 1973 2354 Episcopus
1996 2312 2149 2357 judicium
2170 2311 2259 2346 suum

1259 2355 1394 2387 formare
1405 2378 1413 2391 2
1576 2356 1579 2358 ’
1620 2365 1623 2368 ·
1919 2356 1922 2358 ’

1302 2397 1583 2432 Πεεὶιηιιςοξὶεινιιε
1604 2397 1645 2429 est
1664 2400 1768 2440 quoad
1789 2408 1850 2430 con
1856 2397 2000 2430 sessiones
2018 2398 2258 2431 sacramentales

1258 2442 1457 2482 personarum
1470 2441 1661 2473 saecularium
1674 2442 1770 2473 etiam
1782 2442 2012 2477 sacerdotium,
2032 2452 2110 2482 quas
2122 2451 2179 2472 nec
2195 2440 2257 2473 Re-

1258 2486 1381 2525 gulares
1393 2484 1500 2519 audire
1511 2484 1632 2524 possunt
1644 2505 1654 2520 ‚
1672 2485 1728 2516 nisi
1743 2484 1858 2518 fuerint
1872 2485 1910 2516 ab
1920 2484 2072 2527 Episcopo
2083 2484 2257 2525 approbati,

1258 2538 1293 2559 ut
1307 2528 1339 2558 in
1351 2525 1520 2566 c.15.seff.2
1529 2528 1591 2568 3.Si
1603 2538 1709 2560 tamen
1724 2538 1775 2560 eas
1786 2531 1824 2559 de
1836 2527 1920 2562 facto
1931 2528 2102 2564 audierint,
2115 2539 2179 2559 non
2194 2528 2259 2568 pos·-

1258 2571 1329 2606 ,sunt
1339 2570 1444 2610 puniri
1456 2571 1493 2603 ab
1503 2570 1652 2611 Episcopo
1664 2571 1696 2602 in
1708 2571 1773 2603 vim
1783 2570 1927 2607 Concilii
1939 2593 1949 2608 ‚
1962 2580 1997 2605 ut
2009 2570 2083 2604 alias
2094 2571 2215 2604 censuit
2226 2571 2256 2603 S.

1259 2613 1480 2653 congregatio
1493 2636 1501 2644 .
1522 2613 1682 2646 Caeterum
1694 2613 1957 2655 puniripoterunr
1969 2615 2006 2647 ab
2016 2624 2103 2651 eo,ut
2114 2614 2186 2646 Sedi
2197 2637 2207 2652 ‚
2217 2615 2259 2646 A-

1260 2657 1414 2699 postolicae
1434 2658 1581 2697 delegato
1601 2657 1634 2689 in
1658 2657 1721 2689 vim
1743 2656 1994 2691 Constitutionis
2013 2658 2108 2698 Greg.
2129 2658 2200 2690 XV.
2222 2658 2258 2690 de

1263 2709 1397 2740 exempt.
1406 2701 1515 2741 privil.
1536 2711 1699 2740 tamquam
1708 2700 1927 2741 delinquentes
1939 2701 1972 2732 in
1984 2700 2256 2735 administratione

1258 2744 1454 2775 Sacramenti
1468 2743 1683 2785 Penitentie‚s1
1694 2743 1903 2778 confessiones
1912 2743 2140 2780 :iudici-innam
2151 2754 2225 2776 omn
2233 2745 2255 2775 i-

1262 2785 1306 2820 no
1317 2787 1433 2827 absque
1444 2787 1585 2829 Episcopi
1597 2787 1727 2824 licentia
1735 2809 1745 2824 ,
1755 2797 1808 2820 aut
1822 2787 1876 2819 illa
1884 2787 2086 2828 expirata,vel
2097 2796 2253 2820 revocata.

1305 2830 1404 2861 Porro
1423 2830 1497 2862 cum
1518 2831 1662 2872 queritur
1671 2852 1681 2867 ‚
1703 2841 1743 2866 an
1765 2833 1797 2864 &
1817 2832 1946 2871 quando
1967 2829 2095 2861 licentia
2106 2831 2254 2862 audiendi

1258 2872 1467 2908 confessiones
1479 2874 1569 2906 semel
1584 2873 1794 2914 Regularibus
1804 2873 1948 2907 concessa
1958 2872 2075 2914 expiret
2086 2895 2095 2909 ‚
2105 2882 2157 2904 aut
2167 2883 2255 2904 revo-

1258 2917 1323 2948 cari
1335 2916 1449 2959 possit3
1472 2927 1534 2948 tres
1553 2917 1640 2948 casus
1659 2916 1728 2952 sunt
1748 2916 1960 2957 distinguendi
1971 2939 1979 2949 0

1302 2959 1423 2991 l‘rimus
1434 2959 1474 2991 est
1489 2982 1499 2996 ,
1519 2959 1594 2992 cum
1606 2959 1774 3001 Regularis
1787 2959 1846 2991 fuit
1858 2960 2043 3000 approbatus
2056 2959 2092 2989 ab
2103 2957 2252 3000 Episcopo

1259 3005 1295 3037 ad
1308 3012 1428 3035 certum
1441 3013 1561 3044 tempus
1574 3025 1583 3039 ,
1606 3012 1682 3043 puta
1691 3005 1729 3035 ad
1751 3013 1869 3036 annum
1879 3024 1889 3040 ,
1909 3003 1955 3033 vel
1979 3001 2142 3034 biennium
2156 3013 2164 3038 3
2187 3013 2252 3043 quo

1260 3056 1400 3086 tempore
1411 3046 1512 3085 elapso
1521 3046 1641 3087 expirat
1652 3046 1785 3081 facultas
1796 3045 1943 3078 audiendi
1955 3043 2175 3081 confessiones,
2188 3046 2252 3086 pos—

1259 3089 1422 3121 suntenim
1436 3088 1609 3130 Regulares
1629 3091 1666 3121 ad
1689 3099 1811 3120 certum
1823 3097 1943 3128 tempus
1954 3088 2115 3128 approbari
2127 3088 2189 3128 post
2201 3092 2252 3120 de-

1259 3142 1380 3163 cretum
1399 3131 1430 3163 S.
1441 3132 1708 3172 congregationis
1727 3132 1946 3177 Episcoporum
1957 3153 1967 3167 ,
1986 3132 2018 3162 δέ
2041 3130 2088 3162 Re
2091 3132 2250 3172 gularium

1260 3176 1316 3206 hac
1337 3178 1374 3206 dc
1385 3186 1416 3206 re
1427 3175 1548 3210 editum
1560 3199 1567 3209 .

1303 3218 1465 3249 Secundus
1476 3218 1517 3250 est
1527 3240 1537 3254 ‚
1558 3218 1633 3249 cum
1653 3216 1713 3253 fuit
1732 3217 1917 3258 approbatus
1935 3218 1970 3249 ad
1991 3217 2224 3258 beneplacitum
2238 3229 2245 3248 :

1260 3261 1355 3301 potest
1364 3261 1448 3292 enim
1458 3260 1668 3293 confessiones
1678 3260 1785 3295 audire
1796 3282 1805 3297 ,
1815 3260 1965 3301 quamdiu
1979 3260 2143 3301 Episcopus
2154 3262 2246 3292 bene»

1260 3305 1325 3344 plot
1334 3305 1412 3335 itum
1425 3314 1489 3336 non
1498 3303 1695 3339 revocaverit
1707 3327 1714 3334 .

1303 3346 1431 3379 Tertius
1442 3346 1570 3383 esl‚cum
1584 3345 1642 3378 fuit
1656 3347 1840 3386 approbatus
1853 3346 2081 3387 simpliciter:&
2094 3356 2182 3382 tunc,
2193 3355 2246 3379 aut

1259 3389 1320 3430 post
1335 3390 1590 3431 approbationem
1603 3389 1780 3431 supervenit
1802 3399 1884 3421 nova
1904 3389 1994 3422 causa
2003 3412 2014 3427 ,
2034 3392 2066 3422 &
2087 3389 2176 3423 semel
2197 3398 2244 3427 ap-

1261 3433 1406 3471 probatus
1418 3433 1514 3473 potest
1525 3433 1638 3464 iterum
1651 3432 1997 3472 reprobari,dummodo
2005 3433 2096 3464 causa
2106 3433 2158 3464 illa
2168 3441 2243 3462 con-

1259 3474 1404 3507 semones
1424 3485 1620 3513 conccrnav,
1644 3486 1737 3517 quam
1759 3485 1865 3508 tamen
1887 3476 2052 3518 Episcopus
2074 3485 2138 3507 non
2158 3483 2239 3505 tenc-

2156 3526 2204 3547 tut

2280 974 2320 1014 48

2281 2407 2322 2438 50
