2397 3664
259 55 356 106 396

225 136 239 160 1
246 139 262 160 2
282 124 499 167 Confhetudine
508 121 677 166 conferendi
686 122 781 166 benefi
782 125 830 155 cia
848 133 904 154 non
914 126 1034 156 Curata
1043 124 1078 155 in
1086 125 1196 156 minori

329 179 415 202 aetate
426 166 592 210 constitutis
601 168 762 207 plurimum
774 165 909 208 defertur
920 188 928 196 .

227 224 262 256 ¹3
277 215 338 256 Jus
348 210 514 254 conferendi
533 208 676 251 beneficia
695 207 786 250 potest
805 217 966 250 competere
985 207 1096 247 majori·
1105 212 1196 242 annis

331 254 550 296 quatuordecim
560 252 625 284 ta'm
636 264 676 284 ex
696 252 859 294 privilegio
869 274 878 289 ‚
900 252 988 290 qua'm
1008 255 1126 284 ratione
1137 255 1196 285 Ec-

331 299 422 343 cleſsae
435 310 441 329 :
461 295 482 328 a*
492 307 548 335 qua
559 296 684 328 collatio
691 295 836 337 dependet
846 318 854 327 .
966 305 969 307 ’

224 354 264 385 ¹²4
283 344 404 378 Mulier
406 338 564 381 flaccedens
573 342 607 370 in
623 339 718 381 officio
737 337 862 371 habente
878 337 1135 379 iurisdii‘lionem,
1158 337 1196 371 ὠ·

327 395 428 420 curam
438 393 592 414 annexam
602 404 612 419 ,
633 381 726 424 potest
744 391 798 423 per
811 380 946 423 seipsam
959 380 1175 423 administrare
1185 404 1195 419 ,

329 440 365 462 ac
374 424 516 467 beneficia
527 437 578 458 con
595 437 675 463 erre,
697 424 734 458 cb·
744 436 846 458 curam
856 427 930 457 Viro
948 428 1134 458 committere
1144 436 1196 458 ca-

329 482 396 515 paci
409 471 484 501 talis
493 477 559 510 pote
587 471 664 500 atis.

227 527 239 550 ι
247 526 261 557 5
285 515 426 558 Pupillus
447 511 544 551 maior
556 510 712 554 septennio
721 511 811 553 potest
821 509 1001 552 praesbntare
1010 533 1020 549 ,
1040 510 1077 544 a&
1088 511 1120 543 in
1131 523 1195 544 con-

329 556 412 598 cursu
422 554 613 596 praefintatus
622 554 661 587 ab
669 567 700 587 eo
709 554 864 598 prefertur
872 554 1048 595 praesentato
1057 555 1077 586 a'
1087 564 1194 586 tutore.

225 607 262 636 16
273 597 529 647 Jurisdifliosola
534 598 602 641 fine
610 598 791 638 obligatione
808 598 972 640 residentiae
982 609 1038 629 non
1048 598 1140 639 efficit
1150 596 1196 630 be-

199 662 201 664 ·
329 642 466 686 neficium
478 651 614 674 curatum
625 665 632 674 .

226 700 264 730 17
284 688 369 723 Ordo
371 686 461 728 sacer
467 696 508 716 an
517 687 638 716 eximat
648 685 668 717 a*
676 687 784 727 patria
794 683 937 726 potestate
945 683 1006 715 lati
1002 684 1088 726 ffime
1098 684 1131 715 di
1128 682 1197 724 scu-

330 733 408 764 titur
419 728 505 770 usque
514 726 611 770 infin.

226 780 263 810 18
284 773 476 817 Episcopalis
485 770 622 811 dignitas
630 769 677 809 jus
685 773 791 812 patriae
810 769 965 811 potcstatis
970 769 1066 810 soluit
1084 769 1148 802 ta'm
1159 768 1194 800 de

331 818 393 860 jure
403 816 494 848 civili
505 837 514 851 ‚
536 814 623 853 quam
633 816 773 846 canonico
782 837 789 845 .

223 872 261 901 19
283 863 418 895 Ordines
426 861 555 891 minores
563 868 620 889 non
628 857 763 889 liberant
774 857 794 888 a'
803 859 907 897 patria
919 854 1064 897 potestate
1075 879 1082 886 .

223 919 264 940 20
284 904 462 947 Referuntur
473 900 646 936 Authores,
667 899 911 940 &fundamenta
932 908 985 941 pro
1005 900 1138 939 opinione
1148 897 1197 940 afi

330 946 494 988 firmativa
505 965 514 980 ‚
535 941 572 975 ὠ·
583 941 720 983 nu.seqq.
732 942 817 982 usque
828 942 872 974 ad
880 954 909 974 n.
925 952 974 984 33.

222 1003 261 1026 21
287 990 428 1025 Palati,
450 985 486 1019 ὠ·
506 988 555 1024 qui
573 987 651 1018 alios
669 995 805 1018 tenentur
823 997 940 1025 regere,
961 996 1016 1016 non
1029 983 1133 1017 debent
1144 983 1197 1026 effe

322 1030 379 1074 sub
390 1028 530 1072 potestate
540 1030 668 1060 alterius
677 1051 686 1060 .

295 1076 491 1110 Contrarium
502 1095 512 1109 ‚
531 1081 599 1110 nu.5
608 1083 634 1112 3.

221 1133 260 1155 22
282 1120 384 1154 Filius
409 1115 548 1155 familias
566 1124 672 1156 pater,
692 1113 760 1147 ciim
778 1115 861 1156 sitin
881 1114 1027 1156 potestate
1046 1115 1195 1150 alterius,

322 1154 496 1205 filiain'non
507 1157 594 1190 habet
605 1161 637 1190 in
647 1156 791 1199 potestate
802 1181 812 1195 ‚
835 1169 886 1190 nec
897 1168 963 1189 eam
985 1156 1076 1199 potest
1086 1158 1196 1189 occide-

328 1216 361 1236 re
370 1213 436 1236 cum
445 1201 581 1233 adultero
591 1224 599 1232 .

222 1261 260 1294 23
283 1249 381 1282 Tutor
411 1257 467 1278 non
488 1243 571 1276 debet
601 1242 655 1286 effe
669 1244 725 1284 sub
758 1245 866 1276 tutella
890 1267 899 1281 ,
930 1256 980 1276 nec
1007 1253 1127 1276 curator
1139 1242 1196 1284 sub

204 1300 210 1306 '
279 1301 283 1303 “
329 1301 401 1324 cura
411 1314 419 1321 .

221 1348 263 1378 24
284 1338 397 1370 Patria
420 1330 549 1374 potestas
569 1340 711 1369 quantum
730 1329 774 1362 ad
791 1330 837 1369 jus
863 1330 1012 1372 publicum
1031 1342 1088 1362 non
1108 1341 1195 1362 cura-

331 1387 394 1409 tur.

221 1432 260 1464 25
272 1418 333 1466 Jus
342 1419 491 1462 publicum
501 1420 534 1448 in
537 1416 640 1458 sacris
649 1439 658 1453 ‚
678 1419 710 1448 in
722 1415 935 1449 Sacerdotibus
946 1439 956 1454 ‚
977 1419 1009 1448 in
1020 1415 1196 1457 Magistra-

329 1463 408 1496 tibus
418 1459 548 1504 conststit
558 1483 566 1492 .

202 1522 205 1525 ·
222 1514 262 1542 26
284 1506 472 1541 Intellettu„
493 1502 608 1536 ocum
620 1503 783 1535 voluntate
796 1526 805 1540 ,
825 1505 863 1534 de
875 1503 950 1535 sent.
962 1502 1194 1535 excommunic.

330 1548 368 1583 &⁶
388 1559 466 1581 num.
477 1550 530 1586 48.

224 1605 263 1634 ²7
282 1591 459 1632 Ordosacer
470 1590 581 1622 liberat
592 1588 611 1620 a
622 1588 794 1630 servitute,
815 1592 908 1621 &nm
923 1598 973 1629 55.

207 1642 263 1672 '28
284 1633 507 1676 Monstruosum
527 1631 581 1673 est,
610 1643 641 1663 ut
651 1635 699 1670 qui
729 1632 882 1671 legitimus
899 1632 940 1663 ad
953 1631 1138 1673 spirituales
1150 1628 1193 1672 fit

330 1679 465 1711 astiones
483 1699 493 1714 ,
523 1678 604 1707 circa
621 1674 784 1716 saeculares
802 1675 886 1707 aetus
901 1676 1081 1715 illegitimus
1097 1684 1196 1705 rema-

328 1730 400 1754 neat
410 1743 418 1752 .

219 1778 261 1806 ²9
285 1767 435 1805 Di'gnitas
448 1764 648 1798 Patritiatus,
663 1759 699 1794 (ἦ
709 1759 890 1801 Consulatus
898 1761 945 1801 jus
955 1763 1062 1802 patria
1071 1760 1197 1803 potesta-

330 1811 372 1840 tis
386 1806 481 1848 soluit
491 1828 500 1842 ,
521 1809 557 1837 (9⁴
567 1817 614 1837 nu.
630 1809 680 1843 56.

225 1864 264 1895 30
283 1849 476 1885 Sacerdotali
487 1847 636 1887 dignitati
646 1848 731 1879 nulla
754 1846 891 1886 dignitas
904 1845 1060 1888 secularis
1070 1849 1195 1888 equipa-

328 1897 394 1926 rari
404 1891 514 1934 potest,
536 1889 630 1923 &nm
646 1895 693 1929 56.

225 1950 259 1982 31
283 1937 451 1971 Ordinibus
456 1934 558 1975 sacris
569 1936 691 1966 initiati
705 1956 712 1964 .
734 1933 771 1966 ἄ*
790 1931 921 1975 illustros
941 1933 1094 1965 interdum
1111 1935 1196 1971 aqui-

332 1988 480 2021 parantur
491 2001 499 2009 .

225 2036 264 2068 32
286 2023 399 2058 Patria
412 2019 541 2063 potestas
547 2018 683 2060 solvitur
692 2029 746 2061 per
755 2017 955 2061 profeffionem
962 2021 1129 2060 regularem
1138 2042 1147 2057 ,
1159 2018 1196 2053 Θ·

333 2076 412 2098 num.
444 2068 476 2096 8.

226 2121 266 2154 33
289 2074 439 2153 Refertur5
451 2105 603 2139 Authores
614 2127 624 2141 ‚
645 2104 682 2137 (ῥ’
696 2103 897 2146 fundamenta
919 2107 1066 2146 opinionis
1082 2109 1197 2145 negati-

335 2163 396 2188 vae,
419 2149 456 2182 &¹
467 2154 549 2189 n.36.
560 2147 683 2188 &seqq

291 2195 392 2228 Filius
408 2193 548 2231 familias
556 2201 608 2233 per
612 2191 665 2231 sac
671 2201 736 2222 rum
747 2190 881 2222 ordinem
892 2202 947 2222 non
959 2193 1107 2224 eximitur
1117 2192 1136 2223 a'
1145 2202 1197 2233 pa-

335 2232 404 2269 tria*
410 2234 554 2277 potestate
564 2237 596 2266 in
605 2231 690 2266 rebus
699 2232 968 2274 patrimonialibus
979 2256 990 2271 ,
1010 2232 1048 2267 ὠ·
1056 2233 1197 2278 profesti„

334 2281 418 2313 titiis
428 2301 438 2316 ,
461 2276 573 2311 ibidem
585 2300 595 2314 ,
616 2275 692 2309 &m
706 2287 757 2317 41.

229 2336 271 2369 34
289 2327 379 2357 Secus
389 2325 422 2354 in
431 2321 515 2354 rebus
526 2320 749 2395 Effljfiastms
759 2341 769 2357 ,
791 2317 829 2352 (ῥ’
840 2321 873 2352 in
884 2319 932 2351 his
942 2342 952 2357 ,
963 2331 1019 2359 quae
1029 2322 1094 2360 agit
1103 2323 1199 2353 ratio-

336 2379 372 2398 ne
379 2364 495 2397 ordinis
505 2387 514 2401 ‚
535 2365 588 2396 vel
617 2366 761 2402 ignitam
773 2385 782 2398 ,
803 2361 840 2395 &⁶
851 2374 935 2404 n.44.

226 2422 242 2454 3
248 2419 263 2452 5
286 2412 440 2449 Legitima
460 2406 579 2439 debetur
599 2409 690 2439 Patri
715 2410 749 2438 in
767 2403 850 2438 bonis
866 2405 1004 2448 profanis
1022 2405 1091 2449 filii
1102 2429 1110 2444 ,
1142 2418 1198 2439 non

335 2461 436 2484 autem
445 2453 476 2482 in
490 2447 710 2493 Ecclefiusticis
723 2472 730 2479 .
867 2475 873 2478 .

228 2501 266 2538 36
288 2495 372 2529 Ordo
384 2494 475 2535 sacer
482 2505 537 2525 non
541 2493 641 2533 solvit
652 2495 768 2524 omnino
777 2492 824 2531 jus
832 2494 939 2533 patria
948 2491 1107 2533 potestatis
1121 2515 1128 2523 .

292 2539 394 2572 Tollit
409 2547 513 2570 tamen
531 2537 616 2568 illius
634 2534 750 2579 effefius
769 2534 869 2567 ordini
879 2535 971 2577 sacro
990 2538 1199 2577 improportio-

335 2579 471 2618 nabiles,
493 2578 529 2613 (θ’
548 2582 722 2619 incongrus,
742 2589 821 2611 num.
843 2589 896 2619 44.
915 2579 953 2611 ὠ
964 2578 1047 2620 seqq.
1060 2578 1145 2620 usque
1167 2582 1198 2610 in

359 2635 424 2656 nem
437 2647 445 2655 .

219 2671 270 2710 '37
290 2623 461 2701 Intfielleiius
473 2689 482 2703 ‚
504 2664 630 2706 cap.Pet
641 2665 871 2702 venerabilem,
895 2665 928 2697 in
941 2665 1073 2707 princip.
1087 2665 1142 2707 qui
1153 2666 1196 2697 fil.

339 2710 397 2742 sint
409 2711 497 2742 levit.

215 2763 218 2766 ·
237 2755 274 2794 38
295 2754 377 2785 Ordo
390 2755 416 2784 E
419 2735 496 2794 pisco
498 2752 581 2794 palis
584 2751 725 2793 stipponit
735 2749 893 2791 neceffiirio
904 2750 1041 2783 ordinem
1052 2749 1199 2784 Sacerdo-

340 2797 429 2827 talem
443 2819 450 2826 .

239 2847 276 2880 39
287 2838 347 2880 Jus
363 2841 467 2878 patrie
492 2836 649 2879 potestatis
672 2839 693 2869 a*
712 2838 776 2877 jure
805 2838 944 2869 naturali
960 2836 1090 2881 fiimpfit
1108 2839 1198 2877 origi—

305 2907 309 2912 .
341 2891 424 2910 nem.

233 2933 275 2963 40
297 2924 342 2953 Et
361 2920 453 2960 quoad
477 2924 629 2955 vinculum
656 2924 797 2955 naturale
814 2922 900 2954 debet
918 2922 1107 2955 immutabile
1133 2932 1198 2964 per-

341 2975 459 2995 manere
471 2988 477 2995 .

234 3019 274 3047 42
295 3008 396 3040 Filius
422 3007 565 3048 familias
585 3018 635 3049 per
647 3008 771 3049 sacrum
800 3007 933 3041 ordinem
952 3020 1008 3040 non
1023 3009 1158 3049 fhlvitur
1179 3009 1198 3040 a

340 3051 476 3126 zaturali
505 3055 673 3083 reverentia
701 3075 710 3088 ,
738 3063 826 3090 quam
855 3061 971 3084 tenetur
991 3054 1076 3093 patri
1109 3051 1197 3084 exln'-

360 3104 407 3124 ere
419 3115 427 3123 .

235 3147 274 3179 43
296 3137 392 3169 Pater
401 3132 486 3166 debet
495 3139 696 3167 reverentiam
701 3136 770 3178 filio
778 3137 937 3170 Sacerdoti
947 3140 979 3169 in
989 3136 1197 3174 oblationibus,

340 3176 569 3220 Conjeffionibus
580 3200 589 3213 ,
610 3177 646 3209 Cf
655 3179 963 3220 aliisspiritualibus.

236 3231 273 3261 45
297 3222 397 3254 Filius
422 3221 549 3252 amilias
559 3221 693 3253 Clericus
703 3224 735 3252 in
745 3223 966 3263 beneficialibus
979 3246 987 3260 ,
999 3223 1035 3256 (θ’
1046 3225 1120 3255 aliis
1129 3235 1197 3256 cau—

333 3264 380 3307 fis
403 3262 620 3305 piritualibus‚
640 3261 724 3295 &ab
744 3268 786 3295 eis
805 3265 1050 3306 dependentibus,
1074 3268 1197 3308 fini-au-

342 3306 488 3338 thoritate
500 3309 608 3338 Patris
621 3318 707 3345 agere
719 3307 807 3347 potest
817 3330 825 3343 ‚
846 3308 882 3340 δ’
894 3321 920 3339 n.
927 3310 1008 3349 seqq.

235 3352 276 3389 46
297 3351 333 3380 Si·
345 3350 441 3387 major
455 3350 499 3392 sit
520 3349 743 3387 quatuordecim
762 3353 850 3380 annis
869 3355 933 3390 agit
950 3362 1000 3392 pcr
1011 3352 1065 3393 se,
1086 3353 1136 3384 vel
1148 3361 1198 3393 per

344 3394 586 3428 Procuratorcm3
609 3394 646 3424 Si
656 3394 771 3428 minor,
790 3402 841 3432 per
862 3396 1084 3428 Procuratorem
1093 3394 1200 3427 datum

342 3433 382 3465 ad
393 3435 461 3465 lites
471 3434 785 3478 authoritate-Iudicis
796 3435 1002 3479 Ecclesiastici
1013 3460 1021 3468 .

621 39 792 109 Prosp.
804 34 848 91 F
848 51 1026 108 agrian.
1055 37 1108 93 in
1125 37 1346 94 Primum
1368 34 1575 90 Librum
1592 30 1857 87 Decreral.

1252 133 1295 165 47
1316 125 1410 155 Pater
1419 123 1586 161 percutiens
1593 118 1693 160 filium
1713 131 1746 150 in
1758 116 1846 159 fabro
1855 118 1959 151 ordine
1974 120 2161 163 constitutum
2172 133 2222 154 ex-

1359 171 1658 197 communicationem
1667 171 1795 194 mcurrit
1805 184 1814 192 .

1251 219 1292 249 49
1315 208 1461 240 Praelatus
1471 207 1745 237 excommunicatus
1757 204 1814 245 est,
1828 204 1860 247 st
1868 206 2059 239 correfflom’s
2069 207 2159 249 causa
2165 209 2219 252 fa·

1358 253 1422 282 ciat
1432 251 1549 289 percuti
1559 249 1710 281 Clericum
1721 258 1772 288 per
1783 249 1910 279 Laicum
1922 271 1930 279 .

1254 303 1292 334 50
1313 297 1408 326 Pater
1417 290 1451 323 ob
1460 295 1591 323 nimiam
1602 291 1759 332 egestatem
1768 289 1935 332 distrahere
1944 302 2002 323 non
2010 292 2103 334 potest
2115 291 2222 335 filium

1359 338 1391 367 in
1395 334 1497 375 sacris
1507 333 1694 376 constitutum
1706 357 1714 366 .

1253 389 1288 421 51
1311 377 1563 421 filiusfamilias
1573 387 1626 418 per
1628 377 1751 419 sacrum
1761 376 1895 409 ordinem
1907 379 2056 409 eximitur
2064 377 2086 410 ιι·
2094 378 2221 419 potesta-

1357 431 1388 453 te
1396 447 1398 449 ,
1404 423 1505 462 patris
1524 419 1622 459 quoad
1635 421 1780 462 peculium
1790 420 1996 453 adventitium
2007 444 2015 452 .
2046 419 2084 453 cb·
2102 422 2220 464 quesita

1358 463 1419 506 post
1430 464 1606 497 clericatum
1619 486 1628 495 .

1252 517 1288 549 52
1311 507 1400 541 Licet
1410 506 1492 539 ‘alia's
1501 505 1539 538 de
1547 508 1616 539 illis
1634 504 1740 548 testari
1750 517 1806 538 non
1822 507 1907 549 poffit
1916 510 2012 539 etiam
2031 509 2224 548 permittente

1379 559 1446 582 atre
1455 573 1463 582 .

1253 603 1290 636 53
1313 597 1340 627 F
1341 560 1414 626 iltius
1416 593 1562 634 familias
1582 591 1746 636 Presbyter
1762 591 1905 631 quidquid
1922 595 2054 632 acquirit
2075 605 2114 625 ex
2135 592 2224 634 causa

1358 636 1535 669 adventitia
1546 659 1555 673 ,
1570 635 1608 669 c?
1614 647 1669 667 non
1679 636 1928 676 contemplatione
1937 640 1963 669 S
1963 638 2134 670 acerdotali
2137 649 2151 668 s
2162 636 2224 677 offi-

1340 677 1342 680 ’
1359 682 1401 712 cii
1411 702 1421 717 ,
1442 682 1575 718 acquirit
1578 679 1643 722 fibi
1656 679 1739 719 pleno
1747 677 1828 716 jure.

1251 733 1291 764 54
1310 721 1455 767 Quisquis
1466 720 1554 754 habet
1564 719 1720 762 aliumsub
1729 720 1759 760 se
1776 721 1890 762 neceſse
1901 745 1912 759 ,
1931 721 1971 764 est
1990 733 2022 754 ut
2038 722 2224 764 recognoscat

1359 766 1455 797 alium
1462 764 1590 806 superse
1600 787 1610 802 ,
1631 774 1754 805 exccPto
1767 768 1856 805 Papa
1869 788 1876 796 .

1253 818 1288 850 55
1310 811 1424 842 Patria
1433 808 1562 849 potestas
1571 810 1604 840 in
1623 807 1725 846 quibus
1735 806 1862 849 differat
1871 806 1892 839 a*
1902 809 2090 840 Dominicali
2102 832 2109 839 .

1256 857 1293 893 56
1314 851 1522 885 Sacerdotalis
1534 850 1670 889 dignitas
1681 848 1721 889 est
1727 853 1905 881 eminentior
1916 850 2055 889 qualibet
2073 851 2226 891 dignitate

1354 894 1493 936 seculari
1503 903 1645 932 quantum
1655 893 1699 925 ad
1702 891 1888 934 spiritualia
1901 917 1908 924 .

1253 948 1291 979 57
1315 940 1428 972 Patria
1437 937 1566 978 poteslas
1579 937 1660 980 stcut
1674 935 1810 977 solvitur
1819 945 1872 977 per
1883 935 2066 976 dignitatem
2078 940 2227 978 patritia-

1359 991 1407 1013 tus
1417 1004 1426 1017 ,
1447 979 1483 1013 Φ·
1493 979 1672 1020 Consulatus
1683 982 1714 1010 in
1725 978 1955 1021 temporalibus,
1973 983 2022 1011 ita
2029 979 2166 1020 solvitur
2175 990 2228 1022 per

1361 1026 1546 1063 dignitatem
1556 1026 1581 1055 S
1583 1023 1784 1055 acerdotalem
1795 1025 1827 1054 in
1832 1022 2047 1064 spiritualibus
2058 1047 2065 1054 .

1254 1071 1292 1109 58
1314 1068 1453 1108 Profeffio
1462 1067 1611 1106 regularis
1630 1078 1681 1099 cur
1691 1068 1790 1106 magis
1802 1065 1909 1107 solvat
1920 1065 1966 1105 jur
1985 1070 2092 1108 patria
2102 1067 2229 1109 potesla-

1359 1114 1402 1142 tis
1421 1133 1430 1148 ‚
1451 1109 1634 1150 quamsacer
1643 1109 1713 1142 ordo
1724 1134 1731 1141 .

1275 1196 1450 1230 Ndecorum
1464 1221 1472 1228 .
1495 1195 1653 1237 Regimen
1684 1195 1827 1228 Ecclefiae
1846 1196 1965 1228 minori
1985 1197 2228 1237 quatuordecim

1234 1207 1259 1275 I
1285 1241 1377 1273 annis
1387 1240 1550 1272 committi
1561 1250 1626 1271 non
1638 1240 1730 1271 debet
1741 1262 1748 1270 .
1763 1239 1834 1271 Hoc
1845 1239 1926 1271 dicit
1938 1263 1945 1271 .
1955 1239 1993 1272 Et
2005 1241 2073 1272 sunt
2085 1250 2147 1272 tres
2163 1251 2228 1281 par-

1232 1295 1298 1320 teS,
1322 1284 1426 1315 Prima
1438 1283 1528 1324 ponit
1540 1283 1725 1318 exordium,
1753 1284 1785 1314 &
1805 1283 1912 1315 causas
1922 1284 2084 1315 mandati.
2108 1283 2227 1315 Secun-

1232 1330 1271 1359 da
1291 1329 1495 1362 mandatum,
1517 1326 1584 1363 ibi,
1607 1327 1756 1358 Nolentes
1778 1338 1784 1357 :
1807 1325 1920 1358 Tertia
1938 1327 2225 1358 comminationem

1233 1370 1448 1405 irritationis,
1469 1371 1630 1409 &poenae‚
1653 1369 1716 1405 ibi,
1739 1372 1874 1401 Scituri.

1274 1413 1364 1445 Nota
1374 1412 1476 1453 primo
1497 1412 1635 1443 minores
1645 1413 1887 1453 quatuordecim
1897 1413 1987 1444 annis
2000 1423 2064 1443 non
2075 1412 2134 1444 effe
2145 1413 2228 1443 habi-

1232 1458 1275 1488 les
1287 1458 1323 1488 ad
1337 1455 1491 1487 beneficia
1510 1455 1700 1486 sonantiain
1721 1466 1839 1487 nomen
1859 1455 2019 1492 restoriae,
2039 1455 2159 1487 etiamsi
2170 1466 2226 1486 cr·-

1231 1510 1299 1531 ram
1310 1510 1376 1530 non
1388 1499 1520 1530 habeant
1534 1498 1711 1530 animarum
1722 1509 1734 1534 ;
1755 1509 1828 1530 nam
1838 1501 1876 1531 de
1888 1499 1937 1530 his
1947 1498 2071 1540 proprie
2084 1499 2226 1539 loquitur

1231 1543 1294 1574 licec
1306 1541 1484 1574 Decretalis
1496 1564 1505 1577 ,
1528 1551 1562 1572 ut
1574 1541 1694 1572 indicat
1707 1541 1812 1572 littera
1821 1564 1832 1578 ,
1844 1543 1906 1578 ibi,
1915 1553 2026 1580 regere,
2038 1544 2072 1573 ὃς
2083 1542 2139 1577 ibi,
2150 1544 2237 1580 regi—·

1231 1596 1317 1621 men,
1338 1596 1396 1616 nec
1408 1595 1474 1616 non
1486 1584 1530 1615 ibi
1541 1607 1551 1620 ,
1561 1583 1767 1625 personatum.
1789 1585 1829 1616 Et
1849 1588 2017 1617 advertunt
2028 1585 2117 1626 Joan.
2130 1586 2228 1616 Andr.

1230 1631 1329 1668 n.4.in
1339 1630 1548 1666 ver.regimen,
1562 1628 1722 1659 Anton.de
1734 1627 1919 1665 Butr.n.7.&
1927 1627 2024 1660 Card.
2038 1628 2070 1660 in
2085 1628 2229 1672 2.opp0si-

1231 1674 1310 1704 tione
1321 1695 1329 1703 .
1350 1672 1437 1703 Idem
1449 1671 1551 1702 firmat
1572 1670 1718 1711 Abb.post
1729 1671 1818 1711 Joan.
1837 1670 2039 1703 Caldetin.in
2057 1681 2122 1712 cap.
2134 1675 2230 1712 Super

1231 1715 1411 1747 inordinata
1421 1737 1431 1750 ,
1452 1726 1481 1746 n.
1491 1724 1538 1745 12.
1550 1712 1661 1755 infide
1672 1714 1917 1755 praebfiulielne
1929 1715 2126 1746 Benedifflme
2134 1724 2225 1755 repet.

1235 1760 1437 1803 c-Raynutius
1448 1780 1457 1794 ,
1477 1756 1558 1797 verfi
1564 1756 1694 1793 Adjeitae
1705 1757 1852 1798 impuberi
1864 1781 1872 1789 .
1882 1758 2003 1790 n.60.de
2013 1756 2184 1798 testament.
2195 1763 2228 1790 ὀί

1241 1802 1400 1833 Lambert.
1412 1800 1447 1832 de
1458 1798 1690 1842 jurepatr.lib.2.
1701 1800 2020 1841 p.1.art.6.quaest.7.n.
2027 1810 2054 1841 5.
2068 1802 2163 1833 Secus
2176 1811 2228 1832 au—

1232 1854 1295 1877 tem
1305 1845 1345 1876 est
1362 1845 1381 1875 si
1394 1855 1459 1875 non
1478 1845 1588 1876 sonent
1599 1845 1631 1875 in
1643 1854 1760 1875 nomen
1774 1843 1929 1876 Retstoriae
1939 1867 1948 1880 ‚
1970 1844 2016 1876 sed
2041 1845 2098 1876 lint
2113 1845 2229 1876 benefiss

1233 1889 1285 1919 cia
1295 1888 1329 1919 in
1343 1887 1480 1919 Ecclesia
1492 1899 1499 1923 3
1523 1888 1600 1928 quia
1610 1896 1685 1918 tunc.
1707 1887 1727 1918 sl
1739 1888 1957 1919 maturitatem
1969 1887 2094 1918 consilii
2106 1898 2170 1919 non
2183 1899 2230 1919 re-

1231 1932 1361 1972 quirant
1373 1952 1382 1967 ,
1404 1940 1438 1962 ut
1449 1930 1519 1963 sunt
1539 1928 1674 1970 Capenae
1684 1952 1694 1967 ,
1713 1930 1785 1961 satis
1796 1930 1838 1961 est
1856 1931 2020 1971 septimum
2033 1941 2151 1962 annum
2162 1941 2230 1963 exe-

1231 1974 1308 2015 gisse
1319 1996 1328 2009 ‚
1350 1973 1521 2005 secundum
1535 1974 1689 2004 Abbatem
1705 1973 1766 2004 loco
1776 1976 1871 2005 citato
1881 1997 1888 2004 .
1915 1973 2089 2005 Rationem
2102 1974 2230 2006 diversi-

1232 2016 1307 2048 tatis
1319 2017 1411 2048 habes
1424 2017 1474 2048 hic
1487 2017 1520 2048 in
1532 2016 1639 2048 littera
1647 2016 1723 2057 quia
1734 2016 1855 2048 scilicet
1869 2017 2054 2049 indecorum
2066 2016 2107 2048 est
2118 2040 2127 2053 ,
2141 2027 2175 2049 ut
2186 2028 2232 2049 re-

1232 2070 1309 2101 gant
1321 2059 1473 2092 Ecclessas
1483 2082 1492 2095 ,
1514 2060 1570 2101 qui
1584 2070 1648 2090 non
1662 2069 1820 2091 noverunt
1831 2060 2006 2100 gubernare
2020 2060 2131 2101 seipsos
2146 2084 2153 2091 .
2175 2060 2227 2092 Sic

1232 2103 1367 2135 institut.
1376 2103 1413 2135 de
1422 2103 1650 2144 excusat.tutor.
1664 2105 1837 2140 §.Minores
1848 2125 1858 2140 ,
1868 2102 2038 2145 l.fi71.C.De
2049 2104 2131 2142 legit.
2143 2105 2229 2136 tutel.

1233 2150 1265 2178 &
1276 2148 1298 2178 l.
1309 2149 1363 2178 Sic
1374 2144 1544 2188 eveniet.ffi
1559 2148 1609 2178 De
1618 2144 1747 2178 adulter.
1760 2145 1867 2177 Nemo
1877 2147 1964 2178 enim
1976 2147 2049 2179 teste
2062 2148 2231 2179 Aristotele

1235 2200 1263 2231 3.
1276 2188 1413 2222 Ethicor.
1425 2192 1551 2232 juvenes
1560 2190 1776 2229 ehgirduces,
1797 2200 1836 2219 eo
1845 2192 1932 2230 quod
1953 2201 2020 2222 non
2040 2190 2160 2221 constat
2173 2191 2230 2222 esse

1233 2235 1400 2275 prudentes
1411 2257 1418 2265 .
1433 2233 1469 2264 Et
1483 2233 1610 2263 stultum
1622 2232 1675 2269 est,
1687 2241 1720 2263 ut
1733 2232 1803 2263 aliis
1816 2232 1960 2272 imperet,
1970 2233 2025 2274 qui
2039 2233 2093 2264 fibi
2105 2233 2157 2273 ipsi
2174 2233 2232 2264 im-

1234 2287 1340 2317 perare
1352 2287 1416 2307 non
1438 2275 1534 2315 potest
1546 2298 1555 2312 ,
1576 2285 1609 2306 ut
1625 2276 1668 2306 ait
1689 2275 1834 2306 Socrates
1855 2275 1906 2306 hic
1919 2277 2036 2307 relatus
2046 2277 2062 2306 ἐι
2073 2276 2120 2316 Jo.
2133 2278 2230 2308 Andr.

1233 2321 1333 2360 n.3.in
1345 2330 1405 2350 ver.
1418 2320 1599 2350 Noverunt.
1614 2318 1742 2350 Bellam.
1753 2329 1801 2349 nu.
1817 2328 1842 2348 1.
1852 2319 1886 2350 &
1896 2317 2031 2350 Cardin.
2045 2322 2078 2350 in
2091 2331 2120 2350 2.
2131 2319 2231 2351 notab.

1234 2361 1353 2394 Rursus
1365 2372 1399 2393 ut
1419 2362 1523 2402 inquit
1535 2361 1671 2401 Joannes
1684 2361 1776 2392 Mon.
1789 2361 1822 2392 in
1841 2359 2015 2401 prefatione
2020 2361 2106 2401 sexti
2115 2374 2212 2402 nunus
2221 2387 2228 2393 .

1235 2403 1410 2445 ,Absurdum
1422 2403 1463 2444 est
1474 2414 1505 2434 ut
1517 2415 1622 2435 carens
1632 2401 1807 2445 monastica,
1819 2414 1875 2441 quae
1884 2404 1966 2437 docet
1968 2404 2017 2445 sei
2017 2405 2100 2445 psum
2111 2417 2210 2444 regere
2220 2429 2230 2443 .,

1204 2469 1206 2472 >
1234 2450 1369 2480 elevetur
1388 2447 1431 2478 ad
1443 2449 1647 2479 oeconomicam
1658 2469 1667 2483 ,
1689 2457 1720 2478 ut
1731 2447 1801 2483 hic„
1813 2445 1850 2478 (ᾗ
1859 2459 1966 2480 carens
1986 2450 2162 2481 oeconomica
2175 2449 2234 2481 ele-

1235 2501 1324 2524 vetur
1333 2489 1376 2522 ad
1384 2491 1559 2531 politicam.
1584 2493 1610 2526 §.
1624 2488 1748 2531 Neceffe
1759 2513 1768 2526 ,
1789 2500 1841 2530 47.
1854 2489 2030 2531 distinato*
2041 2491 2231 2531 48.d1stine}.

1234 2538 1267 2566 in
1275 2536 1373 2575 princi
1375 2542 1529 2574 p.argum.
1540 2534 1608 2567 l.Ut
1614 2532 1774 2573 gradatim
1785 2556 1794 2569 ,
1815 2536 1912 2574 primo
1921 2533 2073 2575 respon-ok:
2085 2537 2232 2572 alienor,

1237 2579 1296 2615 §.G
1299 2576 1472 2609 erendorum
1482 2599 1491 2614 ,
1503 2575 1541 2619 ff
1554 2579 1603 2610 De
1613 2588 1724 2609 muner.
1736 2576 1773 2609 O*
1783 2575 1882 2608 honor.

1277 2620 1335 2652 Sed
1363 2620 1455 2653 hodie
1484 2623 1547 2651 haec
1565 2619 1746 2652 differentia
1767 2620 1885 2652 sublata
1903 2620 1946 2652 est
1970 2621 2037 2663 jure
2056 2621 2228 2657 noviffimo

1234 2663 1380 2696 Concilii
1392 2662 1579 2695 Tridentini
1590 2663 1622 2694 in
1633 2661 1888 2704 c.6.seff.23.quo
1899 2664 2038 2695 minores
2047 2665 2139 2695 annis
2149 2676 2225 2706 qua-

1235 2706 1411 2738 tuordecim
1422 2708 1595 2738 redduntur
1606 2706 1758 2738 inhabiles
1770 2709 1805 2738 ad
1819 2707 1985 2742 beneficia,
1996 2717 2052 2739 nec
2065 2707 2229 2747 distingui-

1234 2747 1287 2781 nu*
1296 2760 1335 2781 an
1355 2747 1464 2781 sonent
1487 2749 1519 2781 in
1540 2760 1656 2782 nomen
1678 2749 1834 2782 Re&oriae
1845 2772 1854 2786 ,
1877 2751 1924 2782 vel
1938 2750 1995 2781 fint
2017 2750 2173 2782 beneficia
2198 2752 2231 2783 in

1234 2793 1373 2825 Ecclefia
1382 2816 1389 2824 .

1277 2835 1375 2867 Porri)
1386 2836 1468 2868 inter
1478 2847 1588 2878 pueros
1599 2859 1608 2873 ,
1629 2839 1660 2869 δέ
1672 2837 1794 2868 adultos
1806 2838 1982 2877 complures
2003 2836 2073 2868 sunt
2084 2837 2225 2869 differen-

1234 2879 1285 2910 tiae
1295 2901 1303 2915 ,
1328 2879 1497 2911 secundnm
1508 2880 1776 2911 Hostiens.71u.11.
1789 2890 1861 2910 nam
1873 2879 1957 2920 pueri
1969 2880 2071 2911 reflari
2086 2891 2150 2911 non
2163 2882 2227 2921 pos-

1235 2922 1321 2958 sunt,
1340 2923 1439 2954 adulti
1451 2923 1592 2963 poss'unt,
1613 2922 1700 2965 [affl
1715 2924 1765 2955 De
1776 2921 1838 2963 test.
1853 2923 1931 2954 Item
1944 2923 1990 2954 illi
2005 2933 2067 2953 non
2082 2925 2229 2964 obligan-

1235 2975 1285 2996 tur
1296 2967 1493 3007 juramento,
1517 2965 1635 2998 bivero
1645 2967 1839 3006 obligantur,
1850 2968 1982 3002 c.Pueri‚
1994 2968 2025 2997 δι
2036 2977 2060 2998 c.
2070 2969 2168 2999 Paris.
2176 2979 2188 2998 2
2197 2979 2224 2998 2.

1235 3017 1295 3046 q.5.
1309 3008 1405 3039 Unde
1415 3011 1446 3040 δε
1461 3018 1547 3040 tenet
1567 3008 1748 3041 c'ontraCtus
1760 3008 1967 3041 adolescentis
1989 3010 2166 3051 juramento
2178 3011 2228 3041 fir-

1235 3061 1355 3087 matus,
1376 3051 1429 3083 lib.
1447 3063 1471 3083 1.
1484 3053 1516 3083 ὃ(
1529 3052 1664 3083 Autlien.
1676 3055 1815 3083 Sacram.
1826 3049 1965 3092 puberum
1977 3075 1986 3088 ‚
2007 3056 2043 3084 C.
2063 3052 2228 3093 §inducis

1235 3092 1351 3125 vendit.
1363 3098 1395 3126 δέ
1407 3105 1537 3126 noratur
1549 3095 1581 3126 in
1592 3094 1700 3126 ccum
1710 3097 1863 3133 contingat
1873 3116 1883 3131 ,
1903 3093 1989 3136 infra'
2000 3095 2036 3126 de
2047 3095 2231 3135 jurejurand.

1236 3137 1314 3169 ltem
1327 3139 1413 3178 pueri
1435 3148 1498 3168 non
1513 3137 1583 3169 sunt
1602 3138 1719 3169 habiles
1731 3139 1767 3168 ad
1783 3139 2022 3170 matrimonium
2042 3141 2231 3171 contrahen-

1235 3182 1332 3215 duim
1356 3181 1455 3212 adulti
1468 3180 1542 3211 νει-ὸ
1554 3181 1671 3212 habiles
1682 3181 1750 3211 sunt
1767 3180 1825 3211 sive
1835 3191 1946 3221 agatur
1955 3185 1993 3213 de
2005 3184 2136 3219 carnali,
2150 3190 2181 3213 ut
2199 3183 2231 3213 in

1235 3235 1259 3254 c.
1272 3223 1399 3255 Puberes
1411 3246 1420 3260 ‚
1439 3224 1523 3266 infra‘
1534 3222 1570 3254 de
1577 3222 1709 3263 desponsJ
1721 3221 1829 3263 impub-
1843 3224 1902 3256 live
1913 3227 1950 3256 de
1962 3225 2114 3265 spirituali
2125 3248 2135 3261 ‚
2158 3225 2232 3257 idest

1237 3266 1426 3305 profi-{lione
1439 3265 1591 3306 Regulari
1602 3288 1612 3302 ,
1636 3276 1669 3298 ut
1684 3267 1715 3299 in
1727 3268 1813 3297 c.Ad
1823 3266 1964 3308 nostram,
1975 3267 2229 3311 c.Significat1m:,

1236 3308 1342 3340 c.Cum
1353 3312 1454 3341 virum
1466 3332 1474 3344 ‚
1486 3311 1518 3340 ὃς
1528 3307 1637 3341 nciam
1642 3310 1753 3351 fimus,
1768 3312 1799 3340 in
1800 3309 1853 3351 βά
1863 3311 1898 3342 de
1907 3312 2040 3351 regulAEr
2052 3311 2230 3343 summatim

1236 3353 1370 3393 majores
1385 3353 1474 3384 annis
1485 3353 1725 3393 quatuordecim
1738 3353 1959 3386 discretionem
1971 3355 2100 3391 liabent,
2110 3357 2142 3386 δι’
2154 3364 2227 3385 con--

1237 3394 1354 3426 sensum
1365 3395 1534 3435 perfectum
1545 3417 1554 3431 ,
1577 3406 1611 3426 ut
1623 3394 1691 3426 ind.
1705 3396 1819 3428 c.Ci1m
1832 3400 1932 3430 virum
1944 3420 1953 3434 ,
1965 3399 1998 3430 ἀ
2011 3398 2044 3430 in
2053 3409 2077 3428 c.
2086 3407 2111 3429 1.
2124 3398 2174 3429 Dc
2183 3409 2230 3428 re—

1235 3438 1295 3477 gul.
1307 3436 1392 3470 lib-6.
1405 3440 1436 3471 &
1450 3439 1482 3471 in
1493 3437 1596 3471 clem.
1608 3441 1668 3470 Eos
1679 3442 1738 3470 eod.
1751 3442 1802 3472 tit.

2120 3481 2191 3513 Mo-

2256 2375 2273 2395 u
