2397 3664
790 172 795 177 .
827 122 1107 182 DeEletst.
1137 138 1181 177 e.
1211 121 1461 179 Causam..

184 210 226 255 ἐς
248 215 361 246 Forma
371 213 474 252 quibus
484 214 588 248 verbi:
597 213 758 247 inducatur
770 237 778 245 .

189 268 233 297 24
252 254 349 289 Verba
368 257 460 289 aliter
468 258 537 290 fieri
555 268 622 290 non
629 256 720 298 poffit
732 278 744 293 ,
773 268 815 288 an
835 258 998 296 importent
1013 254 1164 288 decretum

295 309 427 332 trrttans
437 324 446 332 .

186 352 226 383 25
251 343 394 376 Conditio
407 342 540 383 formam
553 339 785 383 substantialem
795 340 914 373 inducit
923 364 931 373 .

189 392 229 419 26
249 385 342 427 Gesta
361 395 464 419 contra
467 385 604 426 formam
617 384 693 425 fimt
702 384 764 426 ipso
774 384 931 423 jurenulla
941 407 950 415 .

187 440 229 469 27
249 433 339 471 Papae
348 429 448 462 eleffio
457 427 494 460 de
502 427 567 466 jure
576 431 722 460 communi
732 426 847 460 valida
857 426 897 469 est
905 426 1164 466 quomodocumque

295 472 354 504 due
364 480 466 512 partes
476 469 696 503 Cardinalium
706 470 896 513 consentiant
912 474 946 503 in
955 472 1086 509 aliquem
1097 491 1108 506 ,
1127 478 1160 500 ut

296 518 329 547 in
338 515 462 547 clettam
474 537 481 545 .

188 559 229 593 28
251 562 279 592 E
282 557 417 590 leffiom's
434 559 524 597 Papae
543 554 641 597 forma
663 555 883 598 substantialis
903 554 1105 597 praescribitur
1129 556 1163 585 in

290 597 508 641 Constitutione
516 601 657 640 Gregorii
665 601 729 632 XVI
739 603 772 632 in
784 603 812 637 ἓ.
819 599 946 643 ρ-ᾳὸάβ
955 599 1057 630 ιίιὲἶίο
1067 620 1075 628 .

185 655 228 684 29
247 647 276 677 C
275 644 325 675 lau
324 642 395 683 sula
418 642 532 675 decreti
550 644 646 687 postta
666 642 767 686 infine
773 644 868 676 Bullae
887 642 1040 674 elationis
1057 642 1163 686 magni

294 684 716 731 Magistri·Jerofhlymita71i
729 684 858 727 sublata
867 683 910 727 est
918 708 928 721 ,
948 690 987 717 ω’
995 687 1029 716 in
1039 693 1101 722 ejus
1121 685 1164 715 lo—

293 728 496 772 cumsufjeffa
512 728 554 770 est
574 730 644 762 alia
662 729 859 772 perstringens
871 727 1095 771 substantialia
1106 727 1164 758 ele-

294 773 401 804 r‘b'onis
412 796 420 803 .

187 825 229 858 30
247 814 376 849 Verbum
386 838 396 852 ,
416 826 483 847 non
492 815 591 857 potest
601 838 612 852 ,
633 814 799 854 aliquando
818 817 980 857 exponitur
989 838 1000 852 ‚
1028 811 1062 845 id
1094 811 1134 855 est
1152 835 1163 849 ‚

283 866 354 891 vnon
365 858 465 891 debet.
982 881 985 883 >

186 913 203 946 3
211 914 222 936 1
245 903 385 945 Pupillus
394 901 546 943 pubertati
554 904 711 944 Proximus
720 901 828 943 absque
847 903 955 934 tutoris
975 898 1163 933 authoritate

293 946 479 977 naturaliter
487 944 636 985 obligatur
645 969 654 977 .

185 999 225 1031 32
246 988 373 1023 Verbum
382 1011 392 1025 ,
413 987 528 1029 potest,
550 988 725 1029 precedente
733 990 889 1028 negatione
908 999 965 1019 non
983 987 1095 1028 privat
1112 995 1163 1027 po-

294 1034 391 1064 tentia
403 1054 413 1068 ,
437 1029 553 1069 quando
562 1030 632 1064 hinc
639 1031 801 1072 resultaret
812 1030 938 1071 absonus
947 1030 1116 1061 intellems
1125 1052 1134 1060 .

183 1087 201 1118 3
209 1086 223 1118 3
247 1073 350 1117 Mssa
363 1073 555 1116 sacrficium
566 1097 576 1112 ,
599 1087 642 1107 an
652 1086 692 1107 ex
704 1073 808 1117 forma
819 1072 980 1116 precedere
990 1071 1097 1104 debeat
1108 1073 1164 1105 ele-

297 1119 421 1150 trionem
431 1120 479 1150 Pa
500 1128 537 1148 α.

186 1171 230 1204 34
248 1161 318 1195 Una
328 1125 544 1197 determinatio
553 1160 714 1202 respiciens
721 1161 810 1202 plura
818 1158 1070 1192 determinabilia
1081 1182 1092 1197 ,
1113 1159 1164 1191 de-

293 1201 341 1236 bet
351 1215 386 1235 ea
398 1205 551 1242 aqualiter
559 1206 762 1236 determinare
771 1226 780 1235 .

168 1259 173 1262 ·
183 1257 203 1289 3
209 1256 225 1288 5
246 1241 434 1280 Cardinal'es
443 1258 483 1278 an
493 1247 597 1289 possint
597 1246 688 1288 super
694 1247 833 1280 tiemone
846 1248 930 1288 Papae
949 1248 1166 1286 compromitte-

293 1292 367 1322 rein
378 1301 466 1322 unum
475 1288 597 1323 tantiam
608 1301 649 1322 ex
657 1291 791 1330 Collegio
799 1311 810 1326 ,
821 1287 859 1322 (ῥ’
867 1300 898 1320 n.
901 1288 983 1330 seqq.
997 1289 1056 1330 usq,
1069 1302 1101 1321 tn
1108 1289 1163 1332 fin.

187 1338 228 1375 36
250 1335 346 1368 Plura
354 1334 395 1365 lis
405 1334 533 1372 loquacia
543 1332 665 1366 duorum
668 1332 783 1374 salum
795 1343 947 1364 numerum
958 1336 1085 1370 requirit
1095 1357 1103 1364 .

187 1387 229 1419 37
251 1379 398 1417 Eligondi
416 1375 545 1419 potestas
560 1377 667 1409 utilius
687 1378 887 1410 committitur
904 1374 1038 1418 pluribus
1047 1400 1058 1414 ‚
1077 1377 1165 1415 quim

298 1432 347 1452 um
359 1443 368 1452 .

189 1467 230 1506 38
251 1465 372 1496 Melius
384 1472 486 1495 tamen
496 1463 660 1504 expeditur
668 1472 721 1505 per
731 1474 818 1495 unum
830 1485 839 1500 ,
859 1462 948 1501 qudm
959 1472 1011 1504 per
1019 1463 1117 1504 plures
1128 1487 1136 1510 5

187 1517 228 1549 39
248 1505 432 1548 constitutio
440 1505 501 1545 iuri
511 1509 658 1539 communi
669 1505 829 1549 conformis
846 1508 953 1547 recipit
963 1504 1003 1538 ab
1013 1508 1110 1539 eodem
1121 1517 1166 1545 ju*-

295 1561 328 1582 re
336 1553 585 1591 interpretatione
595 1550 745 1591 passivam
756 1573 765 1581 .

183 1603 222 1635 41
246 1594 422 1627 Pluralitas
441 1604 481 1625 an
492 1615 502 1630 ‚
521 1591 559 1625 ὠ·
575 1593 690 1631 quando
710 1592 885 1634 resolvatur
903 1594 937 1624 in
958 1593 1161 1636 fingularita-

296 1646 359 1668 tem
373 1659 381 1667 .

188 1690 229 1720 42
252 1678 400 1719 Eligendi
416 1677 545 1720 potestas
556 1679 715 1722 consultius
732 1681 933 1711 committitur
943 1681 1102 1721 inimpari
1116 1692 1167 1711 nu·

294 1733 376 1755 mero
387 1745 396 1753 .

182 1775 225 1808 43
247 1768 387 1798 canones
407 1766 556 1802 loquentes
573 1764 610 1796 de
629 1764 816 1798 eleFlionibus
844 1765 1019 1807 inferiorum
1030 1789 1041 1803 ,
1070 1778 1110 1798 an
1129 1765 1167 1799 (ᾗ

291 1807 408 1847 quando
418 1806 548 1840 habeant
557 1809 650 1840 locum
660 1812 693 1840 in
714 1810 852 1841 electione
863 1812 952 1851 Papae
965 1833 974 1846 ,
993 1808 1031 1842 (J
1051 1822 1099 1841 nu.
1111 1819 1163 1850 45.

295 1852 376 1892 vers.
388 1854 430 1883 Et
441 1863 504 1883 cum
511 1854 660 1895 fimiliter
672 1877 678 1884 .

185 1905 230 1934 44,-
249 1895 390 1927 Pluralis
400 1898 497 1926 oratio
507 1907 563 1925 non
582 1895 743 1935 resolvitur
753 1898 786 1927 1‘71
803 1895 985 1937 fingularrm
1005 1895 1164 1928 secundum

289 1941 416 1977 rigorem
429 1937 585 1969 verborum
594 1960 604 1974 ,
617 1937 843 1978 sedfi’cunolum
855 1937 975 1979 senficm
986 1961 996 1975 ,
1015 1938 1052 1971 Φ
1077 1950 1165 1970 natu-

291 1981 388 2013 ralem
399 1978 536 2021 affellum
547 2003 555 2011 .
874 2010 877 2011 ⁷

183 2033 222 2065 45
245 2025 273 2056 C
273 2034 319 2055 om
321 2027 416 2065 promi
418 2022 490 2065 ffum
495 2023 584 2064 super
594 2023 735 2055 elefbione
745 2027 791 2056 Pa
794 2034 832 2065 pae
842 2024 863 2055 a'
873 2023 1094 2057 Cardinalibus
1105 2028 1164 2057 ini-

301 2076 362 2099 tum
375 2070 407 2098 in
418 2077 504 2099 unum
515 2066 637 2099 tantum
646 2066 824 2106 deCollegio
834 2090 845 2103 ,
858 2078 900 2098 an
909 2069 1017 2100 valeat
1026 2091 1034 2100 .

182 2113 224 2150 46
249 2110 423 2143 Pluralitas
433 2109 502 2146 ,ubi
513 2108 554 2152 est
564 2109 706 2152 deforma
716 2132 726 2147 ,
736 2121 795 2142 non
801 2109 893 2152 potest
901 2111 1014 2152 resolvi
1025 2112 1163 2155 invsingu-

172 2167 175 2169 ·
290 2155 449 2186 laritatem
462 2176 471 2184 .

105 2250 119 2273 1
241 2239 361 2281 Ansam
388 2238 708 2280 .Compromittentes
719 2249 869 2272 tenentur
880 2240 1018 2282 recipere
1029 2239 1163 2273 eiectum

169 2251 232 2319 C
254 2294 269 2314 a
282 2283 557 2324 compromiffario
566 2305 576 2319 ,
587 2283 764 2315 dummodo
776 2283 812 2315 sit
825 2283 956 2316 idoneus
968 2307 975 2314 .
985 2285 1056 2316 Hoc
1068 2285 1162 2321 dicit,

163 2328 198 2359 &
210 2337 273 2358 non
284 2327 439 2358 dividitur
452 2324 623 2358 secundum
634 2327 788 2367 Joannem
801 2327 917 2359 And&
930 2328 1110 2359 Antonium
1122 2330 1160 2359 de

173 2371 260 2401 Butr.
279 2370 335 2401 Vel
349 2370 518 2401 secundum
531 2370 608 2401 alios
619 2370 687 2401 sunt
697 2373 764 2401 duze
776 2380 876 2411 partes
887 2394 894 2401 .
916 2371 950 2402 ln
962 2371 1062 2411 prima
1071 2371 1162 2411 poni-

174 2423 227 2444 tur
238 2416 341 2444 decisa
359 2413 553 2444 consultatio
565 2437 574 2445 .
595 2413 630 2444 In
641 2413 775 2445 secunda
785 2436 795 2450 ,
814 2413 971 2454 responsio
982 2437 995 2451 ,
1022 2414 1086 2450 ibi,
1106 2416 1161 2446 So-

170 2467 252 2486 rores
262 2477 269 2485 .

123 2511 141 2532 2
199 2497 297 2530 Nota
315 2497 417 2538 primo
428 2520 438 2534 ,
460 2497 618 2530 Moniales
639 2499 785 2539 appellari
805 2499 935 2532 Sorores
957 2513 964 2532 τ
994 2511 1066 2533 nam
1086 2498 1161 2532 cum

167 2541 270 2583 primo
282 2551 343 2573 tex.
353 2540 470 2573 dixerit
483 2541 642 2572 Moniales
655 2563 664 2577 ,
687 2541 787 2582 postea
795 2542 897 2575 subdit
909 2566 920 2580 ,
939 2545 1068 2576 Sorores
1082 2555 1093 2580 ,·
1115 2554 1161 2576 at-

163 2595 224 2627 que
236 2585 281 2616 ita
292 2585 354 2615 baec
365 2587 430 2615 duo
445 2584 592 2616 videntur
602 2584 794 2626 synonyma,
814 2586 864 2617 seu
884 2587 966 2619 idem
987 2587 1161 2628 importan-

164 2629 234 2663 tia,·
254 2630 338 2668 quod
350 2628 391 2659 est
401 2637 514 2659 contra
525 2628 667 2668 vulgares
677 2649 687 2663 ,
708 2629 762 2668 qui
780 2628 976 2670 distinguunt
997 2630 1125 2662 Sorores
1144 2629 1161 2661 ἐι

165 2670 366 2704 Monialibus
377 2693 386 2707 ‚
398 2670 568 2702 secundum
579 2671 626 2710 Jo.
638 2671 720 2701 And.
731 2672 763 2702 &
773 2669 870 2703 Card.
881 2674 913 2703 in
923 2676 1017 2713 princ.
1029 2677 1062 2705 iu
1071 2674 1153 2706 verb.

167 2716 302 2750 Sorores,
313 2714 400 2745 Butr.
409 2725 438 2745 n.
449 2717 478 2744 6.
490 2714 568 2745 Abb.
578 2724 628 2744 nu.
643 2723 670 2744 r.
679 2715 710 2744 in
724 2723 750 2745 1.
761 2712 896 2746 nomo&
909 2716 954 2756 Jo.
964 2719 1002 2749 tle
1013 2717 1116 2749 Anan.
1127 2720 1160 2749 in

169 2766 267 2799 princ.
288 2757 409 2797 Vulgus
420 2757 507 2788 enim
523 2757 653 2797 appellat
664 2757 793 2788 Sorores
802 2779 814 2793 ,
833 2767 900 2798 qua:
910 2759 1034 2791 subsunt
1046 2760 1160 2793 Fratri-

163 2801 221 2833 bus
230 2800 392 2831 Ordinum
404 2800 662 2832 Mendicantium
672 2822 684 2836 ,
693 2809 726 2831 ut
736 2799 1007 2839 Praedicator-ibus,
1018 2803 1159 2835 Minori-

170 2844 228 2875 bus
238 2865 249 2879 ,
258 2845 290 2875 &
302 2843 372 2875 aliis
382 2846 420 2875 de
431 2844 545 2884 quibus
556 2845 589 2874 in
599 2852 665 2883 cap.
677 2844 751 2874 Non
755 2842 857 2883 saliem
869 2865 878 2879 ,
889 2843 926 2876 &⁴
937 2855 1002 2885 cap.
1014 2847 1161 2886 Constitu-

167 2888 281 2918 tionem
290 2885 326 2918 de
333 2888 462 2925 regular.
471 2884 556 2918 ltbf.
569 2887 704 2927 reliquas
717 2885 790 2918 vero
803 2897 895 2918 vocat
907 2887 1068 2920 Moniales
1080 2912 1086 2919 .
1099 2889 1162 2922 Ra-

167 2929 218 2960 tio
227 2929 348 2961 motiva
358 2930 461 2970 potuit
472 2930 530 2962 effe
539 2952 548 2966 ‚
567 2930 642 2971 quia
663 2930 741 2962 ficut
763 2928 916 2970 Religiosr
936 2930 1160 2964 Mendicantes

165 2981 232 3004 non
244 2972 475 3005 consueverunt
486 2974 633 3014 appellari
643 2972 801 3004 Monach't
810 2996 818 3009 ,
831 2973 881 3004 sed
894 2974 1012 3005 Fratres
1023 2985 1035 3010 ,-
1047 2976 1079 3006 &
1091 2976 1160 3007 vice

170 3013 259 3046 versa
271 3013 423 3055 Religion
436 3027 499 3047 non
519 3016 740 3048 Mendicantes
762 3017 908 3057 appellari
924 3017 1024 3049 solent
1045 3017 1160 3050 Mona-

170 3057 221 3088 chi
233 3079 242 3093 ‚
255 3067 320 3089 non
332 3067 437 3090 autem
449 3059 568 3091 Fratres
580 3070 588 3095 ·,
600 3059 749 3101 quinimo
760 3060 840 3101 aegre
854 3059 956 3092 ferant
966 3083 976 3097 ,
1000 3060 1020 3091 s1
1032 3064 1159 3101 quando

167 3100 288 3132 Fratres
300 3111 521 3142 nuncupentur
532 3115 542 3131 .·
553 3106 663 3135 eodem
676 3105 770 3134 modo
784 3104 892 3143 vulgus
904 3103 1039 3135 credidit
1050 3104 1160 3136 mulie—

166 3154 214 3175 res
228 3142 402 3182 Religiolas
414 3144 571 3177 Fratribus
582 3145 731 3188 subjectas
743 3169 754 3183 ,
773 3147 831 3178 else
842 3149 1001 3178 vocandas
1017 3147 1158 3184 sorore-55

167 3185 360 3226 &subjeetas
371 3186 542 3219 Monachis
552 3189 711 3221 Moniales
725 3213 732 3219 .
752 3188 810 3221 Sed
820 3190 883 3220 [περ
903 3189 1061 3221 distinctio
1081 3201 1157 3221 con-

130 3240 148 3272 3
172 3229 316 3261 funditur
327 3227 376 3260 hic
388 3251 398 3265 ,
418 3231 493 3260 &in
505 3242 528 3261 c.
540 3231 838 3273 Cumddec‘lasupra'
855 3231 890 3263 de
898 3231 989 3272 rescr.
1008 3232 1078 3264 Nec
1101 3234 1157 3265 mi-

168 3282 238 3304 rum
247 3294 256 3308 ,
265 3272 446 3312 quiaetiam
458 3273 610 3305 Monachi
621 3276 747 3315 possunt
758 3275 904 3316 appellari
916 3276 1034 3307 Fratres
1045 3298 1058 3312 ,
1076 3286 1112 3308 ut
1125 3277 1158 3308 in

167 3318 350 3356 &Gaas-1772,
359 3316 383 3345 il
393 3315 580 3356 primainfra'
591 3318 626 3348 de
637 3318 727 3356 judic.
744 3330 769 3351 c.
788 3322 825 3350 Si·
836 3317 1018 3359 Religiofits,
1033 3323 1059 3356 ᾗ.
1073 3321 1156 3363 Quia

166 3358 237 3389 vcro
248 3381 256 3394 ,
268 3359 299 3390 &
312 3355 356 3389 ibi
366 3367 496 3389 notatur
504 3360 537 3389 in
547 3363 763 3393 verJratrum
772 3361 809 3394 de
818 3362 900 3394 eleffl.
913 3360 966 3394 lib.
977 3365 1008 3393 6.
1018 3362 1055 3394 ὠ
1064 3374 1088 3394 c.
1099 3366 1158 3394 Su-

122 3410 144 3440 4
156 3400 304 3441 seepimus
313 3423 323 3437 ,
343 3401 428 3432 &ibi
439 3401 572 3433 Horten
583 3412 678 3443 princ.
690 3406 723 3436 in
733 3416 798 3436 ver.
810 3407 922 3437 Fratre
929 3404 965 3436 a'e
976 3403 1157 3438 homicidAEt

168 3445 312 3483 quamvis
332 3454 440 3475 omnes
456 3443 630 3476 Christiani
649 3446 710 3478 sint
732 3447 841 3480 fratres
864 3448 897 3479 in
916 3447 1043 3480 Christo
1054 3470 1065 3486 ,
1082 3450 1158 3491 quia

165 3496 217 3525 per
228 3487 386 3518 lavacrum
396 3488 645 3527 regenerationis
655 3490 887 3528 recognoscunt
905 3491 1109 3532 spiritualiter
1125 3503 1158 3524 u-

167 3538 244 3560 num
256 3529 378 3561 Patrem
391 3552 400 3566 ‚
412 3530 530 3564 scilicet
541 3530 657 3568 Deum,
667 3543 692 3563 c.
706 3533 760 3564 Aa
770 3534 904 3575 mensam
917 3544 965 3571 Π.
977 3544 1036 3578 q-3.
1049 3544 1156 3570 tamen

244 3571 328 3612 Pros
320 3581 347 3613 p.
357 3575 494 3614 fagnan-
504 3577 537 3606 in
547 3576 574 3607 I.
593 3574 663 3609 Lib.
673 3577 828 3610 Det-retal.

2007 144 2010 145 ’
2038 135 2137 185 257

1195 221 1229 243 ut
1240 216 1318 244 dicu
1334 224 1409 244 πυ.
1419 212 1467 244 ubi
1470 212 1537 253 sup.
1559 223 1612 254 per
1621 213 1843 247 excellentiam
1859 214 1919 247 hoc
1930 215 2063 247 nomine
2084 216 2189 248 dotati

1193 254 1263 286 sunt
1276 254 1428 296 Religiofi
1441 266 1564 296 propter
1575 257 1763 289 charitatem
1774 280 1784 293 ,
1802 268 1900 298 quam
1920 258 2060 291 invicem
2070 259 2187 290 debent

1192 298 1305 331 habere
1319 321 1327 334 ‚
1349 309 1384 330 ut
1396 300 1588 340 appellentur
1599 300 1719 332 Fratres
1730 323 1739 337 ‚
1760 304 1793 332 &
1802 301 1933 334 Sorores
1943 325 1952 333 .

1233 340 1382 373 Secundo
1392 352 1469 373 nota
1478 364 1486 378 ‚
1503 342 1567 379 ibi,
1577 345 1611 374 in
1623 341 1803 384 Episcopum
1812 367 1822 381 ,
1835 344 1994 377 Moniales
2002 345 2084 386 posse
2104 355 2195 377 com-
2216 355 2232 387 5

1192 384 1377 424 promittere
1387 385 1419 415 in
1430 385 1603 416 masculum
1622 386 1810 418 electionem
1820 388 1964 420 Abbatiae
1974 411 1985 425 ,
2009 399 2066 420 nec
2089 388 2191 420 teneri

1193 437 1452 468 compromittere
1465 438 1497 459 ιιι
1509 428 1584 460 alias
1596 428 1755 462 Moniales
1766 430 1936 463 secundum
1947 433 2063 464 Ant.de
2073 431 2192 464 Buten.

1193 478 1221 509 5.
1234 471 1266 501 &
1277 470 1357 501 Abb.
1367 482 1397 501 n.
1412 480 1437 511 3.
2096 496 2101 501 -

1236 511 1350 544 Tertio
1361 524 1438 546 nota
1450 514 1483 544 in
1493 515 1562 545 eod.
1576 524 1639 546 ver.
1650 515 1896 557 Compromiffum
1906 540 1916 554 ,
1937 519 2022 560 super
2034 517 2189 551 electione
2215 524 2235 552 6

1193 555 1262 587 fieri
1272 556 1353 596 posse
1365 557 1398 587 in
1410 567 1507 588 unum
1519 555 1644 589 tantum
1656 580 1663 588 .
1675 557 1723 588 De
1737 559 1795 590 lioc
1809 560 1883 591 infr.
1895 562 1929 593 in
1943 572 2001 600 2.q.
2013 574 2042 594 η.
2057 565 2107 603 38.

1236 598 1369 630 Ultimi>
1379 609 1458 631 nota
1467 622 1477 636 ,
1499 599 1766 641 Compromilsum
1779 603 1864 642 super
1874 604 2029 638 electione
2040 605 2109 637 fieri
2119 605 2186 647 pos-
2209 614 2231 645 7

1192 641 1220 672 se
1231 642 1328 675 etiam
1338 641 1371 673 in
1384 652 1568 674 extraneum
1580 665 1590 680 ,
1601 643 1670 680 seu,
1682 653 1715 674 ut
1725 644 1806 676 dicit
1819 647 1922 678 Abbas
1936 669 1945 683 ,
1962 647 2152 680 forinsecum
2171 651 2190 680 :i

1192 684 1361 727 Collegio:
1371 696 1445 717 nam
1456 686 1623 727 Episcopus
1635 708 1646 722 ,
1666 687 1697 718 in
1708 697 1804 728 quem
1815 688 1976 722 Moniales
1996 692 2191 732 compromi-

1192 727 1296 760 serunt
1306 751 1317 766 ‚
1330 739 1395 760 non
1407 729 1449 760 est
1459 732 1497 761 de
1507 729 1658 770 Collegio
1678 730 1872 763 Monialium
1882 754 1892 768 ,
1912 733 1989 765 licet
2002 735 2037 765 fit
2058 735 2191 775 ipsarum

1192 770 1308 812 Caput,
1318 772 1504 815 c.Reqmfisti
1515 795 1525 808 ,
1537 776 1658 810 §.Sectis
1668 772 1753 813 infra
1759 773 1796 805 de
1805 773 1980 815 testam.ibi:
1994 778 2067 808 Non
2077 777 2117 816 est
2127 787 2195 809 tan·
2214 781 2234 811 8

1191 823 1225 845 ta
1236 817 1488 848 commutti'ozttter
1501 815 1692 858 Episcopum,
1703 815 1740 849 &⁶
1754 819 1959 859 Monasteria,
1967 829 2080 857 quanta
2090 819 2131 862 est
2140 824 2191 853 in-

1191 866 1238 888 ter
1250 857 1439 900 Episcopum,
1450 859 1488 892 &
1499 861 1667 904 Ecclefiam
1679 862 1706 892 C
1707 859 1895 894 cathedralem
1906 885 1915 898 ,
1927 865 1973 894 cui
1983 863 2023 904 est
2025 862 2192 904 spirituali

1191 901 1323 940 coniugio
1333 904 1488 943 copulatus
1497 925 1507 938 ,
1525 902 1613 935 &ibi
1626 904 1768 944 notatgl.
1784 914 1809 935 1.
1821 905 1910 937 Host.
1921 917 2001 938 num.
2016 916 2042 938 1.
2054 906 2133 947 verfi
2147 908 2192 938 Et

1192 953 1285 977 extra
1295 946 1460 984 Collegium
1472 945 1542 978 bene
1550 945 1642 988 potest
1652 945 1874 988 compromitti,
1885 949 1932 989 Jo.
1943 949 2025 981 And.
2036 961 2083 982 nn.
2097 962 2126 981 2.
2138 960 2192 982 ex-

1193 998 1312 1028 ponens
1324 991 1465 1024 verbum,
1481 988 1670 1031 Episcopum,
1683 990 1713 1022 id
1725 990 1778 1027 est,
1787 992 1946 1032 proprium
1959 1016 1970 1029 ,
1979 994 2025 1025 vel
2038 993 2190 1030 alienum,

1191 1033 1295 1072 quoad
1305 1031 1408 1063 astum
1420 1032 1585 1065 electionis
1596 1056 1606 1070 ‚
1624 1034 1672 1065 sed
1686 1035 1827 1074 proprius
1838 1036 2042 1068 confirmabit
2055 1035 2188 1069 Cardin.

1192 1077 1225 1105 in
1235 1076 1362 1116 princip.
1375 1075 1576 1117 Burr.mem.3.
1588 1089 1620 1108 m
1633 1088 1661 1108 2.
1673 1075 1773 1109 notab.
1787 1078 1923 1110 Anchar.
1933 1089 2045 1111 namt.
2057 1079 2186 1113 Bellarn.

1193 1120 1226 1149 in
1235 1120 1330 1158 princ.
1340 1122 1373 1149 in
1385 1130 1448 1150 ver.
1460 1118 1642 1162 Epist-opum
1652 1143 1661 1157 ,
1681 1121 1760 1152 Abb.
1773 1132 1834 1152 71-2.
1845 1124 1878 1152 in
1891 1134 1919 1153 2.
1931 1122 2030 1154 notab.
2045 1124 2077 1154 δε
2088 1124 2135 1163 Jo.
2148 1124 2187 1155 de

1194 1161 1299 1192 Anan.
1310 1173 1338 1192 n.
1355 1171 1379 1192 1.
1391 1163 1432 1203 gl.
1446 1164 1478 1193 in
1488 1172 1555 1203 cap.
1565 1165 1652 1209 Quia
1664 1172 1782 1204 propaer
1791 1166 1823 1195 in
1833 1166 1990 1207 verJuri‘s
2000 1164 2058 1206 inf.
2070 1165 2170 1198 eodem
2181 1188 2193 1204 ,

1194 1204 1282 1236 &ibi
1295 1204 1446 1237 Innocen.
1457 1207 1490 1237 in
1499 1206 1560 1237 cod.
1571 1217 1637 1238 ver.
1648 1218 1678 1237 n.
1690 1211 1719 1245 6,
1734 1206 1812 1238 Abb.
1833 1208 1943 1252 Aptiq.
1955 1220 2003 1240 nu.
2017 1219 2066 1241 20.
2078 1212 2112 1241 in
2121 1221 2186 1241 ver.

1194 1249 1244 1280 De
1252 1248 1398 1287 Collegio,
1407 1248 1610 1289 Compostell.
1621 1261 1668 1280 nu.
1679 1259 1730 1288 27.
1741 1252 1774 1280 in
1784 1262 1848 1282 ver.
1859 1253 2079 1284 Committatur
2089 1276 2098 1290 ‚
2109 1251 2189 1293 verfi

1194 1292 1350 1323 Similiter
1360 1303 1412 1323 nec
1421 1291 1512 1331 ellyus
1522 1314 1532 1329 ,
1552 1295 1584 1324 δι
1596 1293 1651 1325 alii
1669 1293 1883 1325 communiter
1893 1318 1901 1326 .
1925 1293 2023 1327 Ratio
2032 1296 2074 1328 est
2083 1318 2092 1333 ,
2112 1296 2190 1337 quia
2209 1306 2231 1334 9

1194 1333 1377 1374 Collegium
1390 1335 1486 1376 ipsum
1496 1335 1639 1368 censetur
1649 1336 1766 1376 eligere
1776 1358 1786 1372 ,
1805 1337 1879 1369 cum
1890 1337 2003 1370 electio
2015 1339 2048 1371 fit
2060 1350 2111 1379 per
2122 1350 2188 1376 eos,

1196 1378 1317 1419 inquos
1328 1378 1466 1418 eligendi
1477 1379 1635 1410 transtulit
1645 1379 1840 1419 potestatem,
1850 1392 1876 1412 c.
1888 1382 1922 1412 In
1932 1382 2030 1424 caufis
2041 1405 2051 1419 ,
2064 1386 2090 1419 ς’.
2103 1384 2191 1432 Quia

1199 1432 1266 1452 vero
1276 1419 1360 1462 infra'
1371 1421 1455 1453 eodJ.
1467 1424 1544 1454 Rem
1555 1433 1651 1453 eorum
1659 1445 1668 1458 ,
1687 1429 1713 1458 ς.
1722 1425 1759 1454 Si
1771 1424 1956 1455 Decuriones
1965 1447 1976 1461 ,
1987 1425 2030 1456 ibi
2043 1437 2049 1455 t
2064 1427 2138 1456 Non
2147 1437 2195 1457 re-

1189 1462 1255 1507 fert
1263 1476 1303 1495 art
1313 1463 1384 1496 ordo
1393 1466 1515 1503 elegerit
1527 1488 1535 1501 ,
1545 1477 1585 1497 an
1594 1468 1633 1502 is,
1644 1468 1690 1497 cui
1701 1465 1772 1497 ordo
1781 1467 1940 1508 comm-isit,
1949 1465 1985 1510 ff
1997 1467 2088 1511 Quod
2099 1467 2193 1509 cujust-

1195 1518 1250 1545 que
1260 1510 1310 1538 uni
1315 1507 1391 1547 verfi
1403 1510 1513 1540 nomin.
1535 1508 1707 1541 secundum
1725 1509 1836 1542 Innoc.
1856 1508 1905 1542 hic
1920 1514 1953 1542 in
1972 1523 2038 1543 ver.
2060 1514 2164 1554 Recipi
2181 1534 2192 1549 ,

1195 1550 1434 1592 Compostell.in
1442 1554 1573 1592 prim-,in
1584 1564 1648 1584 ver.
1660 1554 1776 1585 Facias
1786 1576 1796 1590 ,
1805 1553 1851 1595 Jo.
1865 1554 1963 1586 Andr.
1973 1565 2053 1587 num.
2064 1558 2094 1588 8.
2107 1555 2139 1587 in
2149 1556 2192 1597 gl.

1198 1604 1224 1626 1.
1235 1597 1267 1625 ὅ(
1279 1595 1356 1626 alios
1368 1597 1580 1637 praeallegatos
1592 1619 1600 1627 .

1239 1637 1386 1670 Procedit
1407 1649 1513 1671 tamen
1530 1639 1704 1680 supradicita
1731 1642 1894 1673 conclusio
1912 1664 1922 1678 ‚
1955 1643 2130 1677 dummodo
2150 1644 2176 1676 is
2188 1666 2198 1682 ,
2218 1653 2259 1678 ιο

1197 1681 1230 1712 in
1242 1691 1336 1722 quem
1347 1682 1619 1722 compromittitur
1629 1705 1639 1720 ,
1660 1683 1694 1715 fit
1706 1686 1835 1724 persona
1853 1685 2070 1719 Ecclesiastica
2079 1710 2089 1723 ,
2101 1698 2195 1729 prout

1196 1722 1246 1756 hic
1267 1735 1333 1756 erat
1345 1725 1530 1766 Episcopus:
1551 1737 1616 1758 non
1629 1727 1713 1759 enim
1722 1728 1900 1771 hujusmodi
1921 1728 2007 1762 astus
2022 1731 2194 1771 spiritualis

1196 1768 1337 1808 eligendi
1350 1769 1471 1801 videtur
1483 1769 1563 1809 posse
1576 1769 1737 1803 transferri
1747 1771 1782 1803 in
1794 1771 1912 1804 laicum
1922 1794 1931 1809 ‚
1943 1782 2008 1814 cap.
2021 1772 2172 1815 Maffana
2183 1797 2194 1812 ‚

1196 1812 1233 1843 Θ
1243 1821 1308 1852 cap.
1319 1811 1519 1852 Sat-rosastbla
1530 1813 1616 1856 injra'
1626 1812 1687 1845 eod.
1699 1824 1775 1846 nam
1785 1815 1805 1846 s1
1818 1815 1891 1847 laici
1902 1816 2108 1857 prohibentur
2119 1828 2194 1850 cum

1197 1855 1285 1886 laicis
1295 1854 1437 1887 interesse
1447 1878 1456 1892 ‚
1469 1856 1682 1898 multomagis
1693 1857 1817 1890 videtur
1829 1859 1988 1899 prohibita
1998 1860 2030 1892 in
2045 1871 2098 1893 eos
2109 1870 2193 1894 tota-

1196 1898 1233 1929 lis
1244 1899 1433 1934 translatio;
1447 1900 1542 1941 idque
1557 1900 1660 1932 verius
1670 1911 1758 1942 putat
1772 1900 1852 1934 Petr.
1865 1903 2008 1934 deAnch.
2032 1902 2080 1936 hic
2089 1916 2118 1936 n.
2136 1916 2162 1936 x.

1237 1941 1294 1972 Sed
1310 1941 1342 1972 in
1352 1943 1549 1974 contrarium
1571 1942 1648 1975 facit
1658 1965 1669 1981 ,
1687 1944 1764 1986 quia
1783 1946 2069 1986 compromissarius
2092 1948 2197 1980 cense-

1197 1994 1247 2015 tur
1261 1984 1451 2017 Procurator
1461 1986 1793 2026 compromittentium
1806 1999 1817 2024 ,·
1840 1989 1935 2029 clegit
1956 1991 2042 2022 enim
2056 1991 2191 2032 ipsorum

1194 2029 1325 2060 nomine
1337 2039 1388 2069 per
1399 2030 1442 2065 id,
1453 2032 1537 2070 quod
1551 2031 1668 2071 legitur
1677 2053 1686 2067 ,
1698 2034 1729 2063 δε
1741 2041 1872 2063 notatur
1881 2035 1914 2064 in
1923 2030 1953 2064 d.
1964 2035 2029 2065 effu
2039 2035 2137 2077 musis
2146 2037 2190 2066 in-

1187 2070 1243 2111 fra*
1253 2070 1355 2103 eod&
1364 2074 1396 2103 in
1405 2076 1468 2105 c.Si
1479 2084 1541 2104 com
1542 2076 1639 2114 promi
1641 2072 1748 2114 [sarius
1758 2073 2021 2109 eod.tit.l1b.6.Sed
2034 2078 2131 2109 laicus
2143 2089 2196 2119 po-

1194 2114 1249 2145 test
1260 2115 1321 2146 esse
1332 2125 1517 2156 procurator
1529 2117 1561 2148 in
1573 2116 1784 2157 spiritualibus
1795 2141 1804 2153 ‚
1826 2129 1859 2150 ut
1872 2119 1912 2150 est
1924 2130 2027 2152 textus
2038 2121 2069 2152 in
2080 2131 2146 2162 cap.
2161 2133 2186 2153 1.

1193 2161 1229 2188 de
1239 2167 1388 2198 procurat.
1400 2157 1485 2191 libe.
1495 2163 1526 2191 δέ
1539 2159 1636 2201 potest
1648 2171 1810 2201 acceptare
1820 2162 2008 2195 beneficium
2022 2174 2077 2205 pro
2087 2164 2192 2197 Cleri*

1192 2211 1232 2232 co
1244 2201 1367 2233 absente
1379 2225 1387 2238 ,
1411 2213 1444 2233 ut
1457 2213 1547 2235 notat
1558 2204 1603 2243 Jo.
1616 2203 1699 2236 And.
1710 2208 1742 2235 in
1753 2216 1777 2236 c.
1790 2206 1947 2238 Accedens
1958 2204 2043 2245 infra*
2054 2207 2091 2239 de
2101 2207 2188 2249 preb.

1191 2254 1285 2285 quem
1296 2246 1511 2278 communiter
1522 2247 1577 2278 alii
1588 2247 1615 2279 se
1641 2258 1759 2280 rmntur
1769 2270 1779 2284 ,
1789 2258 1823 2279 ut
1835 2249 1963 2281 testatur
1975 2250 2088 2283 Dcc.in
2097 2253 2189 2284 c.De-

1191 2289 1337 2319 cernimus
1345 2300 1425 2320 num.
1440 2300 1466 2328 5.
1477 2288 1600 2330 &seqffi
1634 2290 1754 2333 eJudic.
1766 2291 1849 2332 Ergo
1859 2314 1868 2329 ,
1890 2295 1952 2325 &c.
1974 2294 2109 2326 Anclrar.
2121 2305 2187 2327 non

1192 2330 1305 2363 solvit.
1326 2331 1377 2363 Tu
1394 2333 1446 2364 dic
1469 2333 1640 2365 secundom
1658 2335 1738 2366 Abb.
1762 2333 1809 2366 uic
1828 2347 1906 2367 num.
1921 2347 1947 2375 5.
1971 2337 2003 2367 in
2032 2336 2186 2369 electione

1193 2373 1318 2406 l'raelati
1337 2386 1401 2407 non
1420 2376 1533 2409 versari
1553 2380 1615 2408 nud
1621 2388 1673 2409 um
1690 2378 1897 2410 ministerium
1914 2391 1920 2410 :
1939 2379 2005 2410 imo
2027 2381 2113 2412 enim
2131 2383 2184 2413 de-

1192 2418 1243 2449 bct
1256 2419 1416 2456 arbitrari,
1427 2430 1466 2450 an
1475 2420 1545 2460 quis
1558 2420 1592 2451 slt
1606 2421 1736 2451 idoneus
1747 2423 1784 2452 ad
1795 2420 1933 2453 officium
1947 2422 2117 2454 Prxlaturae
2129 2446 2137 2460 ,
2149 2434 2183 2456 ut

1191 2460 1257 2496 Mc,-
1269 2472 1326 2493 nec
1338 2462 1379 2493 est
1390 2462 1514 2502 fimplex
1524 2473 1709 2503 procurator
1719 2485 1728 2499 ‚
1740 2463 1806 2494 imo
1816 2464 1954 2496 officium
1966 2465 1999 2496 in
2009 2466 2075 2507 ejus
2086 2467 2186 2507 perso—

1192 2514 1232 2535 na
1243 2506 1424 2541 radicatur,
1445 2505 1522 2536 adeo
1531 2515 1565 2536 ut
1576 2516 1634 2537 nec
1646 2507 1788 2538 revocari
1799 2507 1890 2547 possit
1901 2530 1909 2543 ,
1931 2508 1989 2539 nisi
2010 2509 2182 2542 secundum

1191 2558 1301 2589 ea,que
1312 2558 1464 2581 notantur
1473 2560 1506 2578 m
1515 2546 1573 2579 d.c.
1585 2548 1622 2580 In
1633 2549 1739 2591 causis.
1752 2549 1799 2581 Ad
1811 2551 1869 2581 hoc
1881 2551 2019 2591 optimus
2030 2562 2133 2584 textus
2147 2554 2180 2585 in

1191 2602 1215 2622 c.
1223 2593 1380 2630 Contingit
1390 2590 1475 2632 infra'
1484 2590 1520 2622 de
1529 2589 1638 2623 arbitr.
1650 2591 1703 2623 ubi
1715 2592 1755 2624 est
1767 2593 1936 2634 expressum
1956 2605 2021 2626 non
2041 2596 2126 2635 posse
2137 2596 2182 2628 as-

1191 2634 1270 2665 sumi
1281 2635 1433 2665 arbitrum
1445 2634 1561 2665 laicum
1572 2634 1657 2675 super
1667 2634 1877 2676 spiritualibus
1890 2647 1897 2672 3
1920 2637 2126 2682 &subjicitur
2137 2650 2184 2672 ra-

1191 2678 1239 2709 tio
1250 2678 1282 2708 in
1295 2687 1382 2709 textu
1393 2699 1402 2712 ‚
1414 2677 1490 2718 quia
1501 2687 1567 2709 non
1576 2679 1665 2710 decet
1677 2688 1712 2710 ut
1724 2679 1820 2711 laicus
1829 2679 1861 2710 in
1874 2680 1988 2712 talibus
2001 2682 2183 2715 arbitretur.

1190 2720 1271 2762 Qiae
1281 2720 1410 2761 quidem
1421 2720 1503 2752 ratio
1513 2721 1649 2752 maxime
1661 2721 1747 2762 viget
1773 2723 1806 2753 in
1818 2722 1907 2759 casu,
1926 2725 2036 2765 dequo
2058 2726 2163 2767 agitur
2172 2749 2180 2757 .

1192 2765 1233 2795 A:
1246 2764 1319 2794 ver-l)
1330 2771 1514 2803 procurator
1525 2765 1616 2796 habet
1628 2766 1746 2796 nudum
1766 2765 1973 2798 ministerium
1994 2766 2070 2800 faeti
2081 2792 2089 2799 .
2112 2768 2183 2801 Un-

1189 2809 1226 2838 de
1239 2817 1302 2837 non
1315 2806 1431 2838 mirum
1443 2829 1452 2843 ,
1473 2807 1493 2837 sr
1513 2808 1643 2839 nomine
1655 2808 1783 2840 alterius
1803 2808 1951 2841 interesse
1962 2812 2063 2843 valeat
2084 2812 2117 2843 in
2127 2812 2184 2843 hu-

1190 2849 1544 2892 jusmodi-spiritualibus
1554 2873 1565 2886 ,
1585 2861 1618 2882 ιιι
1630 2851 1795 2892 colligitur
1804 2862 1840 2882 ex
1853 2853 1974 2884 notatis
1986 2865 2037 2895 per
2048 2855 2137 2896 g1.in
2147 2854 2181 2886 d.

1190 2904 1214 2924 t.
1225 2895 1258 2923 in
1268 2904 1332 2923 ver.
1344 2893 1564 2933 Spiritualibus
1575 2916 1582 2924 .
1607 2893 1721 2925 Laicus
1730 2895 1816 2926 enim
1838 2905 1903 2927 non
1923 2898 2105 2937 prohibetur
2125 2899 2183 2931 mi-

1190 2935 1408 2971 nisterialiter,
1429 2936 1480 2967 scu
1490 2936 1707 2968 ministraliter
1729 2937 1859 2970 tractare
1880 2942 2010 2980 negotia
2030 2941 2181 2974 Ecclefia-

1192 2979 1278 3015 stica,
1289 2988 1322 3009 ut
1334 2977 1400 3010 fuse*-
1412 2980 1521 3019 probat
1533 2979 1611 3010 Dec.
1622 2980 1682 3012 loco
1692 2982 1796 3012 cinito.
1809 2981 1847 3013 Et
1858 2982 1914 3014 liae
1928 2984 2063 3021 ratione,
2073 2996 2183 3026 quam-

1191 3022 1236 3052 vis
1249 3032 1313 3052 non
1324 3022 1415 3062 poffit
1427 3022 1484 3053 esse
1497 3023 1612 3054 arbiter
1632 3022 1666 3053 in
1676 3024 1767 3056 causa
1786 3024 1939 3065 spirituali
1953 3048 1962 3063 ,
1984 3038 2018 3059 ur
2037 3027 2178 3068 proxime

1189 3064 1306 3095 dietum
1318 3065 1359 3095 est
1372 3076 1378 3095 :
1390 3065 1486 3105 porest
1497 3074 1602 3096 tamen
1614 3065 1674 3096 esse
1686 3066 1866 3104 arbitrator,
1881 3079 1915 3101 ut
1926 3079 2035 3102 tenent
2047 3071 2136 3102 Host.
2147 3074 2179 3102 δεῖ

1189 3108 1361 3147 JoAndr.in
1371 3106 1451 3148 ofin.
1463 3107 1499 3138 de
1507 3119 1564 3138 rer.
1568 3117 1692 3147 permut.
1705 3109 1792 3150 Spec.
1800 3113 1833 3142 in
1842 3120 1894 3143 tit.
1906 3111 1942 3143 de
1953 3112 2016 3146 arb.
2032 3116 2057 3150 ξ.
2069 3113 2185 3153 Restat,

1189 3149 1357 3193 verfiQia
1366 3149 1403 3181 de
1406 3150 1562 3190 sententia
1573 3156 1936 3187 e.2.⁴commum'catiouis.·&
1948 3156 1989 3187 est
2001 3167 2071 3187 com
2076 3156 2180 3187 munis

1188 3193 1312 3233 opinio,
1325 3192 1439 3224 utDcc.
1452 3194 1580 3225 testatur
1592 3194 1670 3227 alios
1680 3196 1816 3229 referens
1826 3200 1859 3229 in
1868 3197 1898 3229 d.
1910 3209 1972 3239 cap.
1985 3201 2180 3230 Decermmus

1187 3246 1267 3267 num.
1279 3247 1309 3275 4.
1320 3235 1469 3268 Praeteressr
1483 3237 1770 3278 compromissarius
1790 3240 1886 3281 potest
1898 3242 2012 3281 eligere
2033 3251 2178 3282 compro-

1188 3280 1369 3310 mittentcm
1381 3290 1386 3309 :
1399 3289 1476 3319 ergo
1486 3290 1552 3312 non
1563 3280 1602 3312 est
1616 3281 1700 3314 illius
1713 3293 1899 3323 procurator
1909 3306 1918 3320 ‚
1938 3284 2014 3324 quia
2034 3284 2178 3325 alioquin

1188 3322 1286 3363 posset
1297 3322 1368 3362 quis
1381 3322 1494 3362 eligere
1507 3323 1634 3364 seipsum
1645 3347 1655 3362 ‚
1676 3326 1749 3357 cum
1761 3336 1966 3366 procurator,
1985 3328 2017 3358 &
2029 3328 2177 3359 dominus

1189 3366 1223 3396 in
1234 3365 1325 3396 causa
1335 3366 1545 3405 procuratorii
1554 3367 1738 3400 censeantur
1748 3379 1826 3400 unus
1837 3371 1869 3400 ὅ(
1890 3369 1972 3401 idem
1983 3392 1992 3406 ,
2016 3380 2049 3402 ut
2060 3370 2110 3402 hic
2123 3372 2179 3402 ob-

1187 3408 1285 3440 servat
1296 3407 1384 3447 Joan.
1398 3410 1436 3440 de
1446 3409 1609 3450 Anat-asub
1618 3423 1666 3442 nu.
1683 3421 1708 3442 1.
1720 3413 1752 3442 in
1767 3421 1791 3442 ι.
1801 3410 1902 3442 notab.
1913 3412 1992 3453 vers.
2007 3412 2116 3447 Utrum
2125 3425 2177 3444 ,ιιι-

1187 3460 1246 3482 tem
1258 3473 1266 3486 ‚
1284 3449 1321 3482 &⁹
1330 3449 1408 3491 verfi
1421 3454 1483 3484 Dic
1492 3463 1548 3484 nort
1558 3451 1610 3494 effe
1620 3465 1723 3485 verum
1734 3476 1743 3490 ,
1763 3457 1794 3485 ὃ(
1813 3464 1868 3494 pro
1878 3455 1934 3486 hac
1955 3457 2105 3496 opinione
2126 3457 2178 3486 ad·

1186 3496 1270 3525 duco
1279 3493 1376 3525 etiam
1395 3496 1436 3536 gl.
1458 3496 1564 3527 notab.
1576 3499 1608 3527 tn
1619 3509 1643 3528 s.
1656 3498 1739 3540 Qui-'J
1760 3506 1878 3537 propter
1895 3501 1927 3529 in
1939 3500 2037 3541 vem]
2049 3512 2065 3528 τι
2082 3502 2101 3527 's
2117 3497 2175 3539 inf.

1185 3537 1247 3570 eod.
1260 3547 1329 3579 quae
1338 3538 1418 3571 dicit
1429 3540 1716 3578 colripromissarlos
1729 3541 1886 3614 esselposse
1899 3542 2002 3574 aliosa
2014 3541 2176 3581 Capuulo,
2200 3551 2211 3572 ι
2220 3550 2237 3580 7

2047 3585 2088 3616 du
2102 3594 2136 3615 u-

2220 1959 2255 1981 11

2212 2305 2247 2337 13

2206 2563 2245 2595 14

2206 2910 2241 2941 15

2206 2990 2240 3018 16
