2397 3664
837 7 924 62 De
941 4 1169 62 Elecihc·
1192 3 1332 60 Cum
1358 8 1426 64 ad
1446 8 1689 66 nostram·

199 105 368 146 postulatur
379 105 413 138 iri
423 105 576 138 Abbatem
589 128 598 142 ,
620 102 1079 185 argum.d.cap.2{·d{rqaerit
1089 121 1100 136 ‚
1118 108 1192 130 cuin

201 148 270 180 aliis
280 149 483 190 praeallegatis
495 173 503 181 .
527 148 654 181 Deinde
664 147 881 180 Hoflienfflm
907 155 940 176 in
964 153 1012 176 uit
1024 152 1129 175 utrum
1142 151 1193 191 ya-

199 201 251 223 cet
267 191 447 224 Abbatiain
470 193 626 228 introitu,
647 194 678 223 &
701 191 763 230 spes
782 189 984 228 reprobatur,
1005 186 1052 234 vel
1064 195 1130 234 tion
1140 194 1192 216 va-

200 244 269 270 cet,
290 236 323 266 &
342 245 418 267 tunc
440 236 646 276 approbatur,
664 231 839 266 dummodo
857 231 979 263 intrans
999 231 1189 278 dignitatem

198 277 296 318 speret
305 289 369 309 non
381 288 414 310 ut
426 279 616 313 honoretur,
637 276 686 308 sed
697 285 732 307 ut
741 282 891 308 oneretur
901 296 911 309 ,
923 272 1055 315 arg-Qui
1067 270 1190 320 Epzfco-

196 329 301 361 patum
311 324 340 353 8.
360 320 452 362 quaest.
467 331 493 353 1.
516 320 553 353 ὠ·
563 330 631 360 cap.
642 316 800 351 Accedens
807 320 840 349 in
851 315 909 356 fine
920 326 969 363 50.
988 315 1058 356 dist.
1071 316 1103 346 &
1114 324 1188 365 cum

197 363 516 396 Hosiienfitranseunt
526 362 576 394 hic
588 360 928 403 Joan.Atidr.num.7.&
939 359 1101 391 Bellaumn
1109 367 1189 398 prm-

197 407 307 447 cipd‘ed
321 409 424 438 Abbas
433 416 511 437 num.
526 414 552 444 5.
573 405 743 445 sequuntur
755 403 937 436 Archidiac.
958 404 991 433 in
1001 401 1031 433 d.
1052 409 1116 448 cap.
1128 403 1188 433 Per

194 450 289 482 laicos
301 456 347 481 ιε..
358 449 481 489 quaest.7.
493 449 617 480 videtur
627 448 817 480 concludere
837 446 889 478 hic
905 446 1066 486 reprobam
1077 448 1157 491 spem
1176 466 1186 479 ,

195 492 293 525 etiam
301 492 515 525 secundariam
526 513 535 528 ‚
558 492 589 522 &
599 494 750 532 ponderat
770 490 858 522 illam
877 488 1051 520 diciionem
1062 497 1188 518 univer-

194 537 288 568 salem
306 536 504 576 negativam,
527 535 644 568 nullam
661 533 743 575 spem
755 556 766 571 ,
785 543 853 574 quae
872 533 998 579 videtur
1021 531 1185 579 excludere

193 579 256 611 tarn
268 578 469 619 principalem
479 599 490 614 ,
510 577 603 619 quam
615 577 829 611 secundariam
839 597 850 612 ,
871 585 906 607 ut
918 584 951 606 in
962 582 1027 614 cap.
1036 574 1139 605 Solttae
1151 572 1187 604 de

192 622 300 654 maior.
311 618 349 652 &⁶
358 619 437 652 obed.
448 623 556 661 cap.Si
568 623 772 653 Romanorum
785 629 831 656 19.
842 616 910 658 dist.
921 619 954 648 δε
966 619 1094 648 tandem
1107 626 1185 649 con—

190 664 292 697 cludit
303 664 422 695 nuliam
432 664 512 704 spem
523 665 636 699 debere
647 664 872 695 Ordinanduiu
882 684 892 698 ‚
915 661 966 692 seu
985 660 1186 707 Monaclian-

191 711 265 741 dum
276 706 387 739 habere
398 729 408 743 ‚
429 717 462 738 ιιι
474 707 545 739 aliis
556 708 653 748 praesit
664 729 674 744 ,
697 709 729 739 &
743 706 780 738 fic
791 715 915 747 propter
925 705 1059 739 honores
1068 702 1185 753 sacculi,

191 752 242 782 vel*
253 759 376 790 propter
385 750 533 787 divitias,
554 762 606 791 per
617 763 651 783 ca
654 760 683 791 p.
695 749 748 790 fin.
761 761 813 790 40.
825 747 894 790 disi‘.
905 749 938 781 ὃ(
947 749 1033 796 quod
1045 748 1096 777 hic
1105 748 1185 777 dicl-

189 803 242 826 tur
252 816 262 829 ,
281 793 504 834 nnllam-spem,
518 794 669 835 intelligit
682 804 715 825 ut
727 793 782 826 fibi
792 792 930 834 prodesse
941 792 1032 839 possit
1044 812 1054 826 ,
1064 789 1149 837 secus
1162 789 1183 821 si

188 836 286 877 speret
297 847 422 877 propter
434 837 552 870 bonum
563 838 741 878 publicum,
752 836 828 878 quia
847 835 908 876 spes
928 834 1106 875 huiusmodi
1117 842 1183 865 non

189 879 316 912 videtur
326 883 494 916 damnata,
518 890 552 912 ut
564 881 598 913 in
618 880 719 921 ἅψαι).
731 882 796 923 ,Qui
806 878 1044 923 Epcscopasnm,
1064 876 1112 925 lta
1121 877 1184 926 Ab-

190 924 242 955 l>³5
253 946 262 960 2
286 923 342 963 qui
353 933 459 960 tamen
472 924 504 954 in
515 925 655 964 cap.Tuci
666 936 718 955 nos
727 926 759 954 in
770 925 867 964 primo
879 919 978 953 notab.
989 920 1072 968 infr‘f
1082 919 1182 968 de'Si-

187 976 264 998 mon.
284 965 427 1007 probavit
447 966 682 1000 distinctionem
695 967 778 1002 inter
799 965 1014 998 intentionem
1025 973 1183 1011 principaT

186 1010 269 1046 lem,
298 1012 330 1041 &
349 1009 565 1044 secundariam
585 1010 763 1051 assequendi
783 1009 991 1043 beneficium,
1020 1017 1116 1048 quam
1137 1007 1182 1038 ibi

185 1053 354 1094 posuerunt
365 1053 476 1084 lnnoc.
487 1055 520 1084 in
530 1065 595 1084 ver.
607 1056 775 1085 Intentione
785 1076 795 1089 ,
814 1051 1005 1084 Hostienss&
1015 1050 1104 1090 Joan.
1116 1050 1182 1098 An-

183 1097 230 1128 dr.
242 1097 334 1128 ambo
343 1107 422 1126 num.
430 1105 456 1136 3.
466 1098 499 1127 in
509 1095 571 1128 eod.
583 1100 683 1129 ven&
693 1097 789 1128 Card.
800 1106 911 1131 numa.
924 1105 997 1126 nam
1009 1094 1055 1125 sec
1061 1095 1180 1141 undum

184 1149 239 1170 eos
257 1139 309 1172 vix
324 1135 507 1175 liaeffiaccre
525 1140 647 1180 possunt
658 1163 668 1176 ,
688 1141 743 1180 qui
760 1138 939 1179 hujusmodi
963 1137 1180 1184 intentionem

181 1180 399 1213 secundariam
411 1192 477 1213 non
488 1181 603 1215 liabent
614 1208 621 1214 .
644 1183 725 1215 Satis
736 1182 831 1223 potest
842 1182 908 1212 dici
918 1191 988 1212 eum
1000 1203 1010 1217 ,
1031 1191 1087 1221 qui
1108 1180 1182 1210 Mo-

182 1226 301 1256 nachus
323 1224 456 1257 efficitur
476 1225 524 1266 spe
544 1225 757 1268 consequendi
779 1225 947 1257 Abbatiam
962 1246 972 1258 s
1000 1225 1178 1271 mor-taliter

177 1277 329 1308 peccare,
350 1270 383 1300 &
395 1268 560 1301 simoniam
579 1269 799 1303 committere,
825 1268 844 1299 si
862 1268 1040 1309 hujusmodi
1059 1270 1121 1306 spes
1143 1267 1177 1298 sit

180 1311 273 1347 talis,
294 1320 328 1343 ιιι
348 1310 410 1343 fine
431 1312 486 1344 illa
505 1312 718 1345 Monacliatus
739 1323 803 1344 non
826 1312 933 1347 lieret,
953 1312 1041 1357 quod·
1061 1320 1171 1341 tenent

181 1355 300 1395 Hugo,
321 1354 566 1393 &Turrecrem.
589 1355 661 1388 ind.
672 1364 737 1396 cap.
761 1358 820 1388 Per
830 1355 942 1386 laicos.
966 1354 1013 1386 Ad
1035 1355 1177 1400 illud—au—

180 1406 262 1434 tem,
283 1399 367 1438 quod
379 1398 430 1429 hic
442 1399 554 1431 dicunt
565 1398 745 1434 Host.Ioan.
758 1399 938 1430 Andr.Abb.
950 1399 982 1429 &
995 1396 1071 1433 alii,
1093 1399 1177 1428 vide-

182 1441 258 1472 licet
276 1441 357 1472 lianc
370 1441 450 1481 spem
471 1452 535 1473 non
549 1442 729 1482 reprobari,
750 1441 924 1473 dummodo
947 1441 1069 1480 intrans
1079 1439 1176 1480 speret

182 1495 249 1516 non
261 1494 295 1516 ut
305 1485 478 1516 honoretur
488 1507 498 1522 ‚
519 1485 569 1518 sed
582 1496 615 1517 ιιι
626 1496 775 1517 oneretur
786 1508 796 1521 ,
817 1487 848 1516 &
859 1494 983 1525 propter
997 1484 1115 1515 bonum
1124 1493 1178 1523 pu-

180 1527 322 1564 blisum,
342 1528 412 1559 vide
436 1527 475 1559 D.
497 1527 654 1560 Thomam
674 1527 799 1569 egregie
821 1528 1035 1568 explicantem
1045 1527 1105 1558 hoc
1117 1526 1176 1567 esse

179 1581 345 1615 peccatum
356 1571 604 1612 praesuinptionis
617 1572 650 1603 in
662 1571 954 1612 2.2.quaest.185.art.
963 1581 987 1602 1.

219 1612 419 1654 QUAERO,
442 1613 525 1646 Cum
548 1615 598 1651 hic
618 1615 821 1655 disponatur,
851 1625 882 1646 ιιι
908 1625 974 1645 non
994 1613 1175 1661 Monachus

180 1658 374 1698 praeficinon
386 1658 475 1698 possit
488 1657 642 1698 regimini
662 1658 804 1690 Ecclesia:
816 1658 968 1697 regularis
979 1679 988 1694 ,
1012 1658 1120 1691 utrum
1140 1668 1176 1689 iu

180 1700 355 1740 provisione
378 1701 606 1732 beneficiorum
626 1701 838 1741 regularium,
857 1700 974 1742 quibus
996 1701 1174 1732 animarum

179 1753 256 1776 cura
272 1743 472 1784 personarum
491 1744 683 1777 saecularium
700 1745 855 1778 incumbit
867 1767 877 1781 ‚
901 1745 1049 1775 servanda
1061 1743 1095 1775 sit
1117 1743 1176 1775 for-

177 1796 230 1818 ma
240 1786 395 1819 examinis
405 1797 458 1827 per
472 1787 661 1821 concursum
673 1790 688 1818 a
700 1787 854 1820 Concilio
874 1787 1021 1820 Trident.
1041 1787 1176 1828 pra-scri-

179 1839 231 1871 pta
241 1832 274 1861 in
283 1827 535 1871 cap.18.seff.24.
1065 1874 1068 1877 .

222 1870 282 1904 Pro
293 1873 449 1905 solutione
458 1895 469 1909 ,
491 1883 525 1905 ut
536 1874 622 1906 clara
631 1874 648 1905 ὰ
658 1874 762 1906 dubiis
774 1874 975 1915 segregentur
985 1897 995 1911 ‚
1014 1875 1078 1905 duo
1088 1873 1174 1906 casus

178 1916 247 1947 sunt
267 1915 480 1955 distinguendi
493 1939 500 1947 .
522 1916 644 1949 Primus
662 1918 748 1950 casus
767 1918 827 1954 est,
849 1920 923 1950 cum
943 1917 1096 1949 beneficia.
1119 1918 1173 1948 liu-

179 1958 312 2000 jusmodi
326 1958 360 1992 in
371 1959 502 1992 titulum
513 1959 722 1993 conferuntur
739 1961 916 1993 «Secundus
927 1961 969 1993 est
979 1983 989 1998 ‚
1012 1960 1086 1992 cum
1097 1965 1172 1998 dai-,-

180 2011 231 2034 tur
241 2002 275 2032 in
295 2005 535 2034 commendam.

221 2044 257 2076 In
269 2045 372 2085 primo
381 2045 452 2078 casu
462 2046 583 2078 clarum
594 2046 635 2080 est
648 2046 682 2078 in
694 2047 869 2080 collatione
879 2047 992 2080 talium
1003 2047 1172 2082 beneficio—

179 2098 248 2122 rum
268 2088 402 2120 formam
420 2089 590 2125 concursus
610 2100 677 2122 non
693 2090 751 2122 esse
769 2091 994 2123 observandam
1006 2113 1014 2121 .
1044 2091 1172 2122 Etenim

178 2129 253 2163 cum
262 2131 543 2164 conferridebeant
553 2155 563 2169 ‚
584 2143 638 2170 aut
650 2133 821 2174 Religiosis
830 2135 966 2175 ejusdem
978 2133 1112 2166 Ordinis
1123 2145 1173 2165 ex-

176 2173 274 2216 presse
285 2174 424 2216 professis
434 2197 446 2211 ‚
466 2175 486 2206 si
498 2175 558 2207 sint
569 2175 758 2210 Praefeeiurx
769 2199 778 2213 ,
798 2180 829 2209 &
849 2177 1150 2209 Administrationes
1161 2200 1170 2214 ,

177 2227 231 2250 aut
241 2217 280 2249 iis
292 2240 302 2254 ,
321 2218 377 2258 qui
388 2218 532 2255 habitum
543 2218 693 2260 suscipere
704 2242 714 2255 ‚
736 2222 767 2251 ὃ(
779 2220 1002 2261 professionem
1024 2221 1171 2252 emittere

175 2259 312 2292 omnino
322 2271 491 2293 teneantur
501 2284 511 2298 ,
534 2262 553 2292 si
567 2262 624 2294 sint
636 2263 798 2303 portiones
810 2263 1017 2295 Monachales
1027 2286 1038 2300 ,
1048 2265 1095 2295 vel
1111 2263 1172 2296 Ca-

175 2304 339 2341 nonicales
350 2327 360 2342 ,
380 2306 413 2336 &
424 2305 604 2337 consimilia
615 2306 767 2339 beneficia
787 2306 1092 2339 administrationem
1103 2317 1171 2339 non

173 2347 342 2384 habentia,
363 2348 622 2390 juxtadecretum
632 2348 778 2381 Concilii
791 2350 824 2382 in
835 2359 901 2390 cap.
925 2361 971 2382 ic.
988 2348 1054 2391 seff.
1071 2361 1116 2390 ¹4·
1137 2352 1170 2382 &

174 2389 410 2423 distinffionem
419 2401 514 2432 quam
525 2391 610 2432 posui
620 2396 652 2424 in
663 2402 729 2434 cap.
741 2393 821 2425 Ciam
831 2392 955 2433 causam
968 2405 1000 2424 ιη
1011 2392 1167 2425 ult.notab.

169 2431 265 2473 supra*
287 2431 350 2464 eod.
372 2433 436 2475 jam
448 2435 570 2468 constat
589 2436 622 2467 in
634 2446 743 2467 eorum
763 2437 936 2468 collatione
957 2447 1014 2468 nec
1026 2439 1137 2469 debere
1159 2459 1168 2473 ,

173 2486 233 2508 nec
255 2477 336 2516 posse
355 2475 512 2509 observari
532 2478 665 2510 formam
677 2480 846 2512 concursus
859 2502 868 2516 ‚
888 2481 921 2512 in
940 2491 1003 2521 qua
1015 2491 1167 2512 notantur

173 2529 284 2550 omnes
295 2529 484 2551 concurrere
495 2522 636 2553 volentes
647 2532 698 2562 pet
708 2522 846 2555 edietum
866 2525 962 2556 etiam
973 2524 1136 2564 publicum
1158 2547 1167 2561 ,

172 2566 206 2594 δέ
227 2562 359 2594 liberum
383 2562 425 2603 est
435 2562 533 2598 etiam
555 2563 646 2599 aliis,
665 2565 853 2606 quialiquos
875 2568 953 2598 adid
974 2577 1062 2608 aptos
1073 2578 1167 2606 nove-

173 2605 260 2642 rint,
281 2616 390 2637 eorum
401 2606 534 2638 nomina
543 2606 663 2638 deferre
672 2612 939 2649 quemadmodum
958 2611 1166 2649 praescribitur

173 2652 303 2686 decreto
313 2647 343 2682 d.
354 2657 421 2689 cap.
437 2653 483 2681 18·
509 2652 541 2682 ὅ(
553 2661 591 2681 eo
602 2651 701 2691 magis
711 2673 720 2686 ,
741 2651 817 2692 quia
827 2654 865 2683 de
874 2653 1036 2686 beneficiis
1047 2654 1165 2685 curatis

171 2691 362 2726 Concilium
380 2691 445 2732 egit
458 2693 632 2736 specialiter
642 2706 675 2725 m
691 2703 757 2734 cap.
772 2704 820 2731 11.>
834 2694 914 2735 verſs
934 2697 1003 2728 Nec
1015 2696 1057 2728 ibi
1068 2698 1164 2734 aliqui

166 2733 289 2775 seffi2‘5.
298 2734 335 2767 de
343 2735 530 2774 regulamubi
542 2737 723 2776 simpliciter
732 2737 896 2769 mandavit
907 2740 1068 2771 neminem
1082 2741 1114 2772 in
1128 2741 1165 2772 iis

171 2778 338 2819 deputari,
358 2778 415 2817 nisi
434 2780 472 2812 de
492 2780 642 2811 consensu
663 2780 805 2821 Episcopi
828 2780 1028 2818 Dioecelani,
1048 2785 1163 2823 &prx-

173 2822 228 2853 vio
239 2823 384 2857 examine
395 2833 548 2863 pereum,
571 2833 623 2854 aut
635 2824 700 2867 ejus
714 2824 860 2855 Vicarios
876 2822 1041 2857 faciendo.
1069 2825 1163 2858 Unde

171 2865 291 2898 merito
313 2866 397 2897 Sacr.
419 2865 642 2906 Congregatio
666 2866 803 2908 ejusdem
832 2865 978 2899 Concilii
1012 2869 1162 2909 interpres

171 2908 332 2944 consulta,
353 2919 395 2941 an
414 2909 448 2941 iti
469 2910 631 2941 beneficiis
641 2909 856 2950 regularibus,
876 2913 908 2941 ὃς
927 2921 994 2953 qux
1015 2913 1163 2951 regulari-

172 2951 228 2981 bus
248 2951 386 2985 conferri
406 2953 655 2984 consueverunt.
685 2952 854 2984 concursus
875 2953 1053 2994 requiratur
1066 2966 1074 2982 τ
1097 2954 1159 2986 Re-

170 2993 295 3033 spondit
314 3004 379 3026 non
398 2996 539 3037 requiri,
560 2996 608 3027 sed
629 2995 787 3032 sufficere,
818 3006 852 3028 ut
873 2997 898 3028 is
917 2997 1088 3037 regularis,
1109 2999 1160 3030 cui

171 3036 310 3070 conferri
320 3038 412 3069 debet
424 3039 613 3074 beneficium
623 3062 633 3076 ,
654 3039 688 3071 sit
702 3040 740 3072 ab
749 3039 926 3074 Ordinatio
945 3041 1142 3073 examinatus
1154 3064 1163 3077 ‚

174 3089 267 3119 atque
289 3081 455 3118 probatus.
479 3077 490 3096 ³

212 3122 248 3152 In
260 3122 475 3161 secundocasu
486 3125 586 3157 ma‘or
596 3125 637 3158 est
657 3125 824 3159 difficultas
837 3149 846 3157 .

211 3163 311 3196 Unde
323 3175 439 3201 revoco
451 3167 535 3204 indu
559 3171 646 3206 ium,
670 3170 720 3201 An
733 3170 766 3201 in
787 3169 948 3201 beneficiis
969 3170 1163 3209 regularibus

175 3207 304 3240 Curatis
316 3230 326 3245 ,
345 3218 413 3248 quae
434 3208 571 3246 Cleriois
589 3212 786 3245 secularibus
805 3214 1163 3250 coniiinendariconlue-

172 3260 289 3283 verunt
303 3273 314 3288 ,
337 3251 531 3285 observanda
549 3254 587 3288 sit
605 3255 708 3288 forma
726 3255 897 3288 concursus
916 3256 1091 3298 praescripta
1109 3259 1163 3289 de-

172 3304 263 3326 creto
273 3293 415 3326 Concilii
426 3294 573 3333 Trident,
584 3296 613 3329 d.
625 3308 693 3340 cap.
709 3297 886 3340 18.seff.24.

217 3338 352 3369 Videtur
370 3337 617 3378 respondendum
638 3353 705 3374 non
731 3343 791 3374 else
818 3343 1042 3375 observandam
1060 3366 1070 3380 ,
1099 3345 1163 3385 jam

168 3380 255 3413 enim
266 3380 371 3423 saepius
391 3380 460 3418 δας.
469 3380 688 3425 congregatio
698 3386 871 3419 declaravit
880 3388 1043 3420 decretum
1054 3388 1083 3419 d.
1095 3397 1160 3429 cap.

2065 21 2160 79 283

1233 106 1358 130 fanon
1377 106 1643 141 coiiipzehendere
1663 100 1818 134 beneficia
1836 101 1994 143 regularia
2005 111 2132 142 curata,
2155 115 2222 146 quae

1227 143 1422 182 regularibus
1444 145 1585 177 conferri
1607 144 1860 182 consueverunt,
1890 154 1925 176 ut
1935 145 2054 178 diditum
2064 147 2149 179 estin
2162 148 2224 189 pri-

1227 194 1280 215 mo
1299 186 1389 217 casu:
1414 186 1498 227 Ergo
1518 198 1576 220 nec
1596 188 1835 228 comprehendit
1853 188 1928 224 illa,
1960 190 2104 230 quamvis
2125 190 2225 230 postea
2245 203 2287 233 24

1227 231 1657 266 commendenturaSummo
1668 231 1843 267 Pontifice,
1864 231 1967 273 quiae
2026 236 2144 267 mendae
2155 244 2222 266 non

1225 281 1349 307 mutant
1363 270 1474 303 statum
1485 273 1654 310 beneficii,
1674 277 1757 315 quod
1771 275 1905 311 cessante
1916 278 2106 308 commenda
2126 288 2217 311 vacat
2240 289 2256 309 2
2262 285 2278 318 5

1225 324 1264 349 eo
1284 317 1400 350 modo,
1420 322 1577 362 quo'ante
1596 319 1819 349 commendam
1839 319 1987 356 vacabat,
2009 320 2218 361 utcolligitur

1224 367 1260 387 ex
1274 357 1392 397 gloffir.
1406 357 1438 388 in
1458 361 1572 398 cdli-Si
1583 357 1747 399 constiterit
1756 360 1792 391 de
1801 361 1898 402 ascuſs
1915 363 1945 393 δε
1958 372 2045 394 tenet
2067 363 2170 395 Feder.
2181 367 2219 396 de

1224 399 1331 435 §emin
1341 399 1472 437 tratLde
1480 411 1539 432 rer.
1549 411 1676 441 permut.
1687 401 1779 442 quaest,
1793 413 1839 442 15.
1857 406 1966 437 dicens
1987 405 2158 441 Ecclesiam
2169 417 2219 440 va-

1223 452 1351 475 cantem
1364 465 1374 478 ,
1397 443 1470 474 cum
1490 444 1678 476 conceditur
1697 445 1732 476 in
1753 451 1995 485 commendam.
2023 449 2114 484 finita
2133 461 2221 483 com-

1224 485 1534 519 mendadicivacare
1546 497 1598 528 per
1610 486 1746 529 primum
1764 491 1892 521 modum
1904 513 1914 528 ,
1935 490 2056 524 scilicet
2077 493 2189 525 mortis
2210 516 2220 531 ,

1222 539 1259 559 ea
1281 530 1406 560 ratione
1425 529 1503 570 quia
1522 533 1712 562 commenda
1731 541 1797 563 non
1817 532 1892 564 facit
1912 537 2221 571 commendatarium

1221 571 1407 610 Prajelatum:
1430 572 1515 614 Ergo
1534 576 1625 609 durat
1646 574 1778 614 antiqua
1797 577 1942 608 vacatio:
1975 588 2047 610 nam
2066 580 2220 620 quamdiu

1221 615 1379 655 provisum
1399 627 1465 647 non
1485 616 1527 648 est
1550 616 1692 655 Ecclesiae
1714 620 1752 649 de
1774 616 1924 655 Praelato,
1945 620 2061 662 semper
2081 623 2220 659 Ecclesia

1222 659 1460 692 vacaredicitur
1473 671 1479 690 ε
1502 669 1537 691 ιιι
1548 671 1601 700 per
1622 660 1778 693 Hostiens.
1790 662 1824 692 in
1833 670 1901 702 cap.
1913 663 1967 694 Ne
1976 672 2027 704 pro
2037 663 2151 707 defib'z‘u
2170 669 2219 699 in·-

1214 701 1271 743 Jm‘
1290 701 1408 741 eodem,
1432 702 1471 734 Et
1480 703 1669 735 sententiam
1680 704 1784 736 Feder.
1796 705 1834 740 de
1844 704 1917 736 Sen.
1937 707 2075 746 pluribus
2085 710 2218 742 rationi-

1221 746 1276 777 bus
1287 746 1456 779 confirmat
1469 745 1634 778 Romanus
1645 747 1722 787 cons.
1736 755 1804 786 350.
1814 758 1894 780 num.
1910 758 1937 788 3.
1956 748 2057 781 Corn.
2069 751 2144 792 cons.
2166 757 2217 785 66.

1219 789 1322 820 cotum.
1347 800 1373 821 1.
1392 792 1475 822 circa
1486 789 1617 822 medium
1627 790 1681 822 lib.
1693 801 1721 831 3.
1735 791 1898 822 Bertrand.
1910 791 1987 832 conſs
1999 802 2071 833 235.
2092 806 2171 826 num.
2186 807 2214 837 3.

1220 833 1281 863 vol.
1293 844 1323 872 4.
1333 836 1430 871 antiq.
1442 832 1560 876 Capye.
1573 832 1662 874 decifi
1676 845 1704 865 2.
1714 844 1794 865 num.
1808 846 1837 865 2.
1847 836 1932 875 quod
1944 837 2087 875 procedit
2099 841 2218 873 nedum

1219 874 1253 906 in
1264 879 1454 908 commenda
1464 878 1651 918 temporali,
1673 877 1830 909 sedetiam
1852 878 1884 909 iti
1905 888 2072 920 perpetua,
2093 880 2216 917 Cassad.

1217 918 1308 958 decifi
1321 929 1348 958 5,
1367 922 1402 951 oie
1411 921 1553 960 privileg.
1573 931 1653 952 num.
1667 932 1695 957 z.
1717 920 1807 952 Sicut
1819 921 1917 961 igitur
1928 932 1994 953 non
2016 922 2213 956 fuilletinsti·
2236 929 2277 958 26

1218 965 1354 994 tuendus
1365 964 1534 999 concursus
1546 963 1693 998 beneficii
1706 964 1857 1004 regularis
1869 965 2010 996 vacantis
2022 977 2075 1007 per
2091 967 2218 1000 obitum

1219 1007 1389 1046 regularis:
1403 1007 1448 1038 ita
1459 1018 1517 1046 nec
1529 1008 1621 1040 debet
1635 1007 1756 1040 institui
1765 1007 1926 1048 postquam
1940 1009 1979 1039 est
1992 1009 2120 1041 solitum
2133 1021 2220 1043 com-

1219 1050 1382 1086 mendari,
1413 1049 1486 1082 curn
1508 1054 1642 1091 antiqua
1660 1049 1806 1087 vacatio,
1836 1051 1974 1084 cessante
1995 1055 2185 1085 commenda
2203 1076 2216 1092 ,

1218 1091 1317 1124 adhuc
1339 1096 1450 1125 duret.
1474 1094 1609 1126 Accedit
1618 1092 1702 1135 quod
1725 1092 1914 1127 Concilium
1932 1094 1962 1126 d.
1980 1105 2048 1136 cap.
2075 1100 2122 1128 18.
2139 1099 2218 1132 dum

1217 1134 1353 1168 instituit
1364 1135 1497 1172 formam
1511 1137 1682 1170 concursus
1693 1159 1703 1174 ‚
1724 1147 1790 1168 non
1803 1138 1929 1174 videtur
1949 1139 2100 1180 cogitasse
2117 1142 2156 1172 de
2167 1141 2217 1173 bc-

1217 1179 1342 1211 nericiis
1353 1181 1549 1221 regularibus
1560 1180 1793 1219 commendatis
1807 1203 1814 1212 .
1835 1181 1873 1212 In
1884 1181 1929 1212 liis
1939 1181 2026 1214 enim
2038 1183 2216 1224 specialiter

1217 1223 1317 1262 postea
1334 1224 1471 1264 providit
1492 1224 1526 1255 in
1545 1233 1611 1265 cap.
1624 1221 1746 1264 21.seff.
1759 1233 1809 1262 25.
1832 1223 1868 1262 dr
1888 1226 2017 1263 regular.
2039 1236 2072 1258 ut
2089 1227 2216 1267 quoties

1218 1265 1250 1296 in
1262 1265 1415 1306 posterum
1426 1277 1577 1299 vacarent
1588 1290 1597 1304 ,
1619 1266 1745 1299 nonnisi
1760 1268 1958 1307 regularibus
1970 1268 2214 1301 conferrentur.

1218 1307 1316 1341 Unde
1340 1310 1475 1350 provisio
1485 1311 1641 1351 generalis
1661 1312 1836 1351 praecedens
1855 1321 1920 1342 non
1934 1312 2058 1343 videtur
2078 1313 2216 1345 referem

1216 1355 1255 1384 da
1278 1355 1314 1384 ad
1327 1354 1480 1386 beneficia
1499 1354 1657 1395 regularia
1667 1355 1911 1390 commendata,
1932 1356 1970 1387 de
1988 1355 2104 1395 quibus
2115 1356 2215 1389 subse-

1215 1396 1325 1436 quitur
1338 1397 1472 1437 provisio
1482 1397 1622 1438 specialis
1633 1419 1643 1433 ‚
1665 1406 1700 1428 ut
1713 1406 1764 1437 per
1775 1396 1856 1428 Bart.
1871 1397 1903 1428 in
1915 1399 1970 1436 leg.
1979 1399 2143 1444 Qaesttum
2153 1422 2163 1436 ,
2186 1403 2213 1437 §.

1214 1442 1251 1471 Si·
1264 1437 1385 1479 fiindum
1394 1451 1475 1472 num.
1492 1444 1538 1472 16.
1551 1438 1589 1483 ffi
1605 1438 1716 1481 Defid.
1729 1438 1862 1480 instrum.
1876 1440 2026 1482 Denique
2036 1443 2218 1483 appellatio·
2236 1454 2254 1478 2

1216 1493 1256 1514 ne
1277 1483 1484 1516 Ecclesiarum
1506 1494 1689 1515 curaturum
1711 1493 1776 1515 non
1804 1485 2029 1525 comprehendi
2058 1487 2217 1527 regularia

1214 1529 1439 1559 commendata
1459 1527 1596 1568 expresse
1618 1527 1743 1559 videtur
1762 1526 1879 1567 sensilse
1890 1528 1974 1566 idem
1994 1527 2183 1562 Concilium
2206 1543 2214 1563 ε

1214 1580 1288 1601 nam
1299 1570 1418 1603 cumin
1429 1580 1495 1612 cap.
1518 1569 1620 1612 8.seff.
1642 1580 1673 1609 7.
1693 1571 1841 1603 tribuerit
1864 1571 2018 1614 Episcopo
2028 1571 2215 1607 facultatem

1214 1613 1361 1645 vifitandi
1383 1614 1642 1647 Ecclesiasetiam
1662 1625 1819 1656 exemptas
1839 1637 1850 1652 ,
1893 1615 2038 1656 quamvis
2058 1627 2183 1651 curatas
2206 1630 2213 1651 :

1213 1656 1299 1697 quasi
1319 1658 1433 1691 talium
1453 1659 1662 1690 Ecclesiarum
1682 1659 1813 1690 nomine
1835 1669 1900 1691 non
1922 1659 2067 1693 venirent
2094 1665 2216 1703 regula-

1216 1700 1263 1732 ria
1286 1704 1532 1739 commendata,
1559 1705 1702 1734 eamdem
1729 1702 1830 1744 postea
1858 1703 2006 1736 visitandi
2027 1704 2214 1740 facultatem

1213 1746 1318 1784 quoad
1340 1746 1403 1776 haec
1425 1745 1585 1786 regularia
1613 1745 1805 1778 nominatim
1827 1746 1980 1788 Episcopo
2001 1750 2154 1781 concessit
2177 1751 2212 1783 iri

1212 1787 1393 1829 cap,8.scffi
1417 1799 1465 1820 21.
1487 1789 1624 1830 Ideoque
1647 1789 1766 1824 cumin
1787 1800 1852 1831 cap.
1867 1794 1913 1823 18.
1937 1792 2056 1827 nullam
2078 1794 2215 1826 mentio-

1213 1841 1286 1862 nem
1303 1830 1434 1869 fecerit,
1459 1842 1498 1863 ur,
1513 1832 1644 1873 potestas
1665 1832 1809 1873 Episcopi
1829 1834 1917 1867 circa
1935 1836 2105 1868 concursus
2126 1838 2212 1869 insti-

1211 1874 1372 1906 tutionem
1396 1878 1584 1908 extendatur
1597 1879 1632 1908 ad
1657 1877 1813 1917 regularia
1832 1880 2075 1916 commendata,
2096 1881 2214 1912 noluis-

1212 1917 1239 1948 se
1259 1921 1450 1950 credendum
1471 1919 1511 1951 est
1525 1941 1535 1956 ,
1554 1929 1620 1960 cap.
1638 1921 1722 1959 Inter
1742 1921 1912 1961 corporalia
1932 1943 1942 1958 ‚
1971 1921 2052 1962 vers.
2072 1925 2155 1955 circa
2173 1924 2211 1955 de

1211 1963 1358 1993 translat.
1380 1962 1545 2004 Episcopi,
1566 1964 1733 2002 leg-unica,
1757 1966 1784 2000 §.
1804 1966 1865 1996 Sin
1885 1974 1987 1996 autem
2005 1964 2049 1997 ad
2066 1966 2210 2005 deficien-

1213 2006 1255 2035 tis
1269 2028 1277 2041 ,
1298 2004 1372 2037 Cod.
1393 2007 1443 2038 De
1455 2005 1556 2038 caduc.
1568 2007 1633 2038 toll.
1643 2007 1674 2038 δι
1689 2007 1786 2039 tradit
1796 2007 1829 2039 in
1850 2008 1948 2048 specie
1958 2007 2102 2085 Quintil.
2115 2011 2211 2042 Man-

1210 2048 1309 2079 dos.1'n
1317 2060 1377 2088 reg.
1393 2060 1442 2090 32.
1455 2049 1491 2081 dc
1501 2052 1622 2091 impetr.
1646 2048 1765 2093 benefic.
1784 2062 1897 2083 wican.
1918 2061 1993 2093 pero
2014 2055 2091 2085 itum
2102 2051 2210 2094 famil.

1211 2094 1239 2124 C
1240 2091 1308 2122 ard.
1320 2091 1446 2133 quaest.7.
1457 2097 1593 2131 num.16.,

1252 2134 1332 2167 Noti
1350 2136 1471 2172 obstat,
1490 2136 1687 2179 quodliodie
1707 2141 1902 2170 commendae
1923 2139 2209 2181 <equiparentuuti-

1209 2178 1283 2210 tulis
1293 2201 1302 2215 ,
1326 2189 1359 2210 ut
1371 2190 1422 2220 per
1432 2180 1565 2212 Gomez.
1576 2183 1608 2211 in
1618 2181 1751 2219 ragusae
1762 2190 1873 2213 menn.
1896 2184 2020 2223 quaesm.
2033 2184 2109 2216 Non
2122 2185 2209 2217 enim

1212 2221 1284 2253 inde
1307 2222 1465 2263 sequitur,
1497 2233 1531 2254 ut
1553 2225 1744 2256 beneficium
1765 2226 1907 2265 regulare
1928 2249 1937 2262 ,
1968 2225 2041 2258 cum
2061 2230 2153 2259 datur
2173 2229 2209 2260 in

1207 2268 1449 2302 commendam,
1471 2270 1781 2308 comprehendatura
1800 2268 1977 2307 Concilio,
1998 2273 2083 2312 quod
2106 2282 2141 2303 ex
2153 2274 2208 2303 de—

1207 2309 1383 2342 claratione
1394 2309 1741 2352 §aeeongtegauonis
1753 2314 1790 2344 de
1802 2312 1998 2345 saecularibus
2011 2313 2137 2346 tantum
2154 2315 2206 2346 be-

1207 2352 1330 2384 neficiis
1351 2353 1565 2394 intelligitur.

1250 2394 1320 2427 Nec
1334 2396 1476 2435 similiter
1487 2397 1587 2429 obstat
1598 2420 1608 2434 ‚
1629 2398 1713 2438 quod
1726 2398 1823 2430 etiam
1837 2400 1895 2430 hoc
1908 2400 1979 2431 casu
1991 2400 2136 2432 videatur
2146 2400 2206 2432 mi-

1207 2437 1298 2471 litare
1310 2440 1393 2472 ratio
1403 2439 1549 2474 Concilii
1561 2442 1758 2473 considerata
1768 2444 1800 2473 in
1811 2442 2203 2483 pri71c2daeap.18.scilicet,

1207 2492 1240 2512 ut
1261 2482 1460 2521 dignioribus
1481 2484 1636 2516 beneficia
1654 2483 1876 2516 conferantur.
1903 2484 1994 2527 Qua
2005 2497 2069 2517 non
2083 2497 2204 2528 propte—

1206 2525 1255 2561 reJt
1277 2525 1430 2562 infertur,
1453 2537 1485 2557 ut
1497 2526 1685 2558 Concilium
1706 2528 1843 2559 voluerit
1862 2530 2125 2568 comprehendere
2146 2532 2200 2562 hu—

1205 2568 1337 2610 jusmodi
1350 2570 1506 2609 regularia
1515 2574 1758 2611 commendata,
1780 2572 1854 2602 cum
1864 2572 2092 2608 alibihortetur
2113 2573 2202 2605 Sum-

1204 2622 1292 2643 mum
1310 2612 1518 2649 Pontificem,
1541 2623 1575 2644 ut
1594 2614 1741 2655 deinceps
1764 2614 1819 2645 illa
1837 2614 1983 2647 conferat
2006 2617 2202 2658 regularibus

1204 2665 1327 2686 tantum
1340 2677 1348 2690 ,
1374 2656 1455 2687 inter
1465 2666 1545 2696 quos
1556 2667 1622 2687 non
1634 2658 1718 2688 cudit
1741 2656 1842 2689 forma
1853 2659 2042 2690 concursus:
2066 2659 2143 2692 sicut
2157 2660 2201 2692 vi-

1204 2701 1311 2730 demus
1324 2709 1380 2730 nec
1396 2699 1591 2731 l'arochiales
1603 2700 1864 2741 jurispatronatus
1877 2701 2029 2734 laicorum
2042 2725 2054 2741 ,Ἰ
2074 2713 2132 2735 nec
2145 2703 2201 2736 Vi·
2223 2709 2263 2739 28

1203 2742 1304 2773 carias
1318 2752 1478 2782 perpetuas
1489 2741 1547 2774 elle
1556 2742 1762 2775 conferendas
1784 2745 1895 2784 praevia
1907 2743 2008 2777 forma
2029 2746 2119 2789 liujus
2131 2757 2201 2780 exa-

1204 2785 1299 2815 mini<
1312 2807 1320 2820 ,
1331 2785 1475 2825 quamvis
1486 2785 1519 2817 in
1532 2787 1579 2817 liis
1589 2796 1716 2827 quoque
1728 2787 1831 2826 vigeat
1843 2787 1988 2826 praedieia
1997 2789 2080 2821 ratio
2089 2811 2100 2826 ,
2111 2797 2200 2822 neme

1203 2827 1238 2867 pe
1249 2828 1325 2867 quia
1334 2830 1371 2859 de
1382 2828 1473 2860 dicii<
1486 2828 1720 2861 Parochialibus
1741 2830 1914 2870 specialiter
1932 2830 2122 2867 Concilium
2133 2834 2200 2873 egit

1202 2874 1233 2901 in
1245 2871 1396 2911 d.cap.79.
1408 2871 1487 2911 vers.
1493 2871 1580 2917 Quod
1603 2886 1612 2904 ι
1625 2872 1847 2913 jnspatronatus
1857 2896 1867 2911 ‚
1888 2876 1921 2906 δε
1931 2876 1969 2907 de
1981 2875 2119 2908 Vicariis
2129 2879 2163 2908 in
2173 2889 2198 2910 c.

1202 2924 1230 2950 7.
1239 2911 1378 2953 seff.7.0''‘
1388 2925 1453 2955 cap.
1470 2914 1557 2955 11.se
1582 2938 1589 2946 .
1603 2926 1651 2955 25.
1661 2917 1697 2948 cie
1707 2920 1798 2955 regul.
1810 2916 1849 2949 Et
1862 2918 2022 2959 propterea
2034 2929 2090 2951 nec
2103 2920 2199 2953 Sacra

1201 2956 1422 2997 Congregatio
1431 2962 1572 2991 eamdem
1585 2960 1740 2991 rationem
1753 2961 1909 2998 attendit,
1929 2963 2004 2994 dum
2023 2964 2197 2995 declaravit

1201 3000 1353 3033 beneficia
1373 3002 1720 3041 regulariacuratauon
1731 3005 1954 3045 comprehendi
1972 3007 2005 3037 in
2017 3005 2046 3038 d.
2069 3017 2132 3046 cap.
2150 3010 2195 3039 18.

1202 3042 1350 3075 Praeterea
1362 3043 1394 3075 in
1406 3045 1450 3075 his
1461 3067 1471 3081 ,
1491 3056 1558 3085 quae
1571 3046 1750 3077 exorbitant
1762 3047 1776 3077 :i
1788 3048 1855 3090 jure
1866 3048 2053 3086 communi,
2066 3049 2143 3080 ficut
2155 3049 2195 3080 est
2218 3060 2257 3088 29

1200 3085 1302 3117 forma
1315 3087 1469 3120 examinis
1480 3098 1532 3128 per
1549 3089 1738 3121 concursum
1748 3112 1758 3127 ,
1782 3101 1850 3125 non
1869 3092 1904 3123 fit
1915 3092 2055 3125 extensio
2073 3094 2110 3125 de
2122 3092 2193 3123 casu

1202 3131 1237 3159 ad
1250 3129 1353 3159 casum
1366 3152 1375 3165 ‚
1397 3130 1493 3162 etiam
1507 3142 1541 3162 ex
1557 3131 1726 3164 identitate
1738 3134 1890 3171 rationis,
1914 3145 1946 3166 ut
1962 3145 2051 3166 notat
2062 3135 2147 3174 gloff.
2163 3129 2196 3166 in

1201 3184 1235 3204 ca
1239 3175 1299 3213 μί’
1299 3171 1517 3212 onstitutionem
1529 3176 1562 3205 in
1574 3174 1652 3216 ver-ſs
1664 3178 1862 3215 Prorogamus
1871 3178 1907 3209 de
1918 3178 2008 3215 regul.
2019 3175 2070 3208 lib.
2083 3177 2196 3209 &stem

1200 3215 1364 3255 gloss-unic.
1376 3217 1408 3246 in
1418 3226 1481 3256 cap.
1494 3220 1564 3259 Qae
1575 3217 1593 3249 ‘z'
1603 3217 1666 3255 jure
1677 3218 1713 3250 de
1721 3220 1813 3258 regul.
1824 3219 1881 3257 jur.
1893 3220 1953 3251 eod.
1964 3219 2052 3251 ab&
2063 3220 2145 3251 Bart.
2159 3220 2195 3252 in

1200 3258 1366 3297 Extravag.
1375 3259 1511 3301 Qifinc
1519 3259 1642 3293 rebelles
1651 3284 1661 3298 ‚
1685 3266 1711 3300 §.
1724 3265 1856 3306 ‘Tranfit
1865 3274 1943 3295 mim.
1959 3273 1983 3303 3.
1997 3261 2070 3294 alias
2082 3265 2196 3303 ponde-

1202 3301 1342 3333 rationes
1355 3305 1390 3333 ad
1403 3303 1639 3344 suprascriptum
1653 3307 1784 3338 dubium
1796 3329 1805 3342 ,
1830 3311 1861 3338 &-
1882 3305 2104 3337 resolutionem
2125 3305 2194 3338 Sac-

1199 3343 1272 3376 Con
1275 3347 1490 3420 gregatdliabes
1501 3347 1581 3380 infra
1591 3350 1624 3382 in
1632 3358 1700 3391 cap.
1712 3350 1842 3391 Citmstt
1852 3360 1905 3380 ars
1914 3359 1993 3380 num.
1998 3357 2047 3391 37.
2058 3348 2096 3381 Θ
2104 3350 2194 3390 40.de

1199 3397 1278 3421 aetat.
1291 3394 1327 3422 0·
1338 3397 1394 3426 qua
1410 3391 1447 3422 it.

2077 3475 2151 3508 DE
