2397 3664
725 37 822 96 De
859 35 1090 99 Constit.
1128 36 1175 94 c}
1213 36 1361 93 Cum
1397 37 1622 94 ornnes}

167 130 252 164 tuli,
272 129 378 160 dicam
398 128 434 159 in
453 132 516 166 cap.
536 124 644 157 Novit
658 142 669 158 ‚
690 120 727 154 de
747 122 811 159 his,
832 131 888 162 quae
905 121 990 166 fiunt
1003 124 1024 155 [ι’
1045 131 1152 163 mayr.

187 181 248 204 art.
265 174 312 204 Ca
334 193 341 202 .

165 181 186 214 P
209 179 353 247 Secunfia
368 212 504 247 iectura,
523 219 619 254 quam
633 210 744 242 recitat
760 208 812 241 hic
829 208 948 242 Anton.
965 210 1003 243 de
1023 208 1107 242 Butr.
1119 210 1153 240 in

163 260 267 299 princi
267 266 296 298 p.
306 257 347 289 est
357 256 486 289 illorum
496 275 506 290 ,
513 256 699 295 quivputant,
708 252 965 285 consuetudinem
973 254 1134 293 antiquam
1141 270 1152 286 ,

166 310 278 334 eontra
293 310 390 342 quam
405 295 720 346 Quonngecerunt
739 294 902 329 statutum,
924 294 1009 329 fuiffe
1026 294 1153 328 confor-

167 354 251 376 mem
271 344 332 384 juti
351 341 541 375 communi,
553 335 630 379 ‘quia
650 347 770 370 omnes.
782 336 942 373 Canonici
961 340 994 370 in
1016 337 1153 371 absentia

166 387 246 419 nihil
258 386 466 428 percipiebant
476 404 484 411 -
501 382 539 413 Et
550 381 591 413 sic
601 380 748 413 statutum
763 382 796 418 in
806 390 842 413 ea
849 390 933 422 parte
942 401 952 416 ,
973 383 1006 413 in
1024 392 1086 422 qua
1094 380 1152 414 dis-

167 430 287 472 posuit,
308 425 511 466 upCanonici
521 424 645 466 antiqui
659 425 852 465 perciperent
868 423 1030 457 frustusin
1047 424 1153 457 absen-

167 475 233 508 tia,
255 472 315 506 fuit
325 467 715 503 contraconsuettidinem.
737 466 777 499 Et
786 466 953 501 secundum
976 467 1035 500 hoc
1046 466 1153 501 Ponti-

166 515 216 551 fex
229 516 354 548 mandat
363 532 372 547 ,
383 521 417 545 ut
426 511 568 552 antiqui,
577 511 610 543 δε
621 511 698 542 novi
707 508 867 543 Canonici
877 512 910 542 in
919 510 1067 544 omnibus
1074 520 1153 542 coae-

165 564 320 601 quentur,
340 558 420 589 itaut
430 564 529 595 neque
539 554 606 588 his,
628 563 727 594 neque
738 552 798 584 illis
816 553 907 586 liceat
917 553 1035 595 aliquid
1055 552 1153 594 perci-

166 612 236 643 pere
244 602 279 634 in
293 599 447 632 absentia.
469 597 507 630 Et
524 595 694 630 secundum
705 596 782 628 hanc
803 594 954 628 lecturam
969 595 1054 628 casus
1066 596 1105 629 sic
1123 595 1152 628 se

165 646 257 677 habet
273 654 282 675 z
298 642 406 674 Stante
417 639 659 674 consuetudine,
681 649 714 671 ut
723 637 885 673 Canonici
904 637 1040 671 Curcen.
1051 641 1085 671 in
1100 640 1153 670 ab-

165 687 264 720 sentia
283 685 423 718 redditus
439 694 504 716 non
522 683 638 725 possent
655 683 830 724 percipere,
852 680 1015 715 Canonic'i
1030 683 1153 723 antiqui

165 730 355 763 statuerunt,
376 738 411 761 ut
428 729 504 760 novi
514 727 625 759 starent
644 724 880 760 consuetudini,
902 726 936 758 δε
959 724 1015 766 ipsi
1030 726 1172 765 antiqui,

165 773 202 806 in
217 772 353 804 absentia
363 772 479 813 possent
495 769 613 804 fruitus
629 770 801 811 percipere.
824 767 864 800 Et
885 770 921 801 de
934 770 1036 801 vineis
1057 778 1154 800 anne-

165 818 214 848 xis
223 815 585 856 praebendiss’tatuerunt,
606 822 640 845 ut
662 813 738 844 novi
747 811 825 844 nihil
843 814 1050 853 perciperent.
1073 810 1155 843 Pon-

166 859 242 892 tifex
259 858 456 893 considerans
474 865 727 898 unumquemque
744 856 855 888 eodem
870 855 936 897 jure
960 855 1008 886 uti
1025 855 1151 888 debere,

164 904 249 944 quod
259 905 294 935 in
302 903 400 939 alium
410 900 513 932 statuit
520 920 531 935 ,
551 901 585 932 ὅ(
594 898 716 932 dietum
725 897 879 939 Sapientis
887 918 897 933 ,
918 900 1032 930 Patere
1040 898 1133 935 legem
1143 917 1153 933 ,

166 956 253 984 quam
262 947 366 985 tuipse
376 944 484 975 tuleris
492 963 502 979 ,
523 944 660 984 praecipit
668 962 679 976 ,
698 951 732 974 ut
742 942 828 982 quod
835 941 1005 974 statuerunt
1014 942 1046 971 in
1056 942 1134 971 alios
1143 960 1154 975 ,

167 990 288 1021 servent
303 988 339 1022 in
358 986 479 1029 seipsis,
501 988 535 1018 δε
551 986 630 1018 nihil
654 986 847 1027 perciplant,
868 986 901 1016 δέ
923 984 1027 1016 nullus
1043 992 1155 1015 eorum

166 1033 279 1067 habeat
299 1031 408 1064 vineas
428 1040 583 1062 annexas.
604 1027 643 1060 Et
663 1027 832 1060 secundum
855 1027 939 1059 hunc
959 1025 1154 1059 intellectum

167 1076 261 1108 verba
271 1074 450 1108 illatextus,
471 1069 852 1113 Inhocconsueverunteſje
863 1077 971 1109 pares,
992 1079 1155 1110 exponun-

165 1127 232 1153 tur,
253 1117 421 1164 videlicet,
443 1118 519 1148 utin
530 1114 753 1149 absentianiliil
771 1114 982 1154 perciperent.
1003 1112 1062 1144 Sed
1075 1112 1155 1144 hanc

170 1160 325 1192 lectutans
328 1169 497 1201 utcumque
513 1158 672 1193 subtilem,
692 1156 806 1188 &inse
817 1165 941 1190 veram,
959 1154 1099 1187 similiter
1107 1166 1154 1187 ar-

167 1204 266 1237 bitror
276 1213 340 1237 non
349 1202 406 1236 esse
424 1211 650 1244 congruentem
661 1201 769 1234 litterae
780 1199 870 1238 huius
879 1199 1040 1231 decretalis
1049 1220 1057 1228 .
1080 1198 1155 1231 Mo-

165 1257 260 1281 veor,
283 1248 358 1289 quia
378 1245 587 1280 consuetudo,
610 1242 778 1276 secundum
797 1253 894 1284 quain
914 1242 1052 1274 absentes
1075 1242 1154 1274 nibil

166 1291 342 1332 percipiunt
353 1310 363 1325 ,
372 1288 446 1323 cum
455 1289 490 1321 sit
501 1288 560 1329 juri
569 1286 1035 1326 eonsormis,cap.Conquerente‚
1044 1286 1155 1320 c.Tuae,

166 1332 205 1366 Θ
213 1331 361 1373 cap-Cum
371 1330 413 1365 ad
421 1331 472 1364 hoc
479 1330 567 1375 infra*
577 1330 613 1362 de
622 1333 650 1363 C
651 1332 768 1362 lemnon
777 1328 995 1373 restdent.cuiu
1004 1330 1109 1360 multis
1120 1328 1156 1359 si-

166 1376 292 1409 milibus
301 1397 312 1412 ,
320 1377 353 1409 &
365 1385 453 1408 notat
462 1375 579 1417 gloss-1.
588 1372 635 1406 hic
643 1375 676 1406 in
684 1375 815 1413 princip.
829 1383 894 1404 non
905 1373 1019 1406 dicitur
1029 1372 1156 1404 consuc-

166 1421 264 1455 tudo‚
286 1418 540 1452 sedobsetvantia
563 1419 636 1459 jutis
647 1418 849 1451 communis,
869 1426 934 1457 quo
947 1425 1070 1448 utentes
1091 1425 1157 1446 non

168 1464 315 1496 videntur
332 1462 458 1495 voluisse
467 1471 583 1494 novam
600 1460 858 1492 consuetudinem
873 1460 1040 1493 inducere,
1063 1459 1158 1490 utfir-

169 1515 233 1537 inat
239 1505 384 1548 J0.Andr.
393 1507 428 1537 in
436 1513 551 1544 capim.
560 1504 596 1536 de
606 1506 632 1535 C
634 1503 688 1535 ler.
702 1503 851 1542 conjugat.
862 1500 947 1534 lib.6.
957 1512 1053 1543 quem
1063 1504 1105 1533 ibi
1115 1501 1159 1532 se-

166 1559 304 1592 quuntur
312 1548 450 1581 Anchar.
459 1548 627 1579 Genua&
637 1546 710 1580 alii,
732 1546 782 1577 Ful
786 1545 848 1586 gos.
859 1544 936 1585 confi
953 1555 1019 1586 123.
1029 1544 1159 1585 Praefitp-

165 1592 273 1636 pofitis
283 1592 562 1624 num.2.Alexan.in
570 1588 666 1629 leg-de
676 1588 776 1628 quibus
784 1591 816 1620 in
823 1588 1029 1631 princip-ffide
1036 1587 1158 1628 legibus,

167 1638 201 1668 &
220 1635 371 1668 Roch.de
385 1633 484 1667 Curte
499 1636 533 1666 in
541 1633 678 1666 mist-de
694 1630 861 1673 consuetud.
883 1643 963 1664 num.
977 1642 987 1664 1
999 1631 1067 1663 nsi
1084 1642 1159 1672 ergo

169 1677 331 1711 Canonici
339 1675 503 1710 Trecenfis
521 1676 660 1709 Ecclesiae
670 1675 896 1707 coniueviiscnt
912 1675 991 1708 nihil
1002 1676 1159 1716 percipere

166 1724 201 1754 in
211 1720 350 1753 absentia
359 1741 369 1755 ,
389 1720 566 1759 hujusmodi
576 1718 663 1751 actus
673 1719 844 1751 abstinendi
854 1719 870 1749 a
889 1720 1087 1763 perceptione
1096 1717 1160 1749 fru-

167 1763 277 1796 &uum
293 1774 357 1796 non
369 1763 490 1796 fuissent
512 1763 633 1795 fundati
643 1761 728 1803 super
748 1761 989 1796 consuetudine,
1012 1761 1160 1802 sedluper

167 1808 232 1850 jure
243 1816 353 1849 3atque
364 1809 409 1839 ita
417 1806 571 1838 defecisset
581 1807 705 1837 animus
714 1804 948 1836 consuetudinis
957 1805 1161 1836 introducen-

167 1853 230 1886 dae,
239 1860 274 1882 ut
285 1850 454 1882 formaliter
466 1849 661 1890 inquitJoan.
673 1849 769 1879 Andr.
778 1849 811 1878 in
821 1845 850 1878 d.
862 1859 885 1879 c.
895 1850 980 1881 unico
996 1857 1077 1879 num.
1088 1858 1114 1878 2.
1126 1850 1160 1878 in

167 1905 235 1925 ver.
248 1894 419 1928 Nolumus,
441 1894 474 1925 &
485 1891 708 1934 consequenter
717 1890 862 1922 Pontifex
874 1889 924 1923 hic
936 1901 999 1923 non
1011 1890 1160 1922 fundasset

168 1936 494 1968 suamdecisionemin
505 1945 561 1969 eo,
580 1935 667 1975 quod
677 1934 824 1966 statutum
844 1932 1063 1976 Capituliesl'et
1082 1943 1160 1967 con-

167 1988 215 2011 tra
233 1979 490 2012 consuetudinem
501 1977 642 2009 Ecclesia:
659 1976 823 2009 ‘trecensis
834 1997 844 2012 ,
866 1976 916 2009 sed
937 1975 1042 2017 potius
1052 1978 1086 2007 in
1102 1986 1159 2012 eo,

166 2021 251 2063 quod
261 2022 332 2054 esset
349 2021 515 2062 contraius
532 2030 719 2052 commune.
739 2020 824 2051 Facit
842 2022 926 2060 quod
939 2028 1028 2051 notat
1046 2018 1158 2051 Innoc.

168 2065 346 2098 Hostien.&
357 2064 410 2096 alii
421 2066 454 2096 in
464 2076 488 2096 c.
496 2062 610 2106 musra*
620 2061 657 2094 de
664 2061 755 2102 rescr-
765 2062 818 2094 ubi
827 2072 934 2095 tenent
944 2064 981 2094 de
992 2060 1141 2104 rescripto
1150 2083 1160 2098 ,

169 2109 217 2140 vel
234 2108 401 2150 privilegio
417 2107 504 2140 idem
520 2109 703 2139 continente
719 2107 803 2147 quod
821 2106 868 2147 jus
885 2115 1073 2141 commune,
1095 2116 1162 2137 non

168 2161 311 2192 oportere
322 2151 519 2184 mentionem
538 2148 638 2181 facere
648 2151 683 2181 in
700 2148 835 2181 secundo
845 2147 1009 2190 rescripto,
1030 2149 1079 2180 vel
1098 2151 1162 2189 pri<

123 2202 144 2234 7
164 2193 299 2236 vilegio.
321 2192 359 2225 Et
372 2194 502 2225 idemin
521 2191 654 2227 statuto,
675 2191 722 2223 vel
733 2191 958 2224 consuetudine
977 2191 1159 2232 disponente

167 2239 251 2270 idem
259 2257 269 2272 ,
277 2238 362 2279 quod
370 2235 419 2277 jus
428 2244 598 2269 commune
609 2255 620 2270 ,
629 2236 815 2267 determinat
826 2234 901 2277 glos.
912 2235 1055 2268 norab-in
1063 2243 1126 2274 cap.
1135 2244 1160 2266 ι.

167 2283 201 2312 in
210 2291 279 2313 ver.
289 2281 382 2314 Facit
396 2277 432 2311 de
447 2276 564 2320 constit.
574 2275 773 2319 lib-&quam
792 2276 961 2319 sequuntur
979 2279 1022 2310 ibi
1033 2277 1163 2310 Gemin.

166 2324 221 2356 col.
231 2333 255 2355 r.
264 2325 299 2355 in
311 2334 339 2355 2.
348 2320 444 2363 oppos:
451 2325 485 2355 ὃς
496 2321 602 2354 Franc.
611 2321 665 2354 col.
674 2330 703 2360 7.
714 2319 797 2358 verfi
807 2323 846 2352 ln
855 2332 889 2353 ea
896 2319 991 2362 glofflt
1001 2344 1009 2352 .

211 2365 344 2400 Tertia,
364 2365 397 2397 &
414 2366 594 2398 communis
610 2363 726 2396 iectura
747 2364 807 2399 est,
828 2365 913 2405 quod
937 2367 1066 2406 antiqua
1083 2375 1161 2397 con-

171 2408 301 2441 suetudo
309 2408 359 2440 hic
376 2408 551 2450 disponeret
563 2418 672 2440 contra
684 2408 730 2449 jus
748 2418 937 2443 commune,
959 2417 993 2440 ut
1001 2407 1161 2440 Canonici

166 2454 305 2485 redditus
320 2450 578 2483 Canonicatuum
595 2453 786 2492 perciperent
805 2453 840 2482 in
861 2450 998 2483 absentia
1015 2473 1022 2481 .
1055 2450 1093 2482 Et
1117 2450 1160 2482 se-

167 2495 310 2528 cundum
319 2494 399 2526 banc
409 2493 559 2526 leeturam
569 2493 715 2526 statutum
726 2514 735 2528 ,
758 2504 791 2526 ut
800 2496 923 2535 antiqui
936 2493 1095 2527 Canonici
1108 2496 1160 2526 ab·

168 2538 267 2571 sentes
278 2538 394 2580 possent
404 2535 522 2568 fructus
544 2537 718 2578 percipere,
740 2547 805 2570 erat
815 2536 979 2570 conforme
995 2536 1160 2569 consuetu-

167 2583 253 2616 dini,
264 2581 312 2613 sed
322 2579 487 2621 contraius
497 2588 668 2611 commune
677 2601 688 2610 .
708 2579 767 2612 Sed
776 2582 809 2612 in
817 2592 854 2613 ea
864 2590 947 2622 parte
958 2601 968 2615 ,
989 2581 1024 2612 in
1032 2591 1093 2622 qua
1104 2580 1161 2612 sta-

168 2627 292 2660 tuebat,
315 2633 348 2656 ut
366 2621 526 2655 Canonici
542 2621 680 2666 juniores
700 2622 780 2655 nihil
790 2626 982 2664 perciperent
1000 2624 1032 2654 in
1053 2623 1162 2655 absen-

170 2668 231 2703 tia,
240 2678 305 2699 erat
315 2676 427 2699 contra
436 2664 692 2697 consuetudinem
701 2685 711 2700 ‚
729 2665 777 2697 sed
787 2665 975 2698 consonabat
990 2667 1063 2704 juris
1073 2677 1158 2699 coui-

170 2711 275 2743 munis
296 2709 507 2752 dispositioni.
530 2706 568 2739 Et
589 2707 676 2749 juxta
694 2707 775 2740 hanc
797 2708 950 2742 lecturam
970 2712 1135 2741 mandatur
1150 2730 1160 2744 ‚

170 2764 205 2786 ut
222 2756 255 2786 in
273 2754 332 2785 hoc
351 2753 487 2794 juniores
509 2759 709 2792 coaequentur
725 2752 882 2792 antiquis,
907 2754 985 2784 itaut
993 2763 1102 2785 omnes
1126 2755 1162 2784 in

170 2797 307 2829 absentia
322 2795 439 2828 fruetus
451 2794 643 2836 percipiant.
662 2792 702 2826 Et
719 2792 823 2829 casum
833 2804 912 2834 pone
935 2795 974 2826 sic
998 2807 1007 2827 i
1027 2796 1161 2837 vigebat

169 2840 360 2872 consuetudo
377 2841 409 2871 in
420 2837 554 2870 Ecclesia
568 2836 706 2869 Curcen.
717 2846 751 2868 ut
768 2835 1051 2870 Canoniciomnes,
1063 2841 1096 2869 iii
1108 2840 1160 2870 ab·

171 2883 267 2915 sentia
284 2884 398 2925 pollent
408 2881 526 2914 fruitus
545 2883 718 2921 percipere,
738 2881 771 2912 &
788 2879 916 2911 cuilibet
935 2882 1099 2920 praebendae
1116 2881 1161 2913 ef-

172 2926 235 2959 sent
246 2936 373 2958 annexa:
390 2928 504 2958 vineae.
529 2922 690 2956 Canonici
705 2923 871 2964 antiquiin
893 2933 928 2954 ea
938 2922 1073 2955 Ecclesia
1084 2934 1159 2956 tunc

172 2971 333 3002 existentes
344 2969 532 3003 statuerunt,
554 2977 588 2999 ut
598 2969 694 2999 iidem
707 2968 829 3008 antiqui
841 2966 1032 3007 perciperent
1042 2965 1165 2999 frudtus

172 3021 207 3043 ut
216 3012 316 3053 ptius3
339 3015 415 3044 novi
424 3022 530 3044 autem
540 3010 790 3052 supervenientes
799 3010 878 3041 nihil
892 3010 1038 3040 haberent
1047 3031 1055 3039 .
1079 3010 1161 3042 Item

173 3065 208 3086 ut
218 3057 314 3087 vineae
322 3056 540 3087 decedentium
550 3054 765 3086 dividerentur
776 3055 856 3084 inter
864 3054 1011 3093 antiquos
1021 3073 1030 3087 ‚
1051 3054 1083 3085 &
1095 3063 1160 3084 non

174 3098 336 3130 transirent
357 3101 395 3130 ad
406 3097 601 3130 successores.
623 3095 786 3128 Canonici
803 3094 901 3137 postea
917 3097 1034 3136 recepti
1051 3097 1088 3126 de
1101 3095 1159 3128 hoc

172 3141 332 3181 conquesti
347 3140 414 3173 sunt
425 3140 531 3182 Papae,
551 3142 605 3182 qui
624 3139 821 3172 considerans
838 3137 977 3180 praedicti
996 3138 1100 3170 statuti
1118 3140 1159 3169 ii·-

172 3185 469 3219 rationabilitatem,
489 3183 528 3216 eo
545 3183 632 3225 quod
643 3182 688 3224 jus
706 3181 865 3224 disponat,
888 3183 921 3213 δε
940 3182 1089 3220 naturalis
1110 3192 1158 3213 ra-

172 3227 221 3259 tio
227 3225 324 3259 distet
335 3247 344 3261 ,
366 3237 398 3259 ut
406 3227 491 3268 quod
498 3226 627 3268 quisque
637 3226 711 3268 juris
722 3228 756 3257 in
765 3225 862 3256 alium
872 3223 976 3256 statuit
986 3244 997 3259 ,
1019 3223 1114 3256 servet
1124 3227 1157 3256 in

172 3269 286 3311 seipso,
307 3271 340 3301 &
355 3269 508 3310 Sapientis
518 3272 604 3302 dicat
621 3268 809 3303 auctoritas,
833 3269 945 3300 Patere
960 3268 1073 3307 legem,
1094 3267 1156 3301 &c-

174 3313 314 3354 praecipit
334 3311 481 3344 statutum
502 3313 608 3345 caffari
626 3333 636 3348 ,
658 3315 690 3345 &
712 3321 821 3344 omnes
841 3312 879 3343 ad
900 3311 1157 3343 consuetudinem

131 3360 150 3389 8
172 3358 334 3397 antiquam
342 3356 446 3386 reduci
458 3377 466 3385 .
484 3355 529 3387 Ex
537 3356 622 3397 juxta
632 3356 713 3388 hanc
723 3354 873 3387 iecturam
882 3352 1052 3386 summatur
1062 3355 1101 3386 sic
1113 3357 1156 3386 se-

177 3395 684 3441 cundumglossJo.Andr.&alios
700 3400 910 3431 communiter
932 3410 938 3429 :
962 3396 1156 3434 Constitutio

175 3441 334 3484 Capituli,
353 3451 422 3484 quae
437 3440 552 3474 nonest
567 3442 745 3476 communis
761 3441 924 3477 omnibus,
944 3443 978 3475 ὃς
997 3451 1048 3482 per
1057 3451 1154 3482 quam

2041 58 2108 111 93

1200 123 1318 155 tollitur
1327 123 1455 164 antiqua
1464 122 1655 156 consuetudo
1664 141 1675 157 ,
1682 131 1749 155 non
1758 123 1854 156 valet.
1869 122 1926 154 Vel
1936 122 1976 156 sic
1987 144 1997 159 ,
2016 123 2094 156 Non
2105 126 2184 157 valet

1199 165 1381 199 constitutio
1389 167 1512 207 collegii
1521 167 1554 197 in
1563 165 1714 198 damnum
1720 165 1897 207 aliquorum
1905 185 1916 201 ,
1931 168 1965 198 &
1975 169 2178 200 commodum

1198 209 1331 242 aliorum
1339 227 1350 245 2
1359 209 1488 242 cessante
1496 208 1674 242 rationabili
1683 207 1781 242 causa.
1791 208 1848 240 Vel
1857 210 1946 241 aliter
1954 210 2007 245 sic,
2015 209 2186 244 secundum

1198 252 1319 285 Abu&
1337 252 1432 285 Felin.
1443 250 1563 294 Absque
1581 252 1760 286 rationabili
1777 250 1867 284 causa
1883 262 1948 285 non
1966 253 2062 294 potest
2080 254 2181 296 major

1198 305 1267 336 pars
1277 293 1418 335 Capituli
1427 295 1534 326 tollere
1547 294 1822 329 consuetudinem,
1843 295 2010 328 utilitatem
2028 298 2183 338 privatam

1197 339 1368 371 nutriendo
1377 359 1385 368 .
1407 337 1479 371 Hoc
1488 337 1567 371 dicit
1577 349 1584 368 :
1595 336 1634 369 Et
1641 339 1836 377 dividiturin
1850 339 1927 372 duas
1936 348 2034 379 partes
2043 362 2051 370 .
2074 340 2110 371 In
2122 342 2182 381 pri-

1198 391 1251 414 ma
1258 382 1442 415 recitatduo
1452 381 1562 412 statuta
1574 379 1735 413 successive
1747 380 1828 415 sadra
1838 381 1892 412 .1n
1902 380 2030 415 secunda
2040 403 2050 418 ,
2061 384 2179 426 duplici

1196 426 1319 458 ratione
1329 428 1494 464 utrumque
1504 423 1610 456 caffari
1619 425 1745 455 mandat
1755 444 1765 459 ‚
1780 424 1824 457 ibi
1833 444 1843 460 ,
1851 421 2050 464 Ciam-igitur.

1239 466 1329 501 Nota
1348 465 1470 507 primo,
1492 467 1593 498 valete
1611 466 1867 500 consuetudinem
1878 467 2130 505 nonveesidendi,
2151 472 2186 503 &

1198 510 1388 552 percipiendi
1397 508 1515 541 fruetus
1525 509 1668 542 beneficii
1678 511 1711 540 in
1730 509 1885 544 absentia,
1907 512 2015 552 dequo
2023 510 2063 545 est
2077 523 2180 546 textus

1197 552 1336 593 optimus
1346 551 1396 584 hic
1407 572 1417 586 ,
1438 553 1540 593 quiad
1554 551 1760 593 hocquotidie
1781 552 1797 582 a
1808 552 1999 586 Dmstoribus
2016 554 2179 595 allegatur.

1197 595 1238 630 Et
1247 605 1299 636 per
1309 595 1389 628 hanc
1399 595 1534 627 litteram
1544 603 1629 626 tenet
1641 595 1690 626 hic
1699 594 1772 635 glos.
1784 593 1837 634 fin.
1847 596 1926 628 Item
1947 597 2020 639 glos.
2028 600 2138 637 penult.
2147 602 2182 632 in

1196 646 1261 678 cap.
1271 638 1406 672 Dudum,
1413 638 1440 669 il
1452 636 1519 669 2.de
1528 638 1609 669 eleft.
1620 639 1652 670 &
1662 638 1734 678 glos.
1743 648 1767 669 1.
1778 640 1811 669 in
1819 638 1942 679 cap-Ad
1949 640 2137 674 audientiam
2146 642 2183 675 de

1197 683 1345 716 Cler-non
1351 681 1494 725 refident.
1505 681 1615 713 Abu&
1626 680 1704 713 Dec.
1714 679 1773 716 hic,
1783 682 1875 713 ambo
1882 694 1929 713 nu.
1937 692 1962 714 1.
1971 685 2005 714 tn
2018 693 2043 714 1.
2055 682 2181 718 notabil.

1197 725 1258 757 Sed
1269 734 1303 757 tu
1312 723 1432 765 plenius
1439 723 1592 765 distingue
1603 746 1610 754 .
1621 723 1707 757 Nam
1716 744 1726 759 ,
1741 733 1794 756 aut
1803 728 1950 765 quaeritur
1959 746 1968 761 ‚
1983 737 2022 759 an
2032 727 2182 768 ejusmodi

1197 768 1390 801 consuetudo
1407 768 1507 802 valeat
1516 769 1549 799 in
1566 768 1726 800 beneficiis
1743 767 1952 808 fimplicibus;
1974 779 2027 802 aut
2035 770 2181 811 quaeritur

1197 822 1240 846 an
1249 810 1572 847 valeatssinbeneficiis
1587 812 1625 845 in.
1639 808 1898 846 cathedralibus,
1920 821 1973 843 aut
1991 812 2181 854 Collegiatis

1197 854 1361 891 Ecclesii53
1382 864 1435 887 aut
1446 856 1580 896 denique
1599 864 1640 886 an
1649 855 1749 886 valeat
1769 856 1803 886 in
1813 854 1973 887 beneficiis
1992 865 2100 889 curam
2114 859 2182 890 ani-

1197 907 1320 929 marum
1330 897 1514 930 habentibus
1523 919 1531 929 ..

1240 939 1338 973 Circa
1356 942 1512 981 primurn,
1531 941 1676 983 quamvis
1686 942 1729 974 'de
1746 941 1811 982 jure
1827 942 1990 974 communi
2000 941 2113 982 scripto
2135 944 2185 975 be-

1196 983 1311 1017 neficia
1319 985 1427 1016 omnia
1435 983 1631 1017 residentiam
1640 986 1799 1026 requirant
1807 1005 1818 1018 ,
1839 995 1873 1016 ur
1883 987 1917 1016 in
1926 994 1988 1025 cap.
1998 987 2184 1025 Superordt'-

1197 1036 1273 1058 nata
1281 1027 1318 1059 de
1323 1025 1449 1066 preb&
1457 1029 1490 1058 in
1501 1035 1565 1067 cap.
1572 1030 1776 1066 conquerente
1787 1027 1824 1059 ose
1832 1029 1915 1060 Cler.
1927 1040 1986 1060 non
1995 1029 2140 1072 resident.
2152 1031 2185 1062 δέ

1197 1080 1287 1102 notat
1297 1070 1504 1102 Innocentius
1512 1072 1546 1102 in
1556 1081 1580 1102 c.
1586 1069 1768 1112 fin-sinsine,
1777 1073 1811 1104 ὃς
1821 1071 1865 1103 ibi
1874 1071 1951 1104 Abb.
1960 1082 2041 1105 num.
2047 1082 2072 1113 3.
2084 1070 2185 1104 eodem

1197 1115 1285 1145 tit.&
1295 1113 1411 1144 Abb.in
1419 1124 1443 1146 c.
1457 1113 1669 1152 Extirpandae,
1680 1115 1774 1158 §.Qui
1783 1117 1855 1146 vere>
1865 1124 1997 1154 num.30.
2008 1115 2089 1157 verfi
2098 1116 2187 1147 Nam

1196 1153 1371 1197 beneficium
1380 1159 1805 1194 quantumcumqueminimum
1812 1157 1848 1189 de
1857 1156 1922 1196 jure
1930 1161 2079 1192 commum}
2088 1161 2187 1198 requi-

1198 1200 1244 1230 rit
1253 1198 1463 1241 residentiam,
1472 1199 1510 1230 de
1519 1197 1734 1238 praeb.Oldrad.
1744 1200 1821 1241 confi
1829 1210 1840 1231 1
1847 1211 1896 1240 40.
1905 1204 1937 1233 in
1946 1202 2084 1244 an-[esta
2091 1203 2188 1235 Cala-

1195 1243 1333 1282 guritan.
1342 1241 1569 1284 n.3.,verfiEtst
1579 1240 1711 1278 dicatur,
1721 1242 1880 1275 Rebuffiin
1886 1247 1983 1283 praxi
1992 1248 2042 1277 tit.
2054 1245 2187 1286 Daspeti-

1193 1284 1279 1327 satio
1292 1283 1329 1316 de
1338 1295 1397 1317 non
1412 1284 1571 1328 reficiendo
1580 1295 1659 1318 num.
1671 1295 1699 1323 7.
1710 1283 1748 1318 (ῥ’
1760 1285 1896 1327 sequent.
1905 1290 1977 1328 quia
1989 1298 2109 1328 propter
2118 1288 2188 1321 offi-

1198 1330 1285 1362 cium
1293 1329 1384 1360 datur
1392 1328 1590 1364 beneficium,
1599 1337 1662 1369 cap.
1671 1327 1767 1371 fimdc
1777 1329 1931 1371 rescriptis
1941 1328 2024 1362 lib-6.
2039 1332 2058 1362 F
2061 1333 2141 1364 eder.
2150 1334 2188 1364 de

1199 1371 1289 1403 Senis
1305 1372 1383 1414 conf
1395 1374 1507 1412 246.in
1524 1374 1624 1412 princ.
1633 1374 1673 1406 &⁷
1689 1373 1839 1404 beneficia
1858 1375 1974 1408 omnia,
1986 1375 2025 1405 ad
2044 1374 2189 1407 divinum

1199 1415 1340 1449 cultum,
1361 1424 1454 1455 atque
1470 1415 1680 1448 Ecclesiastica
1698 1418 1806 1447 munia
1822 1417 1965 1449 obeunda
1982 1415 2050 1448 sunt
2068 1417 2189 1449 institu-

1200 1467 1232 1490 ta
1241 1477 1252 1492 ,
1273 1457 1308 1489 in
1316 1458 1443 1491 decreto
1451 1456 1596 1491 Concilii
1603 1458 1787 1494 Tridentini
1795 1470 1819 1491 c.
1833 1457 1989 1501 3.ftſj1‚21.
2000 1460 2076 1492 Abb.
2086 1458 2190 1501 ubifh-

1199 1499 1260 1543 prci
1268 1510 1349 1532 num.
1363 1499 1460 1541 32..ad
1467 1499 1565 1543 finem
1581 1512 1589 1532 :
1607 1504 1872 1544 tainenlgeneralis
1893 1503 2085 1536 consuetudo
2095 1504 2191 1535 inole-

1202 1546 1250 1576 vit
1261 1564 1272 1579 ,
1292 1553 1329 1575 ut
1350 1544 1502 1576 beneficia
1524 1544 1675 1585 simplicia
1696 1545 1886 1586 personalem
1906 1546 2104 1579 residentiam
2125 1557 2189 1578 non

1202 1588 1382 1628 requirant,
1403 1596 1438 1620 ut
1447 1587 1595 1620 testantur
1606 1587 1678 1629 Lap.
1688 1589 1777 1627 alleg.
1791 1592 1858 1621 118.
1868 1600 1946 1621 num.
1954 1599 1978 1621 t.
1985 1587 2077 1631 prop&
2086 1587 2189 1629 finem,

1203 1628 1284 1670 verfi
1293 1631 1356 1662 Sed
1365 1641 1416 1663 nec
1425 1632 1520 1663 etiam
1529 1650 1539 1665 ,
1549 1630 1678 1664 Oldrad·
1689 1631 1751 1664 loco
1760 1634 1811 1664 cit.
1821 1631 1952 1665 Abb.hic
1962 1634 2003 1668 in⁴
2010 1632 2143 1668 1.‚notab.
2154 1632 2192 1665 Θ·

1202 1672 1282 1714 conſs
1291 1675 1384 1713 47-i11
1392 1676 1488 1713 princ.
1497 1672 1551 1706 lib.
1563 1685 1590 1706 2.
1604 1672 1726 1707 Rebuff.
1736 1673 1785 1707 ubi
1792 1674 1887 1716 supra'
1898 1685 2012 1710 numer.
2022 1677 2095 1708 8.„&
2105 1675 2190 1708 Rota

1202 1715 1384 1758 apudCard.
1394 1716 1519 1757 Seraph.
1530 1716 1620 1758 decis
1631 1722 1702 1758 639.
1711 1729 1789 1750 num.
1803 1726 1828 1757 5.
1840 1719 1888 1750 sed
1898 1718 2027 1752 satisest
2034 1721 2078 1750 eis
2096 1718 2193 1751 deset-

1203 1762 1269 1792 vire
1280 1770 1330 1800 per
1347 1759 1558 1795 substitutum,
1581 1761 1716 1792 Anchar.
1726 1760 1805 1801 cons]
1815 1771 1882 1802 ²33·
1893 1773 1973 1794 num.
1985 1771 2011 1802 3.
2022 1761 2105 1803 Qiat
2125 1765 2194 1803 qui-

1203 1805 1274 1835 dem
1283 1802 1477 1835 consuetudo
1486 1802 1578 1835 hodie
1590 1805 1713 1836 videtur
1721 1806 1889 1845 approbata
1898 1808 1932 1837 in
1942 1816 1966 1837 c.
1977 1807 2094 1837 Gratia
2101 1806 2137 1836 de
2144 1816 2192 1836 re-

1196 1845 1292 1887 scrip.
1302 1843 1373 1878 libr.
1385 1850 1414 1878 6.
1425 1845 1463 1879 ά
1476 1849 1510 1878 in
1526 1846 1624 1879 Clem.
1635 1848 1750 1879 Gratiae
1773 1847 1894 1880 eod-tit.
1906 1858 2046 1889 eamque·
2056 1848 2193 1882 validam

1203 1889 1261 1921 esse
1279 1898 1389 1920 tenent
1405 1889 1569 1931 utrobique
1590 1890 1674 1931 gloss.
1685 1892 1718 1922 &
1742 1890 1898 1923 Doctores
1907 1912 1917 1926 ,
1939 1892 1973 1924 &
1989 1891 2030 1924 est
2051 1901 2194 1925 commu-

1204 1932 1375 1973 nisopinio
1385 1952 1399 1967 ,.
1416 1932 1585 1965 uttestatur
1593 1933 1669 1964 Abb.
1679 1935 1712 1964 in
1728 1932 1758 1964 d.
1771 1936 1796 1971 §.
1805 1935 1870 1978 Qi
1888 1939 1960 1966 vero
1970 1945 2082 1966 numer.
2097 1944 2143 1975 31.
2156 1934 2193 1966 de

1200 1973 1288 2016 praeb.
1299 1974 1386 2006 Hinc
1397 1974 1550 2017 Episcopo
1564 1976 1776 2009 Vintimilien.
1787 1978 1860 2009 :ilias
1879 1978 2028 2018 petenti-,2
2039 1987 2079 2011 ut,
2091 1978 2130 2008 ob
2140 1978 2194 2010 Sa-

1204 2020 1368 2050 cerdotum
1385 2017 1596 2051 I'arochoium
1614 2019 1804 2059 penuriam,
1819 2031 1854 2052 ac
1865 2021 1969 2062 populi
1987 2020 2194 2062 frequentiam

1205 2061 1299 2102 posset
1306 2070 1454 2095 revocare
1466 2060 1662 2103 presbyteros
1672 2062 1826 2098 absentes,
1849 2064 1996 2095 habentes
2007 2065 2039 2096 in
2058 2063 2192 2097 Dioecesi

1204 2106 1285 2137 unde
1305 2104 1449 2136 viverent
1457 2124 1473 2140 „
1490 2114 1583 2146 atque
1600 2106 1634 2136 in
1651 2107 1758 2146 primis
1775 2106 1961 2141 obtinentes.
1979 2106 2193 2148 Capellanias,

1203 2157 1239 2179 ac
1251 2147 1402 2181 beneficia
1412 2147 1583 2189 simplicia,
1600 2148 1712 2190 eosque
1725 2159 1834 2190 cogere
1845 2152 1878 2181 in
1890 2149 2023 2182 Dioecesi
2035 2160 2194 2190 permane-

1203 2200 1236 2221 re
1255 2202 1263 2221 :
1284 2189 1354 2222 Sac.
1362 2189 1579 2233 Congregatio
1587 2190 1730 2225 Concilii
1740 2193 1859 2225 censuit
1870 2203 1932 2225 non
1942 2194 2176 2228 concedendum
2185 2213 2194 2227 ,

1203 2232 1278 2265 licet
1287 2234 1406 2266 Anton.
1417 2235 1456 2267 de,
1464 2233 1547 2267 Butr.
1557 2246 1582 2267 c.
1585 2233 1646 2277 fin.
1657 2246 1738 2267 num.
1749 2247 1779 2276 4.
1791 2235 1871 2277 vers.
1880 2234 2034 2269 Secundus
2043 2235 2126 2277 casus
2132 2234 2190 2278 inf.

1203 2275 1242 2308 de
1250 2277 1397 2309 Cler-non
1407 2277 1537 2320 refiden.
1549 2278 1614 2319 post
1624 2278 1819 2312 Innoc.dicat
1831 2281 1968 2311 absentes
1978 2282 2117 2314 revocari
2127 2278 2193 2318 pos-

1202 2319 1232 2352 se
1250 2322 1291 2352 ob
1308 2319 1508 2353 Clericorum
1525 2323 1686 2362 penuriam
1697 2342 1708 2357 ,
1729 2322 1848 2354 etiamsi
1865 2324 2027 2354 obtineant
2044 2322 2193 2355 beneficia

1203 2363 1399 2404 personalem
1405 2364 1605 2397 residentiam
1615 2375 1682 2397 non
1688 2367 1877 2405 requirentia
1886 2386 1897 2399 ,
1906 2375 2019 2404 argum.
2032 2371 2094 2405 cae,-
2105 2365 2191 2408 Qia

1197 2406 1304 2450 frater
1313 2416 1342 2445 7.
1354 2417 1399 2445 qu.
1415 2417 1440 2439 1.
1451 2407 1502 2440 An
1512 2417 1618 2440 autem
1640 2409 1739 2440 valeat
1748 2408 1939 2440 consuetudo
1953 2408 2114 2438 obtinendi
2126 2409 2191 2447 plu-

1202 2460 1237 2482 ra
1254 2450 1405 2482 beneficia
1421 2450 1593 2490 simplicia,
1612 2450 1633 2481 si
1651 2460 1750 2481 unum
1767 2450 1803 2481 sit
1814 2449 1964 2481 sufficiens
1986 2451 2024 2480 ad
2047 2449 2192 2481 sustenta-

1203 2495 1344 2527 tionem,
1366 2494 1437 2525 vide
1453 2493 1605 2524 Abbatem
1615 2493 1750 2533 pluribus
1768 2493 2007 2526 concludentem
2025 2502 2089 2523 non
2108 2493 2190 2524 vale-

1203 2546 1234 2567 re
1244 2546 1394 2576 tanquam
1405 2535 1651 2566 irrationabilem
1664 2555 1673 2569 ,
1684 2537 1716 2567 &
1727 2535 2042 2576 iiiipraescriptibilem,
2052 2537 2085 2567 in
2095 2536 2188 2573 eod.§.

1201 2579 1267 2622 Qui
1279 2579 1349 2617 vero
1358 2590 1405 2610 nu.
1413 2582 1458 2617 36.
1469 2578 1628 2619 verſsAut
1638 2580 1778 2616 quaeritur
1787 2578 1824 2610 de
1834 2576 2187 2653 bengffciisfimplicibus.

1202 2622 1303 2663 Cujus
1311 2624 1420 2662 opinio
1438 2622 1561 2652 videtur
1575 2620 1873 2662 hodieapptobataa
1911 2623 2031 2655 oncilio
2052 2620 2187 2654 Triden-

1202 2669 1272 2698 tino
1287 2667 1320 2696 in
1341 2673 1405 2704 cap.
1420 2673 1465 2701 17.
1466 2662 1534 2705 seffl
1547 2675 1593 2704 24.
2114 2695 2120 2702 ,

1245 2707 1343 2740 Circa
1352 2707 1541 2742 secundum,
1562 2709 1623 2739 duo
1644 2707 1728 2739 casus
1739 2708 1806 2739 sunt
1822 2708 2028 2749 distinguendi
2039 2729 2053 2738 a
2068 2707 2190 2740 Primus

1203 2753 1242 2784 est
1251 2773 1260 2786 ‚
1282 2761 1324 2782 an
1341 2751 1442 2782 valeat
1459 2750 1650 2783 consuetudo
1667 2771 1676 2785 ,
1705 2751 1872 2783 secundum
1893 2761 1988 2792 quam
2008 2752 2186 2784 obtinentes

1202 2798 1236 2827 in
1253 2793 1491 2826 Cathedralibus
1508 2814 1518 2828 ,
1549 2795 1596 2825 vel
1618 2792 1799 2835 Collegiatis
1821 2794 1970 2826 Ecclesiis.
1984 2795 2153 2835 dignitates
2173 2815 2182 2829 ‚

1202 2837 1420 2870 Canonicatus
1430 2858 1439 2872 ,
1461 2846 1514 2869 aut
1533 2839 1689 2878 portiones
1699 2857 1708 2871 ,
1730 2838 1904 2877 percipiunt
1921 2837 2100 2871 invabsentia
2123 2837 2184 2868 sru-

1203 2882 1271 2913 Ctus
1279 2882 1461 2922 praebcndae.
1484 2879 1642 2911 Secundus
1661 2880 1701 2912 est
1710 2900 1720 2914 ‚
1742 2890 1781 2911 an
1793 2881 1892 2912 valeat
1912 2879 2119 2914 consuetudo,
2142 2880 2185 2911 se-

1202 2923 1340 2956 cundum
1349 2933 1443 2964 quam
1453 2925 1548 2955 iidem
1565 2925 1781 2965 percipiuntin
1802 2923 1938 2957 absentia
1953 2923 2182 2955 distributiones

1202 2969 1403 3009 quotidianas
1416 2988 1431 3000 .,

1247 3011 1284 3042 In
1300 3012 1402 3050 primo
1417 3008 1489 3042 casu
1505 3008 1665 3041 Dotiores.
1680 3010 1891 3040 communiter
1912 3017 2036 3044 tenent,
2058 3010 2093 3040 de
2115 3008 2180 3048 jure

1202 3053 1338 3088 validam
1359 3054 1414 3087 esse
1428 3052 1604 3093 hujusmodi
1624 3051 1879 3094 consuetudinem
1889 3073 1898 3086 ,
1919 3054 1993 3093 quia
2007 3054 2044 3083 de
2061 3051 2117 3082 hoc
2140 3051 2180 3082 cst

1202 3105 1304 3127 textus
1312 3096 1411 3127 clarus
1421 3095 1489 3130 hic,
1509 3097 1541 3126 &
1553 3104 1659 3129 tenent
1667 3094 1748 3136 gloss.
1759 3096 1956 3136 pi·aeallegatae
1964 3095 2030 3136 sup.
2039 3104 2118 3126 num.
2132 3103 2143 3124 i
2154 3103 2178 3124 1.

1202 3139 1310 3170 lnnoc-
1321 3138 1461 3177 Hostien.
1476 3138 1520 3179 Jo.
1532 3138 1671 3169 Andr.&
1687 3147 1798 3170 omnes
1814 3137 1863 3170 hic
1881 3138 1957 3169 Abb.
1969 3137 2031 3177 post
2051 3136 2127 3167 alios
2146 3138 2181 3169 in

1201 3180 1232 3212 d.
1241 3189 1304 3221 cap.
1316 3180 1518 3221 Extirpanclae
1531 3201 1540 3215 ,
1560 3183 1585 3218 §.
1593 3180 1659 3225 Qi
1669 3181 1740 3213 vero
1747 3192 1826 3214 num.
1838 3191 1886 3222 31·
1902 3180 1976 3221 verſs
1984 3178 2183 3225 Qodsectm-

1201 3223 1270 3256 dum
1283 3247 1289 3254 .
1312 3223 1442 3256 Limitat
1459 3222 1560 3264 primo
1580 3223 1660 3261 hanc
1678 3224 1909 3256 conclusionem
1929 3223 2130 3254 Innocentius
2150 3225 2181 3253 in

1199 3279 1223 3299 c.
1234 3269 1301 3306 Ego
1311 3277 1363 3299 tuae
1371 3266 1408 3298 de
1416 3266 1708 3310 clermonrestaent.
1717 3276 1751 3300 ut
1759 3277 1824 3299 non
1833 3266 1975 3307 procedat
1985 3285 1994 3299 ,
2004 3264 2024 3296 si
2035 3263 2178 3301 Clericus

1200 3320 1328 3351 vagetur
1337 3331 1347 3345 ,
1356 3312 1429 3350 quia
1436 3319 1510 3345 tunc
1520 3310 1615 3351 potest
1624 3312 1662 3342 ad
1673 3310 1868 3342 residentiam
1878 3309 2019 3339 revocari
2027 3328 2037 3343 ‚
2059 3308 2177 3340 etiamsi

1200 3354 1385 3390 'ueneficium
1397 3352 1585 3393 personalem
1603 3352 1800 3385 residentiam
1811 3360 1875 3382 non
1890 3350 2045 3392 requirat,
2067 3354 2102 3384 &
2119 3354 2180 3391 pti-

1198 3398 1283 3431 vari,
1305 3395 1326 3427 si
1335 3398 1472 3436 monitus
1482 3407 1546 3428 non
1555 3398 1679 3435 redierit
1688 3415 1697 3429 ‚
1718 3396 1792 3435 quia
1809 3393 1823 3424 s
1821 3392 1917 3435 ufficit
1927 3393 2077 3426 delidtum
2086 3404 2178 3434 vaga-

1198 3439 1295 3472 tionis
1304 3441 1342 3471 ad
1352 3441 1561 3480 privationem
1570 3460 1579 3476 ‚
1590 3439 1730 3479 cap.Non
1740 3445 1854 3478 oportet
1864 3438 1894 3468 E
1891 3438 2042 3480 pastopum
2052 3457 2062 3472 ,
2073 3435 2179 3520 ἴση.

2093 3488 2134 3516 eq.

2205 138 2224 164 9

2210 222 2247 244 10

2211 481 2244 502 11

2214 1127 2248 1157 13

2217 1516 2252 1545 14

2217 1728 2251 1758 15

2214 2712 2249 2740 18

2211 3233 2246 3260 19
