2397 3664
647 0 735 53 De
754 0 963 67 Tregua
981 0 1040 54 ὃς
1058 0 1193 54 Pace
1210 31 1225 60 ,
1264 13 1312 53 c.
1324 0 1584 67 Treguas.

297 128 927 169 s·UMM2ARJUM.

165 226 178 249 ι
199 221 264 294 Τ
275 221 373 260 Reguae
382 222 538 253 Canonieae
546 218 648 260 quibus
658 218 778 258 diebus,
797 219 836 255 ά
854 231 928 260 quas
946 218 980 253 ob
998 218 1104 261 causas

277 261 503 306 sintservandae
513 287 521 295 .

159 317 176 337 2
200 306 327 346 Treguae
344 307 584 338 conventionales
593 317 668 338 omn.
678 316 808 348 tempore
810 307 936 348 servari
945 306 1048 340 debent
1057 330 1064 337 .

157 358 173 391 3
196 350 276 381 Dies
283 352 316 380 in
326 348 440 381 aclibus
450 371 460 385 ‚
481 352 531 388 qui
542 349 688 381 commode
696 350 834 382 nasturtio
844 359 973 392 tempore
989 361 1108 381 exerce-

241 395 272 423 ri
288 404 344 423 non
364 390 475 433 possunt
484 415 494 428 ,
522 403 578 424 non
597 393 779 425 naturaliter
788 415 798 430 .
823 392 881 435 sod
899 392 1108 436 artificialiter

236 434 311 474 sunt
320 434 514 475 computandi
526 458 534 467 .

157 488 178 517 4
198 479 278 509 Dies
296 478 453 518 quotuplex
456 477 502 521 fit
513 502 520 509 .

156 528 172 560 5
196 522 304 553 Laicis
312 518 405 561 potest
415 521 554 563 Ecclesia
566 521 634 553 indi
637 533 702 554 cere
704 522 805 564 serias
815 524 847 554 in
867 523 936 554 αὕη
946 546 956 558 ,
975 534 1014 555 ex
1025 520 1104 558 cuius

238 565 388 650 esa-ercino
397 566 535 603 arguitur
552 563 682 604 quadam
692 567 777 609 quasi
785 568 985 598 irreverentia
1005 562 1108 604 Altis-

257 608 314 639 imi
323 629 330 636 .

157 653 176 680 6
198 650 489 682 Excommunicatus
506 652 539 681 in
558 661 617 682 una
634 650 726 683 di'arce
741 665 751 684 ι
763 651 865 687 haberi
884 650 968 684 debet
987 660 1038 692 pro
1056 661 1107 682 ex—

240 694 457 724 communicato
467 695 498 724 in
510 694 658 734 Universo
669 697 715 726 Or
735 706 750 726 e
761 719 769 726 .

157 745 177 774 7
198 737 482 820 E.}comm1‹711'catio
486 735 620 777 sequitur
639 737 791 780 personam
799 761 808 775 ,
823 739 902 780 ficut
918 739 1003 779 lepra
1013 738 1108 778 lepro-

256 789 304 811 ΗΜ
314 803 322 812 v

159 824 178 853 8
199 824 419 855 Executionem
432 845 443 860 ,
465 822 504 855 (ff
520 823 751 865 publicationem
765 824 918 866 sententia
931 824 990 865 sua
1000 825 1026 867 J
1028 824 1106 854 udex

243 868 329 897 unius
341 868 489 899 territorii
498 866 590 909 potest
596 871 779 900 committere
778 869 806 911 J
807 868 887 900 udici
905 869 1032 900 alterius
1049 875 1108 898 ter-

242 920 270 941 ri
275 918 346 941 torn
357 933 364 941 .

158 963 178 990 9
197 950 297 985 Verba
320 975 330 989 ,
361 953 405 984 sui
422 953 544 985 ordinis
562 954 703 995 periculo
722 955 897 996 subjaceat,
916 953 987 992 quid
1001 955 1107 994 impor.

240 1004 304 1027 tent
313 1019 322 1026 .

138 1048 176 1072 10
196 1041 223 1072 F
224 1039 359 1071 uniculus
369 1039 487 1079 triplex
507 1037 633 1081 difficile
643 1042 794 1082 rumpitur
805 1064 813 1072 .

139 1092 152 1114 ι
162 1092 173 1114 1
198 1082 322 1122 Tregua
337 1081 377 1124 est
380 1080 534 1122 securitas
543 1082 673 1124 prestita
683 1082 767 1116 rebus
776 1105 787 1120 ,
808 1081 845 1116 ό*
855 1082 988 1125 personis
998 1083 1106 1124 discor-

244 1123 299 1157 dia
311 1125 440 1156 nondum
444 1123 541 1165 finita
552 1149 560 1157 .

136 1179 149 1201 1
157 1180 173 1200 z
195 1167 360 1243 Discjrdiae
371 1165 494 1200 verbum
504 1168 722 1211 comprehendit
738 1172 834 1202 etiam
851 1170 1038 1210 privatorum
1048 1168 1106 1210 dis-

254 1224 264 1245 ι
289 1222 343 1244 ta.

137 1265 150 1288 ι
158 1265 175 1297 3
196 1212 317 1288 Be‘lslum
326 1276 337 1291 ,
356 1252 394 1287 ὠ
404 1263 507 1294 tregua
518 1255 602 1296 largi·
611 1255 673 1289 dici
683 1253 797 1297 poffiant
806 1257 901 1288 etiam
909 1257 989 1288 inter
998 1258 1106 1297 priva-

239 1307 284 1329 tos
295 1320 304 1329 .

135 1351 177 1382 14
195 1342 318 1380 Treguae
328 1363 338 1378 ‚
359 1339 529 1374 &inducia
538 1344 571 1374 in
581 1351 633 1380 quo
647 1339 810 1384 differant.

134 1392 170 1424 15
192 1387 266 1418 Pax
287 1382 328 1424 est
340 1382 419 1426 finis
436 1383 587 1425 discordie
600 1409 608 1416 .

136 1432 173 1461 16
195 1429 264 1461 Lex
278 1425 492 1470 Ecclesiastica
501 1438 675 1469 preceptum
686 1450 696 1464 ‚
716 1429 769 1460 vel
776 1426 1004 1468 prohibitionem
1013 1432 1106 1461 conti-

238 1481 331 1507 nens,
349 1480 392 1502 an
409 1467 517 1510 obliget
534 1470 756 1512 transgressores
771 1470 814 1502 ad
831 1472 967 1512 culpam,
987 1473 1106 1514 velpoe-

246 1523 319 1546 nam
343 1526 354 1545 ι
365 1512 433 1554 cast«
440 1523 558 1554 recepta
567 1512 736 1556 nonfuerit,
747 1513 785 1547 (ῥ’
794 1513 1045 1555 nuseqqusquein
1046 1515 1104 1558 fin.

140 1566 177 1596 17
195 1555 377 1598 Constitutio
404 1555 440 1587 de
459 1566 561 1596 tregua
578 1555 734 1599 servanda
762 1556 847 1589 hodie
864 1569 920 1589 non
937 1567 1036 1594 tenet,
1054 1570 1107 1592 nec

240 1600 381 1641 Episcopi
402 1598 554 1640 censentur
579 1601 665 1632 illius
683 1599 907 1642 transgressores
925 1623 936 1638 ‚
957 1603 1026 1640 quia
1045 1613 1103 1634 non

233 1642 299 1686 fuit
317 1640 446 1674 moribus
456 1645 601 1675 utentium
618 1642 803 1684 approbata.

195 1687 392 1720 Contrarium
402 1707 412 1722 ,
431 1696 511 1717 nuno.
523 1697 572 1718 22.

197 1730 387 1762 Declaratur
400 1750 410 1765 ‚
429 1739 507 1760 num.
518 1738 570 1766 71.

133 1777 169 1807 18
191 1775 283 1812 Leges
293 1771 487 1811 instituuntur
504 1782 570 1803 cum
587 1772 807 1813 promulgantur
825 1794 835 1809 ,
852 1771 1023 1814 firmantur
1040 1784 1105 1807 cum

240 1813 370 1846 moribus
379 1816 525 1846 utentium
535 1815 738 1856 approbantur
748 1838 756 1846 .

198 1858 388 1892 Declaratur
397 1879 407 1894 ‚
428 1868 776 1899 num.25.27.32.39.49.
789 1857 826 1891 Εὐ*
837 1863 886 1897 56.

136 1913 174 1939 ¹9
193 1904 263 1936 Lex
273 1900 315 1931 ad
319 1898 371 1940 sui
389 1899 542 1940 essentiam
560 1903 624 1932 tria
642 1904 789 1939 requirit,
809 1910 842 1933 ut
858 1901 1055 1942 instituatur,
1073 1912 1106 1935 ut

238 1943 436 1985 promulgetur
447 1965 457 1979 ‚
477 1952 509 1974 ut
517 1943 645 1976 moribus
655 1947 800 1976 utentium
806 1944 983 1986 approbetur
992 1969 1000 1977 .

196 1989 392 2020 Contrarium
402 2008 412 2022 ,
430 1996 509 2017 num.
520 1989 572 2025 48.
584 1984 622 2019 (θ’
634 1996 684 2027 57.

132 2043 173 2067 >0
194 2030 389 2064 Lexmllam
403 2031 466 2061 vim
477 2027 582 2066 habet,
603 2038 635 2061 ut
644 2032 688 2061 eis
696 2039 841 2071 parcatur
850 2053 860 2067 ,
880 2031 941 2074 nist
957 2043 997 2063 ex
1008 2042 1086 2064 more
1095 2055 1103 2064 .

195 2075 288 2112 Leges
298 2072 395 2104 multe
405 2069 535 2104 moribus
544 2075 656 2105 Patria
665 2084 721 2105 non
729 2076 908 2106 conveniunt
916 2096 925 2110 ,
946 2073 1020 2106 ibid.

134 2129 151 2151 2
160 2127 172 2150 1
197 2119 266 2150 Lex
277 2113 315 2148 ab
323 2116 412 2147 initio
421 2115 554 2154 censetur
563 2117 630 2148 lata
639 2116 660 2147 a
669 2118 810 2157 Principe
811 2114 868 2157 fitb
876 2116 1043 2149 conditione
1050 2140 1060 2155 ‚
1075 2118 1108 2162 st

240 2157 371 2191 moribus
378 2161 523 2190 utentium
532 2161 697 2201 recipiatur
706 2181 716 2196 ,
736 2158 774 2191 Θ
783 2170 916 2200 num.47.

197 2204 395 2235 Contrarium
404 2224 416 2238 ,
433 2212 512 2233 num.
521 2205 573 2242 48.

131 2258 172 2278 22
196 2248 266 2280 Lex
275 2247 409 2286 precepti
419 2244 616 2286 neceffitatem
627 2247 773 2286 imponit,
791 2244 830 2278 (θ’
846 2248 1106 2278 contravenientes

238 2289 409 2320 mortaliter
418 2297 541 2328 peccant
551 2311 560 2325 ,
583 2286 620 2320 ὠ·
628 2299 705 2319 num.
720 2298 769 2329 34.

130 2343 172 2375 23
195 2330 366 2372 Desuetudo
376 2330 486 2363 habens
494 2333 672 2371 principium
683 2330 825 2371 vitiofiam
832 2343 888 2364 non
903 2332 1027 2374 excuſsat
1037 2356 1045 2364 .

197 2376 403 2411 Declaratur,
422 2384 500 2406 num.
514 2384 563 2408 29.
575 2373 612 2406 ό
623 2384 675 2414 41.

131 2428 176 2457 24
194 2418 331 2457 Tempus
341 2428 397 2448 non
404 2415 444 2457 est
455 2415 556 2448 modus
563 2415 694 2449 tollenda
705 2415 898 2456 obligationis
908 2441 916 2449 .

197 2460 387 2492 Declaratur
397 2480 408 2495 ‚
427 2469 506 2490 num.
520 2469 569 2499 30.

133 2511 172 2543 25
192 2502 368 2536 Intellectus
378 2523 388 2537 ,
411 2502 438 2538 §.
449 2500 547 2542 Leges
557 2502 731 2541 4.distin6t.
751 2501 789 2535 ὠ·
800 2514 887 2544 >num.
909 2513 960 2543 27.
983 2515 1031 2545 32.
1057 2515 1105 2546 39.

149 2625 156 2632 ἱ
198 2591 283 2622 Inter
303 2588 395 2626 Leges
415 2588 614 2628 precipientes
622 2608 631 2623 ,
652 2586 689 2619 Φ
698 2589 776 2626 leges
805 2590 969 2630 impliciter
972 2588 1107 2630 statum.-

244 2640 290 2663 tes
298 2629 383 2662 debet
391 2629 452 2670 esse
462 2627 635 2672 differentia
645 2651 656 2665 ‚
675 2628 749 2662 ibid.
806 2642 903 2673 num.3
910 2642 937 2674 5.
946 2630 984 2664 ὠ·
993 2644 1045 2674 44.

134 2679 176 2708 26
196 2676 294 2713 Magi
290 2671 420 2714 strorum
430 2674 602 2705 authoritas
610 2681 713 2704 contra
722 2674 800 2713 leges
806 2685 863 2706 non
880 2674 1005 2714 excusat
1015 2699 1023 2707 .

134 2727 177 2757 27
199 2719 268 2750 Lex
277 2727 333 2748 non
344 2716 463 2748 tollitur
474 2718 627 2748 contraria
638 2715 843 2756 confiaetudine
854 2718 887 2760 st
904 2719 1034 2759 infligat
1048 2728 1108 2760 1²oe-

242 2769 315 2792 nam
325 2761 337 2791 i
339 2758 390 2800 pso
398 2759 461 2798 iure
471 2783 479 2790 .
500 2758 625 2801 Secussi
633 2759 755 2791 mandet
762 2758 868 2801 infligi
879 2783 887 2791 .

199 2804 414 2839 Contrarium,
433 2813 511 2834 num.
523 2811 575 2840 72.

136 2849 177 2879 28
196 2848 267 2880 Lex
276 2846 346 2878 lata
351 2843 440 2886 super
448 2857 479 2876 eo
489 2867 498 2881 ‚
507 2845 589 2883 cujus
597 2847 804 2877 contraventio
814 2844 892 2886 exse
899 2854 1023 2884 generat
1031 2857 1108 2878 mor-

244 2889 324 2925 tale,
343 2899 400 2920 non
408 2888 527 2920 tollitur
537 2886 725 2927 desuetudine
734 2889 856 2930 etiamst
863 2890 883 2920 a'
893 2891 1043 2929 principio
1051 2901 1108 2921 non

248 2933 413 2972 recipiatur
422 2953 432 2968 ‚
452 2931 489 2963 ὠ
498 2941 577 2962 num.
588 2941 640 2970 42.

123 2985 179 3020 .²9
197 2976 288 3014 Legis
297 2975 392 3016 primi
401 2972 651 3014 transgressores,
671 2975 811 3011 quamvis
827 2977 1040 3014 peccaverint,
1060 2983 1108 3007 ta—

245 3027 311 3048 men
314 3017 469 3058 sequentes
479 3028 534 3049 non
543 3026 740 3058 peccaverunt
748 3039 759 3053 ‚
780 3015 817 3049 &⁸
826 3027 906 3049 num.
917 3027 968 3057 41.
979 3020 1108 3050 Contra-

243 3062 323 3091 rium
341 3071 448 3092 anum.
463 3069 514 3100 47.

135 3113 153 3144 3
160 3112 173 3135 ι
198 3103 268 3134 Lex
276 3111 393 3143 recepta
403 3101 443 3135 ab
451 3105 541 3135 initio
549 3114 604 3135 non
612 3103 729 3135 tollitur
738 3101 942 3143 consuetudine
950 3125 960 3139 ‚
970 3103 1030 3146 nist
1039 3114 1108 3141 qua-

244 3143 389 3183 draginta
406 3157 548 3178 annorum
567 3169 576 3178 .
603 3149 628 3178 S
630 3157 694 3178 ocus
704 3146 737 3188 st
752 3157 809 3177 non
819 3147 864 3189 sit
881 3154 997 3186 recepta
1007 3168 1017 3182 ‚
1037 3148 1107 3184 quia

239 3186 355 3228 sufficit
365 3186 536 3221 decennium
547 3191 640 3221 etiam
652 3191 796 3229 Principe
805 3191 960 3228 ignorante
970 3211 979 3220 .

200 3232 395 3262 Contrarium
405 3253 415 3267 ‚
435 3242 513 3264 num.
522 3243 573 3272 40.
584 3231 620 3264 ὠ·
629 3242 708 3264 num.
719 3236 769 3270 67.

132 3283 176 3317 32
198 3275 295 3305 Error
305 3276 464 3306 communis
482 3275 606 3316 excusat
625 3275 702 3307 Prael
703 3283 769 3306 atos
777 3286 833 3306 non
844 3274 1006 3315 servantes
1014 3274 1106 3313 legem

245 3314 294 3356 usu
303 3327 358 3347 non
367 3325 516 3357 receptam
524 3319 544 3349 a'
552 3317 791 3359 tranſsgreffione‚
813 3318 850 3350 Θ
861 3319 881 3349 a'
901 3327 987 3358 poena
998 3340 1006 3349 .

203 3361 397 3391 Contrarium
406 3358 425 3390 a'
443 3370 521 3392 num.
532 3371 584 3400 47.

138 3412 178 3446 33
201 3403 298 3435 Praela
303 3404 329 3433 ti
347 3404 453 3440 exequi
467 3402 586 3443 possunt
603 3402 850 3444 constitutionem
859 3425 870 3441 ‚
888 3403 913 3436 li
915 3402 961 3436 cet
978 3402 1109 3436 moribus

201 3445 307 3487 Prosp.
318 3448 457 3487 Fagnan.
468 3447 500 3477 in
511 3448 537 3478 I.
549 3444 619 3481 Lib.
629 3447 788 3480 Decretal.

1984 19 2016 53 6
2021 25 2042 53 2
2049 26 2081 65 9

1271 91 1416 121 utentium
1429 89 1594 130 approbata
1603 99 1659 121 non
1664 88 1760 132 fiterit
1770 113 1777 121 .

1169 141 1210 174 34
1228 133 1353 166 Praelati
1360 144 1415 164 non
1418 130 1581 172 servantes
1590 133 1683 173 legem
1694 132 1743 173 ufic
1750 144 1807 165 non
1825 142 1972 176 receptam
1988 135 2135 178 eveusan-

1270 184 1320 252 gr
1338 174 1462 250 Z'poelna
1482 198 1493 213 ‚
1513 175 1569 217 sed
1587 187 1642 208 non
1660 176 1680 208 a'
1693 177 1778 219 culpa
1791 176 1955 218 secundum
1974 181 2138 224 opinionem

1300 230 1338 250 ar
1359 230 1411 250 ma
1426 231 1454 250 ts
1463 242 1471 250 ο

1168 268 1203 303 35
1228 263 1297 295 Lex
1307 264 1505 303 permittens,
1524 263 1575 294 vel
1584 265 1726 304 puniens,
1744 272 1798 296 aut
1808 263 1963 306 disponens
1981 264 2074 308 potest
2081 275 2135 308 per
2153 247 2157 252 ⁵

1270 304 1487 346 desuetudinem
1500 307 1586 337 tolli.

1166 351 1204 388 36
1226 350 1294 380 Les:
1303 350 1390 389 praeci
1410 350 1474 379 iens
1483 370 1493 384 ,
1503 358 1556 379 aut
1564 358 1672 380 vetans
1681 348 1770 390 potest
1780 349 1969 391 desuetudine
1978 350 2135 391 abrogari,

1269 389 1292 433 fi
1303 392 1370 422 lata
1378 357 1471 432 fierit
1480 391 1523 422 ad
1531 391 1709 423 commodum
1719 394 1875 434 privatum
1886 417 1895 425 .

1166 443 1205 476 37
1225 436 1268 466 Et
1280 433 1351 473 quid
1354 432 1485 476 sifuerit
1494 435 1561 466 lata
1572 438 1604 466 in
1623 434 1760 468 honorem
1779 438 1860 473 Dei,
1881 437 1933 469 vel
1953 435 1995 469 ad
2011 448 2133 470 commo-

1269 476 1339 509 dum
1359 474 1506 518 publicum
1520 500 1527 508 .

1166 522 1202 560 38
1225 522 1292 552 Lex
1302 522 1437 561 precepti
1443 531 1481 552 va
1491 532 1546 551 non
1556 521 1634 559 ligat
1638 521 1670 564 si
1675 531 1832 561 numquam
1839 522 1901 564 fuit
1910 532 2027 565 recepta
2045 526 2079 556 in
2087 523 2133 556 ob-

1263 563 1426 605 servantia
1432 561 1547 603 sciente
1557 564 1762 603 Legislatore,
1782 565 1819 598 (5⁶
1837 566 1960 598 valente
1977 566 2132 599 contradi—

1269 617 1332 638 cere
1342 628 1351 642 ,
1372 605 1408 638 (θ’
1416 617 1471 636 non
1483 606 1702 639 contradicente
1715 631 1722 638 .
1861 624 1865 629 ·

1166 659 1202 690 39
1223 650 1291 682 Nec
1300 651 1462 687 requiritur
1479 658 1594 690 tempus
1603 650 1648 681 ad
1662 649 1900 691 praefiribendum
1913 675 1922 689 ‚
1945 652 2000 694 sed
2012 654 2131 694 sufficit

1257 691 1354 733 'binus
1364 715 1373 728 ‚
1393 693 1443 724 vel
1451 694 1548 723 trinus
1558 693 1642 725 altus
1653 717 1660 724 .

1227 737 1420 768 Contrarium
1432 757 1442 773 ,
1462 746 1540 766 num.
1549 735 1732 776 66.&scqq.

1162 790 1203 820 40
1223 781 1292 812 Lex
1302 778 1351 819 usu
1362 790 1417 810 non
1426 788 1545 820 recepta
1556 780 1631 811 Prin
1636 782 1701 821 cipe
1710 783 1865 825 ignorante
1874 792 1928 813 non
1938 783 2054 814 tollitur
2063 793 2126 814 con-

1262 821 1438 864 suetudine,
1461 825 1492 853 ni
1508 835 1519 853 i
1544 823 1602 854 illa
1616 824 1660 865 fit
1678 821 1892 861 rationabilis,
1921 823 1957 857 ὠ·
1985 836 2128 858 annorum

1268 866 1490 904 quadraginta,
1509 875 1586 896 num.
1598 871 1648 904 67.

1162 919 1200 950 41
1223 912 1331 948 Legem
1339 920 1394 939 non
1412 910 1586 948 recipientes
1602 908 1641 940 ab
1661 911 1750 941 initio
1768 921 1809 941 ex
1824 911 1930 948 aliqua
1949 910 2128 943 rationabili

1267 950 1356 992 causa
1370 954 1454 992 Papa
1459 950 1573 991 sciente
1582 974 1592 988 ,
1613 951 1650 984 (9¹
1665 954 1813 984 tolerante
1821 965 1878 984 non
1887 963 2007 994 peccant
2017 977 2025 984 .

1163 1006 1203 1036 42
1225 998 1293 1028 Lex
1304 996 1452 1027 continens
1462 995 1507 1032 jus
1517 995 1693 1032 Naturale,
1715 997 1765 1028 vel
1781 998 1954 1032 Divinum,
1974 1006 2029 1028 aut
2040 997 2128 1028 illius

1267 1038 1515 1073 declarationem,
1535 1039 1617 1070 nulla
1626 1049 1752 1076 unquam
1771 1039 1973 1080 consuetudine
1990 1040 2059 1071 tolli
2078 1050 2128 1080 po-

1268 1079 1322 1122 test
1331 1103 1341 1117 ‚
1360 1081 1433 1113 licet
1442 1080 1479 1112 ab
1489 1082 1578 1112 initio
1588 1093 1642 1112 non
1648 1082 1744 1123 fuerit
1752 1092 1869 1123 recepta
1881 1106 1889 1114 .

1160 1135 1200 1167 43
1222 1128 1312 1158 Secus
1325 1124 1357 1166 fi
1376 1122 1495 1161 aliquid
1510 1123 1612 1155 addat
1629 1125 1688 1163 juri
1708 1125 1865 1156 Naturali
1886 1148 1896 1162 ‚
1921 1126 1968 1156 vel
1988 1127 2129 1162 Divino,

1267 1170 1337 1206 quia
1347 1165 1478 1209 respectu
1496 1165 1666 1199 additionis
1681 1166 1717 1200 de
1726 1169 1785 1200 illa
1802 1168 1954 1208 iudicatur
1973 1177 2130 1206 tamquam

1266 1210 1303 1242 de
1322 1211 1383 1249 lege
1390 1210 1522 1252 pofitiva
1532 1233 1540 1240 .

1159 1263 1198 1295 45
1221 1256 1288 1286 Lex
1298 1253 1415 1297 confilii
1425 1253 1544 1284 tollitur
1552 1251 1725 1294 indistinc‘be
1734 1262 1786 1294 per
1796 1252 2014 1295 desuetudinem
2025 1278 2032 1285 .

1158 1301 1200 1337 46
1224 1299 1292 1329 Lex
1304 1293 1515 1338 Ecclestastica
1524 1293 1584 1336 post
1593 1297 1825 1337 promulgatione
1833 1320 1843 1333 ‚
1863 1309 1904 1329 an
1908 1298 2017 1338 statim
2029 1298 2101 1337 liget
2110 1295 2130 1328 a*

1267 1341 1413 1382 principio
1422 1348 1583 1377 antequam
1601 1342 1766 1381 recipiatur
1783 1340 1803 1372 a'
1814 1338 1966 1380 fhbditis‚
1995 1340 2033 1372 Θ
2050 1352 2130 1376 num.

1261 1382 1342 1424 seqq.
1354 1381 1439 1422 usque
1449 1380 1489 1413 ad
1500 1391 1577 1412 num.
1592 1389 1641 1421 59.

1160 1437 1201 1468 47
1223 1424 1364 1460 conditio
1374 1423 1452 1456 nihil
1462 1426 1544 1465 ponit
1553 1427 1585 1456 in
1595 1424 1655 1465 osse
1664 1446 1673 1462 ‚
1694 1425 1865 1468 etiamfistt
1875 1428 1973 1458 tacita
1982 1448 1992 1463 ‚
2013 1426 2049 1458 (5
2058 1425 2077 1458 a'
2087 1425 2130 1464 ju-

1266 1480 1298 1500 re
1311 1466 1522 1509 fiibintellet‘la
1533 1490 1541 1498 .

1158 1516 1200 1554 48
1220 1514 1311 1552 Legis
1339 1522 1395 1543 non
1420 1512 1548 1550 receptio
1571 1509 1744 1552 indistinile
1778 1509 1859 1543 nihil
1877 1520 2016 1552 operatur
2035 1534 2045 1548 ,
2071 1511 2130 1553 nisi

1269 1553 1408 1595 transeat
1429 1555 1462 1585 in
1480 1552 1714 1594 confitetudinem
1731 1556 1751 1585 a'
1770 1555 1958 1593 Legislatore
1976 1566 2031 1587 non
2050 1557 2132 1594 igno-

1266 1607 1370 1630 ratam
1380 1620 1388 1628 .

1158 1652 1200 1683 49
1221 1644 1288 1674 Lex
1308 1642 1417 1681 recipit
1444 1651 1483 1671 ex
1502 1639 1630 1672 moribus
1641 1639 1827 1683 firmitatem
1848 1638 2056 1682 stabilitatis,
2075 1651 2132 1673 non

1262 1683 1447 1726 firmitatem
1467 1682 1664 1715 authoritatis
1675 1707 1682 1715 .

1160 1738 1199 1768 50
1218 1728 1419 1767 Legislatoris
1429 1725 1573 1767 potestas,
1595 1726 1632 1758 Ψ
1649 1726 1792 1758 voluntas
1800 1728 1990 1764 requiruntur
1999 1724 2042 1758 ad
2061 1725 2112 1759 hoc
2121 1749 2132 1764 ‚

1267 1780 1300 1802 ut
1310 1768 1427 1810 subditi
1439 1769 1603 1807 obligentur
1612 1768 1653 1800 ad
1661 1768 1878 1812 acceptandam
1884 1771 1976 1809 legem
1987 1793 1995 1801 .

1162 1824 1177 1855 5
1184 1825 1196 1847 1
1220 1814 1394 1853 Legislator
1398 1810 1552 1854 supremus
1562 1811 1735 1854 potestatem
1746 1811 1834 1845 habet
1841 1813 1934 1852 legem
1937 1811 2058 1856 ferendi
2066 1811 2132 1852 abs-

1267 1866 1319 1894 que
1328 1854 1515 1896 subditorum
1532 1854 1664 1895 consensu
1675 1878 1682 1886 .

1160 1909 1195 1941 52
1219 1903 1307 1940 Papa
1325 1897 1502 1930 immediate
1511 1899 1531 1929 a*
1541 1897 1659 1940 Christo
1667 1896 1841 1940 potestatem
1859 1898 1948 1932 habet
1951 1897 2074 1941 ferendi
2091 1899 2132 1931 le-

1265 1954 1316 1982 ges
1327 1941 1465 1973 habentes
1476 1943 1543 1972 vim
1551 1939 1704 1981 obligandi
1716 1942 1887 1985 Ecclefiam
1905 1940 1947 1974 ad
1963 1943 2038 1974 illas
2053 1952 2132 1974 acce-

1267 1983 1398 2026 ptandas
1408 2006 1418 2021 ,
1437 1982 1474 2016 (ῥ’
1484 1982 1690 2024 observandas
1703 2007 1711 2016 .

1160 2037 1198 2071 53
1221 2030 1365 2062 Voluntas
1385 2026 1585 2066 Legislatoris
1595 2025 1748 2067 obligandi
1758 2026 1894 2068 subditos
1912 2026 1953 2060 ad
1972 2036 2130 2069 acceptan-

1265 2072 1337 2104 dam
1348 2069 1440 2109 legem
1449 2070 1591 2111 precipue
1601 2082 1639 2102 ex
1651 2069 1752 2103 verbis
1769 2069 1984 2109 conjecturatur
1995 2095 2002 2102 .

1162 2123 1203 2156 54
1222 2118 1316 2148 Poena
1325 2115 1489 2154 imponitur
1497 2114 1592 2152 legem
1612 2112 1919 2153 transgredientibus,
1939 2125 1975 2146 ne
1983 2113 2019 2146 de
2037 2121 2132 2146 contu-

1266 2159 1367 2190 macia
1375 2158 1503 2188 valeant
1517 2157 1647 2195 gloriari
1659 2179 1667 2187 .

1161 2209 1199 2242 55
1223 2202 1315 2240 Legis
1325 2201 1493 2240 acceptatio
1501 2197 1542 2240 est
1552 2197 1685 2241 effeetus,
1705 2201 1755 2237 qui
1768 2198 1954 2240 subsequitur
1973 2197 2072 2241 ipsam
2091 2199 2132 2231 le-

1263 2253 1330 2283 gem
1340 2265 1350 2279 ,
1370 2242 1490 2280 ideoque
1500 2239 1672 2283 impossibile
1682 2242 1722 2282 est
1731 2264 1741 2279 ‚
1761 2252 1793 2273 ut
1803 2251 1958 2274 concurrat
1966 2243 2009 2274 ad
2018 2241 2077 2282 esse
2089 2242 2131 2273 le-

1265 2289 1331 2325 gis,
1351 2286 1400 2317 vel
1410 2287 1450 2316 ad
1460 2284 1678 2326 producendam
1687 2286 1762 2323 legis
1780 2283 1988 2323 obligationem
1998 2309 2006 2317 .

1122 2355 1125 2358 ,
1162 2334 1200 2371 56
1222 2329 1357 2370 §.Leges
1367 2327 1764 2369 4.dist.nonestAugustini
1782 2350 1792 2364 ,
1813 2326 1868 2368 sed
1889 2329 2058 2363 Gratiani,
2080 2338 2131 2360 nec

1268 2370 1357 2404 habet
1366 2373 1500 2403 Canonis
1518 2370 1734 2402 authoritatem
1744 2393 1751 2401 .

1118 2412 1121 2413 ⁷
1163 2425 1202 2457 57
1221 2413 1393 2448 Publicatio
1402 2413 1442 2455 est
1452 2414 1573 2445 ultimus
1582 2413 1664 2445 attus
1675 2411 1832 2454 perficiens
1849 2413 1941 2452 legem
1952 2437 1959 2444 .

1160 2462 1202 2499 48
1225 2461 1355 2491 Orienta
1361 2459 1400 2489 lis
1410 2457 1547 2499 Ecclesia
1563 2467 1619 2488 non
1629 2456 1693 2488 ideo
1703 2454 1891 2496 excusatura
1911 2458 1971 2495 lege
1982 2459 2132 2488 continen-

1266 2504 1332 2537 tiae,
1353 2500 1425 2538 quod
1434 2500 1523 2531 illam
1531 2511 1587 2530 non
1599 2497 1783 2540 susceperit,
1795 2497 1853 2539 sod
1871 2502 1940 2536 quia
1960 2503 2049 2541 Papa
2067 2499 2130 2538 ejus

1262 2541 1501 2584 *consuetudinem
1510 2541 1691 2583 approbavit
1701 2565 1709 2572 .

1163 2597 1201 2629 59
1222 2589 1296 2620 Non
1306 2586 1370 2627 usus
1379 2587 1453 2625 legis
1461 2584 1556 2617 tribus
1562 2584 1658 2617 modis
1675 2583 1857 2627 considerari
1867 2585 1959 2626 potest
1972 2608 1981 2621 ,
2002 2586 2039 2618 ‹J‘
2049 2596 2128 2617 num„

1283 2639 1344 2667 eqq.

1162 2679 1203 2707 60
1222 2629 1290 2706 [ΛΞ-ζ
1300 2683 1354 2714 per
1362 2682 1418 2703 non
1427 2670 1512 2712 nsum
1523 2671 1602 2702 nullo
1611 2679 1738 2712 tempore
1746 2669 1907 2710 abrogatur
1918 2693 1927 2707 ,
1941 2671 1974 2714 ſs
1982 2681 2130 2709 nunquam

1263 2713 1376 2748 accidit
1389 2714 1482 2755 casus
1492 2737 1501 2751 ‚
1522 2717 1554 2745 in
1565 2724 1616 2752 quo
1625 2716 1753 2754 potuerit
1763 2713 1918 2754 observari
1929 2737 1936 2744 .

1160 2764 1177 2792 6
1184 2770 1196 2793 1
1218 2760 1359 2791 Servitus
1367 2767 1446 2795 aqua
1455 2755 1588 2789 ducenda
1598 2766 1744 2795 nunquam
1753 2755 1888 2797 perditur
1896 2765 2014 2798 periton
2024 2756 2106 2798 usum
2119 2779 2129 2793 ,

1262 2802 1294 2844 fi
1312 2799 1375 2840 fons
1384 2802 1500 2832 aruerit
1511 2825 1518 2831 .

1161 2850 1200 2878 62
1222 2846 1297 2877 Non
1314 2842 1380 2884 usus
1389 2844 1464 2882 legis
1474 2854 1530 2874 non
1539 2843 1631 2881 legem
1643 2840 1765 2881 abrogat
1775 2864 1784 2879 ,
1806 2843 1867 2885 nisi
1885 2843 2069 2883 implicitum
2080 2842 2132 2874 ha-

1268 2886 1337 2918 beat
1359 2889 1542 2919 contrarium
1562 2884 1642 2926 usum
1654 2909 1661 2916 .

1161 2936 1200 2973 63
1221 2927 1419 2971 Elel‘l-iofieri
1428 2927 1518 2970 potest
1528 2937 1580 2968 per
1590 2930 1677 2960 viam
1698 2928 1888 2969 compromiffi
1896 2950 1906 2964 ‚
1930 2930 2069 2967 quamvis
2091 2926 2129 2960 ab

1269 2969 1501 3004 immemorabili
1521 2980 1648 3011 tempore
1660 2971 1748 3013 faesia
1761 2970 1857 3014 fuerit
1870 2979 1922 3012 per
1943 2974 2030 3003 viam
2042 2970 2126 3011 scru-

1270 3025 1341 3047 timi
1353 3038 1360 3046 .

1161 3064 1204 3100 64
1223 3059 1340 3091 Elatia
1359 3058 1431 3089 licet
1432 3057 1550 3098 semper
1553 3056 1640 3098 fasta
1646 3054 1742 3098 suerit
1752 3067 1792 3088 ex
1801 3060 1912 3096 gremio
1922 3059 2006 3088 unius
2026 3056 2129 3087 Eccle-

1262 3102 1313 3144 sia
1323 3112 1335 3136 ,-
1355 3111 1411 3132 non
1430 3109 1532 3131 tamen
1550 3109 1601 3140 per
1619 3098 1669 3132 hoc
1689 3098 1821 3139 consetur
1837 3099 2035 3141 praescriptum
2046 3121 2055 3135 ‚
2076 3109 2128 3135 quo

1267 3145 1365 3175 minus
1376 3141 1399 3182 fi
1400 3145 1442 3173 eri
1449 3142 1532 3184 poffit
1542 3153 1582 3173 ex
1588 3144 1700 3181 gremio
1710 3143 1837 3174 alterius
1846 3166 1854 3174 .

1166 3191 1203 3227 65
1225 3187 1262 3219 A
1264 3181 1421 3227 ppellandi
1436 3183 1575 3226 facultas
1585 3183 1628 3216 ad
1639 3185 1858 3217 patriarcham
1867 3196 1922 3216 non
1930 3182 2062 3224 censetur
2075 3182 2126 3223 sre-

1266 3229 1352 3261 blata
1364 3251 1372 3264 ,
1392 3228 1463 3260 licet
1472 3236 1525 3268 per
1534 3228 1621 3260 mille
1638 3238 1731 3261 annos
1742 3229 1837 3271 fuerit
1850 3227 1968 3269 semper
1983 3227 2120 3267 appella-

1269 3281 1332 3303 tum
1351 3270 1392 3302 ad
1404 3274 1524 3311 Papam
1536 3294 1544 3302 .

1164 3319 1202 3348 66
1223 3316 1387 3353 Negativa
1416 3313 1577 3352 aliquando
1613 3313 1700 3346 habet
1728 3313 1911 3354 implicitum
1948 3313 2131 3344 contrarium

1270 3357 1386 3392 astum,
1406 3356 1443 3389 (ῥ’
1460 3368 1516 3388 non
1529 3356 1633 3399 facere
1648 3355 1689 3396 est
1697 3354 1817 3395 aliquid
1830 3355 1951 3396 facere.

1164 3406 1205 3440 67
1226 3402 1294 3434 Lex
1304 3400 1440 3443 Ecclesia
1437 3399 1518 3441 stica
1527 3411 1582 3432 non
1591 3407 1708 3440 recepta
1715 3398 1754 3432 ab
1763 3400 1854 3473 inlatio
1870 3409 1926 3429 non
1943 3398 2061 3429 tollitur
2080 3406 2131 3438 per

1818 3451 1849 3473 .1·
1893 3450 1909 3482 3
2035 3450 2090 3471 non

2210 2396 2221 2474 'm‘
